{"gold_per_floor":[14,14,32,49,68,68,79,110,133,158,184,184,184,216,216,295,295,313,338,352,352,43,43,56,56,56,84,84,97,113,113,113,185,185,197,215,53,67,67,93,93,93,93,127,144,160,175,206,206,206,206,206,206,13,39,39],"floor_reached":56,"playtime":3398,"items_purged":[],"score":1979,"play_id":"379e1e23-dde5-4645-be6b-07c16a926dd4","local_time":"20190329113205","is_ascension_mode":true,"campfire_choices":[{"data":"Inflame","floor":6,"key":"SMITH"},{"data":"Regret","floor":13,"key":"PURGE"},{"data":"Heavy Blade","floor":15,"key":"SMITH"},{"data":"Apotheosis","floor":23,"key":"SMITH"},{"data":"Writhe","floor":25,"key":"PURGE"},{"floor":32,"key":"REST"},{"floor":41,"key":"RECALL"},{"floor":49,"key":"REST"},{"floor":53,"key":"REST"}],"neow_cost":"NO_GOLD","seed_source_timestamp":951090539475000,"circlet_count":0,"master_deck":["AscendersBane","Strike_R","Strike_R","Defend_R","Defend_R","Defend_R","Defend_R","Bash","Battle Trance","Inflame+1","Heavy Blade+1","Shrug It Off","Clothesline","Shockwave","Intimidate","Spot Weakness","Double Tap","Sword Boomerang+1","Thunderclap","Apotheosis+1","Inflame","Blind","Shrug It Off","Heavy Blade","Immolate+1","Burning Pact","Sentinel","Limit Break","Headbutt+1","Iron Wave+1","Feel No Pain+1","Corruption+1","Dark Embrace+1","True Grit","Shrug It Off+1","Reckless Charge+1","Exhume","Jack Of All Trades","Purity","Dual Wield+1"],"relics":["Burning Blood","Peace Pipe","Paper Frog","Lantern","Strawberry","Vajra","The Courier","White Beast Statue","Red Mask","Bag of Preparation","Frozen Egg 2","Blood Vial","Molten Egg 2","Mark of Pain","Bottled Lightning","Bottled Flame","Gremlin Horn","Pen Nib","Centennial Puzzle"],"potions_floor_usage":[8,14,18,19,20,27,40,40,44,50,56,56],"damage_taken":[{"damage":6,"enemies":"2 Louse","floor":1,"turns":3},{"damage":1,"enemies":"Cultist","floor":3,"turns":3},{"damage":7,"enemies":"Small Slimes","floor":4,"turns":5},{"damage":2,"enemies":"3 Louse","floor":5,"turns":4},{"damage":11,"enemies":"Blue Slaver","floor":7,"turns":4},{"damage":12,"enemies":"Lagavulin","floor":8,"turns":5},{"damage":24,"enemies":"3 Sentries","floor":11,"turns":10},{"damage":7,"enemies":"Lagavulin","floor":14,"turns":5},{"damage":34,"enemies":"Slime Boss","floor":16,"turns":9},{"damage":18,"enemies":"Chosen","floor":18,"turns":4},{"damage":0,"enemies":"Masked Bandits","floor":19,"turns":2},{"damage":2,"enemies":"3 Byrds","floor":20,"turns":5},{"damage":14,"enemies":"Centurion and Healer","floor":24,"turns":5},{"damage":28,"enemies":"Slavers","floor":27,"turns":5},{"damage":10,"enemies":"Snake Plant","floor":29,"turns":3},{"damage":26,"enemies":"Shelled Parasite and Fungi","floor":30,"turns":4},{"damage":14,"enemies":"Champ","floor":33,"turns":8},{"damage":8,"enemies":"Orb Walker","floor":35,"turns":3},{"damage":0,"enemies":"3 Shapes","floor":36,"turns":2},{"damage":13,"enemies":"Writhing Mass","floor":38,"turns":5},{"damage":17,"enemies":"Giant Head","floor":40,"turns":6},{"damage":24,"enemies":"Reptomancer","floor":44,"turns":4},{"damage":0,"enemies":"3 Darklings","floor":45,"turns":3},{"damage":0,"enemies":"Sphere and 2 Shapes","floor":46,"turns":3},{"damage":22,"enemies":"Spire Growth","floor":47,"turns":3},{"damage":11,"enemies":"Nemesis","floor":48,"turns":7},{"damage":18,"enemies":"Donu and Deca","floor":50,"turns":6},{"damage":46,"enemies":"Time Eater","floor":51,"turns":5},{"damage":77,"enemies":"Shield and Spear","floor":55,"turns":5},{"damage":32,"enemies":"The Heart","floor":56,"turns":2}],"seed_played":"1347409673386657551","potions_obtained":[{"floor":1,"key":"Energy Potion"},{"floor":3,"key":"GamblersBrew"},{"floor":14,"key":"AttackPotion"},{"floor":16,"key":"Ancient Potion"},{"floor":18,"key":"EssenceOfSteel"},{"floor":19,"key":"Fire Potion"},{"floor":20,"key":"AttackPotion"},{"floor":24,"key":"FearPotion"},{"floor":27,"key":"Poison Potion"},{"floor":29,"key":"Explosive Potion"},{"floor":30,"key":"FearPotion"},{"floor":33,"key":"Ancient Potion"},{"floor":36,"key":"Block Potion"},{"floor":38,"key":"Block Potion"},{"floor":40,"key":"AttackPotion"},{"floor":44,"key":"Explosive Potion"},{"floor":45,"key":"PowerPotion"},{"floor":47,"key":"Strength Potion"}],"is_trial":false,"path_per_floor":["M","?","M","M","M","R","M","E","T","T","E","?","R","E","R","B",null,"M","?","M","?","$","R","M","R","T","E","?","M","M","?","R","B",null,"M","M","$","M","?","E","R","?","T","E","M","M","M","E","R","B","B",null,"R","$","E","B"],"character_chosen":"IRONCLAD","items_purchased":["Apotheosis","Inflame","Blind","Feel No Pain+1","Corruption+1","Iron Wave+1","Jack Of All Trades","Purity","AttackPotion"],"campfire_rested":3,"item_purchase_floors":[22,22,22,37,37,37,54,54,54],"current_hp_per_floor":[68,68,73,72,75,75,70,64,64,64,53,53,53,52,52,24,68,56,62,66,66,66,66,58,58,58,36,36,34,16,16,40,34,70,70,78,78,73,73,64,64,64,64,48,56,64,50,47,70,60,22,64,78,78,7,0],"gold":39,"neow_bonus":"ONE_RARE_RELIC","is_prod":false,"is_daily":false,"chose_seed":false,"campfire_upgraded":3,"win_rate":0,"timestamp":1553848325,"path_taken":["M","?","M","?","?","R","M","E","T","?","E","?","R","E","R","BOSS","M","?","M","?","$","R","M","R","T","E","?","?","M","?","R","BOSS","M","M","$","M","?","E","R","?","T","E","M","M","M","E","R","BOSS","BOSS","R","$","E","BOSS"],"build_version":"2019-01-23","purchased_purges":0,"victory":false,"max_hp_per_floor":[75,75,75,75,75,75,75,75,75,75,82,82,82,82,82,82,82,82,82,82,82,82,82,82,82,82,82,82,82,82,82,82,82,82,82,82,82,82,82,82,82,78,78,78,78,78,78,78,78,78,78,78,78,78,78,78],"card_choices":[{"not_picked":["Body Slam","Cleave"],"picked":"Battle Trance","floor":1},{"not_picked":["Pummel","Havoc"],"picked":"Inflame","floor":3},{"not_picked":["Twin Strike","Clash"],"picked":"Heavy Blade","floor":4},{"not_picked":["Corruption","Second Wind"],"picked":"Shrug It Off","floor":5},{"not_picked":["Pommel Strike","Body Slam"],"picked":"Clothesline","floor":7},{"not_picked":["Sword Boomerang","Flex"],"picked":"Shockwave","floor":8},{"not_picked":["Berserk","Infernal Blade"],"picked":"Intimidate","floor":11},{"not_picked":["Sword Boomerang","Dropkick"],"picked":"Spot Weakness","floor":14},{"not_picked":["Fiend Fire","Demon Form"],"picked":"Double Tap","floor":16},{"not_picked":["Clash","Twin Strike"],"picked":"Sword Boomerang+1","floor":18},{"not_picked":["Twin Strike","Sever Soul"],"picked":"Thunderclap","floor":19},{"not_picked":["Clash","Dual Wield+1","Sword Boomerang"],"picked":"SKIP","floor":20},{"not_picked":["Twin Strike","Rupture+1"],"picked":"Shrug It Off","floor":24},{"not_picked":["Combust+1","Twin Strike"],"picked":"Heavy Blade","floor":27},{"not_picked":["Heavy Blade+1","Entrench"],"picked":"Immolate+1","floor":29},{"not_picked":["Headbutt+1","Armaments","Bloodletting"],"picked":"SKIP","floor":30},{"not_picked":["Impervious","Berserk+1"],"picked":"Limit Break","floor":33},{"not_picked":["Pommel Strike+1","Armaments"],"picked":"Headbutt+1","floor":35},{"not_picked":["Pommel Strike+1","True Grit"],"picked":"Iron Wave+1","floor":36},{"not_picked":["Bloodletting","Power Through+1","Headbutt+1"],"picked":"SKIP","floor":38},{"not_picked":["Entrench","Flex+1"],"picked":"Dark Embrace+1","floor":40},{"not_picked":["Flame Barrier","Twin Strike+1"],"picked":"True Grit","floor":44},{"not_picked":["Havoc","Bloodletting","Sword Boomerang+1"],"picked":"SKIP","floor":45},{"not_picked":["Armaments","Cleave+1"],"picked":"Shrug It Off+1","floor":46},{"not_picked":["Dark Embrace+1","Flex"],"picked":"Reckless Charge+1","floor":47},{"not_picked":["Pommel Strike+1","Heavy Blade+1"],"picked":"Exhume","floor":48},{"not_picked":["Clash+1","Armaments"],"picked":"Dual Wield+1","floor":55}],"player_experience":1056091,"relics_obtained":[{"floor":8,"key":"Paper Frog"},{"floor":9,"key":"Lantern"},{"floor":11,"key":"Strawberry"},{"floor":14,"key":"The Courier"},{"floor":19,"key":"Red Mask"},{"floor":26,"key":"Frozen Egg 2"},{"floor":27,"key":"Blood Vial"},{"floor":40,"key":"Bottled Lightning"},{"floor":43,"key":"Bottled Flame"},{"floor":44,"key":"Gremlin Horn"},{"floor":48,"key":"Pen Nib"},{"floor":55,"key":"Centennial Puzzle"}],"event_choices":[{"cards_removed":["Strike_R"],"damage_healed":0,"gold_gain":0,"player_choice":"Offered Basic","damage_taken":0,"max_hp_gain":0,"max_hp_loss":0,"event_name":"Bonfire Elementals","floor":2,"gold_loss":0},{"damage_healed":0,"gold_gain":0,"player_choice":"Box","damage_taken":0,"relics_obtained":["Vajra"],"max_hp_gain":0,"max_hp_loss":0,"event_name":"Big Fish","floor":12,"gold_loss":0,"cards_obtained":["Regret"]},{"damage_healed":0,"gold_gain":0,"player_choice":"Fought Bandits","damage_taken":0,"max_hp_gain":0,"max_hp_loss":0,"event_name":"Masked Bandits","floor":19,"gold_loss":0},{"damage_healed":0,"gold_gain":0,"player_choice":"Opened","damage_taken":0,"relics_obtained":["Bag of Preparation"],"max_hp_gain":0,"max_hp_loss":0,"event_name":"The Mausoleum","floor":21,"gold_loss":0,"cards_obtained":["Writhe"]},{"damage_healed":0,"gold_gain":0,"player_choice":"Gave Potion","damage_taken":0,"relics_obtained":["Molten Egg 2"],"max_hp_gain":0,"max_hp_loss":0,"event_name":"WeMeetAgain","floor":28,"gold_loss":0},{"damage_healed":0,"gold_gain":0,"cards_transformed":["Strike_R","Strike_R"],"player_choice":"Became Test Subject","damage_taken":0,"max_hp_gain":0,"max_hp_loss":0,"event_name":"Drug Dealer","floor":31,"gold_loss":0,"cards_obtained":["Burning Pact","Sentinel"]},{"cards_removed":["Iron Wave"],"damage_healed":0,"gold_gain":0,"player_choice":"Removed Attack","damage_taken":0,"max_hp_gain":0,"max_hp_loss":0,"event_name":"Falling","floor":39,"gold_loss":0},{"damage_healed":0,"gold_gain":0,"player_choice":"Max HP","damage_taken":0,"max_hp_gain":0,"max_hp_loss":4,"event_name":"Winding Halls","floor":42,"gold_loss":0}],"is_beta":false,"boss_relics":[{"not_picked":["Black Blood","Ectoplasm"],"picked":"White Beast Statue"},{"not_picked":["Runic Pyramid","Calling Bell"],"picked":"Mark of Pain"}],"items_purged_floors":[],"is_endless":false,"potions_floor_spawned":[1,3,5,14,16,18,19,20,24,27,29,30,33,35,36,38,40,44,45,46,47,48,55],"killed_by":"The Heart","ascension_level":20}