{"gold_per_floor":[118,43,53,53,68,68,11,11,83,83,114,126,138,172,172,249,249,259,278,28,40,0,0,34,34,34,51,51,76,93,104,104,104],"floor_reached":33,"playtime":1329,"items_purged":["Strike_R","Strike_R"],"score":594,"play_id":"0c84912e-3c32-4fa8-8260-5e704c4d59d6","local_time":"20190930155836","is_ascension_mode":true,"campfire_choices":[{"data":"Bash","floor":6,"key":"SMITH"},{"data":"Pommel Strike","floor":8,"key":"SMITH"},{"data":"Thunderclap","floor":10,"key":"SMITH"},{"data":"Disarm","floor":15,"key":"SMITH"},{"floor":23,"key":"REST"},{"floor":25,"key":"REST"},{"floor":32,"key":"REST"}],"neow_cost":"NONE","seed_source_timestamp":314232775575900,"circlet_count":0,"master_deck":["AscendersBane","Strike_R","Strike_R","Defend_R","Defend_R","Defend_R","Defend_R","Bash+1","Pommel Strike+1","Pummel","Thunderclap+1","Cleave","Inflame","Spot Weakness","Twin Strike","Disarm+1","Limit Break","Clothesline","Immolate","Flame Barrier","Headbutt","Shrug It Off+1","Shockwave"],"relics":["Burning Blood","Singing Bowl","Art of War","Ginger","Mark of Pain","Bottled Tornado","Oddly Smooth Stone","Prayer Wheel","Self Forming Clay"],"potions_floor_usage":[11,13,14,18,19,24,29,33,33],"damage_taken":[{"damage":7,"enemies":"Jaw Worm","floor":1,"turns":3},{"damage":1,"enemies":"Cultist","floor":3,"turns":3},{"damage":7,"enemies":"Small Slimes","floor":5,"turns":3},{"damage":8,"enemies":"Gremlin Nob","floor":11,"turns":3},{"damage":6,"enemies":"Exordium Wildlife","floor":12,"turns":2},{"damage":1,"enemies":"Lots of Slimes","floor":13,"turns":2},{"damage":10,"enemies":"Lagavulin","floor":14,"turns":5},{"damage":36,"enemies":"The Guardian","floor":16,"turns":13},{"damage":21,"enemies":"2 Thieves","floor":18,"turns":3},{"damage":31,"enemies":"Shell Parasite","floor":19,"turns":4},{"damage":26,"enemies":"Cultist and Chosen","floor":21,"turns":5},{"damage":35,"enemies":"Gremlin Leader","floor":24,"turns":7},{"damage":0,"enemies":"Chosen and Byrds","floor":27,"turns":4},{"damage":29,"enemies":"Book of Stabbing","floor":29,"turns":4},{"damage":18,"enemies":"Sentry and Sphere","floor":30,"turns":4},{"damage":5,"enemies":"Snecko","floor":31,"turns":4},{"damage":61,"enemies":"Automaton","floor":33,"turns":6}],"seed_played":"-6007614728197796288","potions_obtained":[{"floor":1,"key":"Energy Potion"},{"floor":5,"key":"Block Potion"},{"floor":11,"key":"FearPotion"},{"floor":16,"key":"SkillPotion"},{"floor":18,"key":"Regen Potion"},{"floor":21,"key":"Energy Potion"},{"floor":24,"key":"Energy Potion"},{"floor":29,"key":"Energy Potion"},{"floor":31,"key":"Poison Potion"}],"is_trial":false,"path_per_floor":["M","$","M","?","M","R","$","R","T","R","E","M","M","E","R","B",null,"M","M","$","M","?","R","E","R","T","M","T","E","M","M","R","B"],"character_chosen":"IRONCLAD","items_purchased":["Explosive Potion","Immolate","Flame Barrier"],"campfire_rested":3,"item_purchase_floors":[7,20,20],"current_hp_per_floor":[67,67,72,75,74,74,74,74,74,74,72,72,75,71,71,41,67,52,41,41,21,21,44,15,38,38,46,46,25,17,20,46,0],"gold":104,"neow_bonus":"TRANSFORM_CARD","is_prod":false,"is_daily":false,"chose_seed":false,"campfire_upgraded":4,"win_rate":0,"timestamp":1569848316,"path_taken":["M","$","M","?","M","R","?","R","T","R","E","?","?","E","R","BOSS","M","M","$","M","?","R","E","R","T","M","?","E","M","?","R","BOSS"],"build_version":"2019-07-17","purchased_purges":2,"victory":false,"max_hp_per_floor":[75,75,75,75,75,75,75,75,75,75,75,75,75,75,75,75,75,75,77,77,77,77,77,77,77,77,79,79,81,85,87,87,87],"card_choices":[{"not_picked":["Bloodletting","Wild Strike"],"picked":"Pummel","floor":1},{"not_picked":["Pommel Strike","Sever Soul"],"picked":"Thunderclap","floor":3},{"not_picked":["Sentinel","Power Through"],"picked":"Cleave","floor":5},{"not_picked":["Dual Wield","Havoc"],"picked":"Inflame","floor":11},{"not_picked":["Reckless Charge","Inflame"],"picked":"Spot Weakness","floor":12},{"not_picked":["Warcry","Metallicize"],"picked":"Twin Strike","floor":13},{"not_picked":["Pummel","Seeing Red"],"picked":"Disarm","floor":14},{"not_picked":["Reaper","Impervious"],"picked":"Limit Break","floor":16},{"not_picked":["Warcry","Seeing Red"],"picked":"Clothesline","floor":18},{"not_picked":["Reckless Charge","Inflame","Clothesline"],"picked":"Singing Bowl","floor":19},{"not_picked":["Rage","Pommel Strike"],"picked":"Headbutt","floor":21},{"not_picked":["Clash","Spot Weakness"],"picked":"Shrug It Off+1","floor":24},{"not_picked":["True Grit","Blood for Blood","Headbutt"],"picked":"Singing Bowl","floor":27},{"not_picked":["Anger","Infernal Blade","Perfected Strike"],"picked":"Singing Bowl","floor":29},{"not_picked":["Warcry","Fire Breathing","Fiend Fire"],"picked":"Singing Bowl","floor":30},{"not_picked":["Flex","Warcry","Power Through+1"],"picked":"Singing Bowl","floor":30},{"not_picked":["Clash","Cleave"],"picked":"Shockwave","floor":31},{"not_picked":["Havoc","Twin Strike","Rage"],"picked":"Singing Bowl","floor":31}],"player_experience":1339798,"relics_obtained":[{"floor":9,"key":"Singing Bowl"},{"floor":11,"key":"Art of War"},{"floor":14,"key":"Ginger"},{"floor":24,"key":"Bottled Tornado"},{"floor":26,"key":"Oddly Smooth Stone"},{"floor":28,"key":"Prayer Wheel"},{"floor":29,"key":"Self Forming Clay"}],"event_choices":[{"damage_healed":3,"gold_gain":0,"player_choice":"Full Heal","damage_taken":0,"max_hp_gain":0,"max_hp_loss":0,"event_name":"Wheel of Change","floor":4,"gold_loss":0},{"damage_healed":0,"gold_gain":0,"player_choice":"Paid Fearfully","damage_taken":0,"max_hp_gain":0,"max_hp_loss":0,"event_name":"Masked Bandits","floor":22,"gold_loss":40}],"is_beta":false,"boss_relics":[{"not_picked":["Fusion Hammer","Pandora\u0027s Box"],"picked":"Mark of Pain"}],"items_purged_floors":[2,20],"is_endless":false,"potions_floor_spawned":[1,5,11,16,18,21,24,29,31],"killed_by":"Automaton","ascension_level":20}