{"gold_per_floor":[212,212,212,212,55,55,72,101,101,101,101,131,148,160,160,257,257,273,292,217,217,91,120,120,153,153,53,66,78,78,78,78,181,181,201,219,274,274,274,274,302,318,318,333,365,240,240,250,250,250],"floor_reached":50,"playtime":1134,"items_purged":["Strike_R","Normality","Regret"],"score":571,"play_id":"2124834b-178f-4b6e-aa8a-580d7eca8618","local_time":"20190816225143","is_ascension_mode":false,"campfire_choices":[{"data":"Sword Boomerang","floor":6,"key":"SMITH"},{"data":"Clothesline","floor":10,"key":"SMITH"},{"data":"Spot Weakness","floor":15,"key":"SMITH"},{"data":"Fiend Fire","floor":24,"key":"SMITH"},{"floor":32,"key":"REST"},{"data":"Immolate","floor":40,"key":"SMITH"},{"data":"1","floor":47,"key":"LIFT"},{"floor":49,"key":"REST"}],"neow_cost":"NONE","seed_source_timestamp":49432966141870,"circlet_count":0,"master_deck":["Strike_R","Strike_R+1","Strike_R","Defend_R","Defend_R","Defend_R","Defend_R+1","Bash+1","Sword Boomerang+1","Shockwave+1","Clothesline+1","Spot Weakness+1","Twin Strike","Fiend Fire+1","Anger+1","Sword Boomerang+1","Shrug It Off+1","Pummel","Necronomicurse","Writhe","Immolate+1","Shrug It Off+1","Shrug It Off+1","Pummel+1","Havoc+1","Shrug It Off"],"relics":["Burning Blood","Red Skull","PreservedInsect","Bottled Lightning","Matryoshka","Cursed Key","Vajra","Whetstone","Strawberry","Mercury Hourglass","Necronomicon","Oddly Smooth Stone","Runic Cube","WingedGreaves","War Paint","Ornamental Fan","Bottled Flame","Girya"],"potions_floor_usage":[18,33,50,50,50],"damage_taken":[{"damage":6,"enemies":"Jaw Worm","floor":1,"turns":4},{"damage":7,"enemies":"2 Louse","floor":7,"turns":2},{"damage":39,"enemies":"Lagavulin","floor":8,"turns":7},{"damage":4,"enemies":"Gremlin Nob","floor":12,"turns":3},{"damage":0,"enemies":"Cultist","floor":13,"turns":3},{"damage":5,"enemies":"2 Fungi Beasts","floor":14,"turns":3},{"damage":40,"enemies":"The Guardian","floor":16,"turns":7},{"damage":16,"enemies":"2 Thieves","floor":18,"turns":3},{"damage":9,"enemies":"3 Byrds","floor":19,"turns":3},{"damage":29,"enemies":"Slavers","floor":23,"turns":4},{"damage":7,"enemies":"Gremlin Leader","floor":25,"turns":3},{"damage":7,"enemies":"Snake Plant","floor":28,"turns":2},{"damage":4,"enemies":"Centurion and Healer","floor":29,"turns":2},{"damage":34,"enemies":"Collector","floor":33,"turns":4},{"damage":5,"enemies":"3 Darklings","floor":35,"turns":4},{"damage":11,"enemies":"Orb Walker","floor":36,"turns":2},{"damage":33,"enemies":"2 Orb Walkers","floor":37,"turns":3},{"damage":21,"enemies":"Nemesis","floor":41,"turns":3},{"damage":12,"enemies":"4 Shapes","floor":42,"turns":1},{"damage":0,"enemies":"Jaw Worm Horde","floor":44,"turns":1},{"damage":8,"enemies":"Giant Head","floor":45,"turns":4},{"damage":0,"enemies":"Transient","floor":48,"turns":5},{"damage":96,"enemies":"Donu and Deca","floor":50,"turns":7}],"seed_played":"-4689106785842584503","potions_obtained":[{"floor":12,"key":"Block Potion"},{"floor":14,"key":"PowerPotion"},{"floor":16,"key":"Fire Potion"},{"floor":19,"key":"Explosive Potion"},{"floor":21,"key":"Dexterity Potion"},{"floor":25,"key":"BloodPotion"},{"floor":33,"key":"AttackPotion"}],"is_trial":false,"path_per_floor":["M","?","$","?","$","R","M","E","T","R","?","E","M","M","R","B",null,"M","M","?","?","$","E","R","E","T","$","M","M","?","?","R","B",null,"M","M","?","?","?","R","E","M","T","M","E","$","R","M","R","B"],"character_chosen":"IRONCLAD","items_purchased":["Red Skull","Shrug It Off"],"campfire_rested":2,"item_purchase_floors":[5,22],"current_hp_per_floor":[80,80,80,80,80,80,79,46,46,46,46,48,54,55,55,21,80,70,67,67,67,67,44,44,43,50,50,49,51,35,35,61,33,87,87,82,55,55,55,55,40,34,34,40,38,38,38,44,68,0],"gold":250,"neow_bonus":"HUNDRED_GOLD","is_prod":false,"is_daily":false,"chose_seed":false,"campfire_upgraded":5,"win_rate":0,"timestamp":1565988703,"path_taken":["M","?","$","?","$","R","M","E","T","R","?","E","M","M","R","BOSS","M","M","?","?","$","E","R","E","T","$","M","?","?","?","R","BOSS","M","M","?","?","?","R","E","M","T","M","E","$","R","?","R","BOSS"],"build_version":"2019-07-17","purchased_purges":3,"victory":false,"max_hp_per_floor":[80,80,80,80,80,80,80,80,80,80,80,80,80,80,80,80,80,80,80,80,80,80,80,80,80,87,87,87,87,87,87,87,87,87,87,87,87,83,83,83,83,83,83,83,83,83,83,83,83,83],"card_choices":[{"not_picked":["Armaments","Warcry"],"picked":"Sword Boomerang","floor":1},{"not_picked":["Havoc","Thunderclap"],"picked":"Shockwave","floor":7},{"not_picked":["Shrug It Off","Feed"],"picked":"Clothesline","floor":8},{"not_picked":["Headbutt","Warcry","Blood for Blood"],"picked":"SKIP","floor":12},{"not_picked":["Wild Strike","Blood for Blood"],"picked":"Spot Weakness","floor":13},{"not_picked":["Clothesline","Clash"],"picked":"Twin Strike","floor":14},{"not_picked":["Barricade","Juggernaut"],"picked":"Fiend Fire","floor":16},{"not_picked":["Twin Strike","Combust"],"picked":"Anger","floor":18},{"not_picked":["Rupture","Evolve"],"picked":"Sword Boomerang+1","floor":19},{"not_picked":["Clash","Fire Breathing"],"picked":"Pummel","floor":23},{"not_picked":["Evolve","Havoc","Barricade"],"picked":"SKIP","floor":25},{"not_picked":["Body Slam","Bloodletting+1","Sword Boomerang"],"picked":"SKIP","floor":28},{"not_picked":["Metallicize","Clash","Rage"],"picked":"SKIP","floor":29},{"not_picked":["Demon Form","Exhume"],"picked":"Immolate","floor":33},{"not_picked":["True Grit+1","Whirlwind"],"picked":"Shrug It Off+1","floor":35},{"not_picked":["True Grit","Power Through","Pommel Strike"],"picked":"SKIP","floor":36},{"not_picked":["Flex+1","Thunderclap+1"],"picked":"Shrug It Off+1","floor":37},{"not_picked":["Shockwave+1","Twin Strike+1"],"picked":"Pummel+1","floor":41},{"not_picked":["Clothesline","Clash"],"picked":"Havoc+1","floor":42},{"not_picked":["Clash","Rupture+1","Cleave+1"],"picked":"SKIP","floor":44},{"not_picked":["Brutality","True Grit"],"picked":"Shrug It Off","floor":45},{"not_picked":["Warcry+1","Dropkick","Rampage"],"picked":"SKIP","floor":48}],"player_experience":956744,"relics_obtained":[{"floor":8,"key":"PreservedInsect"},{"floor":9,"key":"Bottled Lightning"},{"floor":12,"key":"Matryoshka"},{"floor":23,"key":"Vajra"},{"floor":25,"key":"Whetstone"},{"floor":26,"key":"Strawberry"},{"floor":26,"key":"Mercury Hourglass"},{"floor":30,"key":"Necronomicon"},{"floor":37,"key":"WingedGreaves"},{"floor":41,"key":"War Paint"},{"floor":43,"key":"Ornamental Fan"},{"floor":43,"key":"Bottled Flame"},{"floor":45,"key":"Girya"}],"event_choices":[{"damage_healed":0,"gold_gain":0,"player_choice":"Grow","damage_taken":0,"max_hp_gain":0,"max_hp_loss":0,"event_name":"Living Wall","floor":2,"gold_loss":0,"cards_upgraded":["Bash"]},{"damage_healed":0,"gold_gain":0,"player_choice":"Ignored","damage_taken":0,"max_hp_gain":0,"max_hp_loss":0,"event_name":"Liars Game","floor":4,"gold_loss":0},{"damage_healed":0,"gold_gain":0,"player_choice":"Upgraded","damage_taken":0,"max_hp_gain":0,"max_hp_loss":0,"event_name":"Upgrade Shrine","floor":11,"gold_loss":0,"cards_upgraded":["Shockwave"]},{"cards_removed":["Strike_R"],"damage_healed":0,"gold_gain":0,"player_choice":"Gave Gold","damage_taken":0,"max_hp_gain":0,"max_hp_loss":0,"event_name":"Beggar","floor":20,"gold_loss":75},{"damage_healed":0,"gold_gain":0,"player_choice":"Got Potions","damage_taken":0,"max_hp_gain":0,"max_hp_loss":0,"event_name":"Lab","floor":21,"gold_loss":0},{"damage_healed":0,"gold_gain":0,"player_choice":"Obtained Book","damage_taken":16,"max_hp_gain":0,"max_hp_loss":0,"event_name":"Cursed Tome","floor":30,"gold_loss":0},{"damage_healed":0,"gold_gain":0,"player_choice":"Opened","damage_taken":0,"relics_obtained":["Oddly Smooth Stone"],"max_hp_gain":0,"max_hp_loss":0,"event_name":"The Mausoleum","floor":31,"gold_loss":0,"cards_obtained":["Writhe"]},{"damage_healed":0,"gold_gain":0,"player_choice":"Fight","damage_taken":0,"max_hp_gain":0,"max_hp_loss":0,"event_name":"Mysterious Sphere","floor":37,"gold_loss":0},{"damage_healed":0,"gold_gain":0,"player_choice":"Max HP","damage_taken":0,"max_hp_gain":0,"max_hp_loss":4,"event_name":"Winding Halls","floor":38,"gold_loss":0},{"damage_healed":0,"gold_gain":0,"player_choice":"Leave","damage_taken":0,"max_hp_gain":0,"max_hp_loss":0,"event_name":"FaceTrader","floor":39,"gold_loss":0}],"is_beta":false,"boss_relics":[{"not_picked":["Busted Crown","Tiny House"],"picked":"Cursed Key"},{"not_picked":["Mark of Pain","Eternal Feather"],"picked":"Runic Cube"}],"items_purged_floors":[22,27,46],"is_endless":false,"potions_floor_spawned":[12,14,16,19,25,33,35,36,42,48],"killed_by":"Donu and Deca","ascension_level":0}