{"gold_per_floor":[119,219,65,80,98,98,112,112,112,139,139,139,214,226,226,226],"floor_reached":16,"playtime":829,"items_purged":["Strike_G"],"score":105,"play_id":"f6323423-ee7d-45cc-a619-2039cdfdbdcf","local_time":"20180914223339","is_ascension_mode":true,"campfire_choices":[{"data":"Crippling Poison","floor":6,"key":"SMITH"},{"floor":12,"key":"REST"},{"floor":15,"key":"REST"}],"neow_cost":"NONE","seed_source_timestamp":43930082221174,"circlet_count":0,"master_deck":["Defend_G","Defend_G+1","Defend_G","Defend_G+1","Defend_G","Strike_G","Strike_G","Strike_G","Survivor","Neutralize","Crippling Poison+1","Sucker Punch","Well Laid Plans","Prepared","Eviscerate","Quick Slash"],"relics":["Ring of the Snake","Shovel","Tough Bandages","Du-Vu Doll"],"potions_floor_usage":[16],"damage_taken":[{"damage":0,"enemies":"2 Louse","floor":1,"turns":4},{"damage":0,"enemies":"Cultist","floor":4,"turns":4},{"damage":0,"enemies":"Jaw Worm","floor":5,"turns":4},{"damage":7,"enemies":"3 Louse","floor":7,"turns":4},{"damage":21,"enemies":"3 Sentries","floor":10,"turns":14},{"damage":0,"enemies":"Looter","floor":14,"turns":4},{"damage":58,"enemies":"Hexaghost","floor":16,"turns":17}],"seed_played":"6372535407510700456","potions_obtained":[{"floor":5,"key":"Swift Potion"}],"is_trial":false,"path_per_floor":["M","?","$","M","M","R","M","?","T","E","?","R","?","M","R"],"character_chosen":"THE_SILENT","items_purchased":["Well Laid Plans"],"campfire_rested":2,"item_purchase_floors":[3],"current_hp_per_floor":[70,70,70,70,70,70,63,60,60,39,25,46,35,35,56,0],"gold":226,"neow_bonus":"TRANSFORM_CARD","is_prod":false,"is_daily":false,"chose_seed":false,"campfire_upgraded":1,"win_rate":0,"timestamp":1536932019,"path_taken":["M","?","$","M","M","R","M","?","T","E","?","R","?","M","R","BOSS"],"build_version":"2018-09-06","purchased_purges":1,"victory":false,"max_hp_per_floor":[70,70,70,70,70,70,70,70,70,70,70,70,70,70,70,70],"card_choices":[{"not_picked":["Slice","Bane"],"picked":"Sucker Punch","floor":1},{"not_picked":["Dagger Throw","Calculated Gamble"],"picked":"Prepared","floor":4},{"not_picked":["Sucker Punch","Cloak And Dagger"],"picked":"Eviscerate","floor":5},{"not_picked":["Outmaneuver","Bane","Flying Knee"],"picked":"SKIP","floor":7},{"not_picked":["Noxious Fumes","Skewer"],"picked":"Quick Slash","floor":10},{"not_picked":["Underhanded Strike","Riddle With Holes","Cloak And Dagger"],"picked":"SKIP","floor":14}],"player_experience":252119,"relics_obtained":[{"floor":9,"key":"Tough Bandages"},{"floor":10,"key":"Du-Vu Doll"}],"event_choices":[{"event_name":"Golden Shrine","player_choice":"Pray","floor":2,"damage_taken":0},{"event_name":"Scrap Ooze","player_choice":"success","floor":8,"damage_taken":3},{"event_name":"Shining Light","player_choice":"Entered Light","floor":11,"damage_taken":0},{"event_name":"World of Goop","player_choice":"Gather Gold","floor":13,"damage_taken":0}],"is_beta":false,"boss_relics":[],"items_purged_floors":[3],"is_endless":false,"potions_floor_spawned":[5],"killed_by":"Hexaghost","ascension_level":1}