{"gold_per_floor":[118,32,32,32,107,107,257,9,86,86,114,114,142,162,162,241,241,252,252,265,265,60,60,89,89,116,129,129,4,17,52,52,127,127,141,141,141,241,253,279,279,279],"floor_reached":42,"playtime":2434,"items_purged":["Doubt","Searing Blow","Bloodletting"],"score":889,"play_id":"0e2fc309-12b6-4bb1-ae80-2e8408f2edfa","local_time":"20191007144954","is_ascension_mode":true,"campfire_choices":[{"data":"Inflame","floor":6,"key":"SMITH"},{"data":"Feel No Pain","floor":10,"key":"SMITH"},{"data":"Disarm","floor":15,"key":"SMITH"},{"floor":23,"key":"REST"},{"floor":25,"key":"REST"},{"floor":28,"key":"REST"},{"floor":32,"key":"REST"},{"floor":41,"key":"REST"}],"neow_cost":"NONE","seed_source_timestamp":18930073779297,"circlet_count":0,"master_deck":["AscendersBane","Bash+1","Feel No Pain+1","Inflame+1","Anger+1","Disarm+1","Fiend Fire","Sever Soul","Spot Weakness","Inflame","Armaments","Hemokinesis","Second Wind","Uppercut+1","True Grit","Battle Trance","Power Through+1","Cleave+1","Headbutt","Reaper","Dark Shackles","Whirlwind+1","Anger+1"],"relics":["Burning Blood","Pen Nib","Shuriken","Incense Burner","Kunai","Pandora\u0027s Box","Mercury Hourglass","Bronze Scales","Orichalcum","Runic Cube","Torii","Dodecahedron"],"potions_floor_usage":[18,19,24,30,31,42],"damage_taken":[{"damage":2,"enemies":"Cultist","floor":1,"turns":4},{"damage":25,"enemies":"3 Sentries","floor":11,"turns":12},{"damage":8,"enemies":"Gremlin Nob","floor":13,"turns":3},{"damage":4,"enemies":"Jaw Worm","floor":14,"turns":4},{"damage":6,"enemies":"Hexaghost","floor":16,"turns":6},{"damage":42,"enemies":"2 Thieves","floor":18,"turns":4},{"damage":8,"enemies":"3 Byrds","floor":19,"turns":2},{"damage":15,"enemies":"Cultist and Chosen","floor":20,"turns":5},{"damage":62,"enemies":"Book of Stabbing","floor":24,"turns":6},{"damage":18,"enemies":"Snake Plant","floor":27,"turns":3},{"damage":5,"enemies":"Sentry and Sphere","floor":30,"turns":4},{"damage":18,"enemies":"Gremlin Leader","floor":31,"turns":5},{"damage":63,"enemies":"Champ","floor":33,"turns":11},{"damage":20,"enemies":"3 Shapes","floor":35,"turns":7},{"damage":19,"enemies":"Mind Bloom Boss Battle","floor":38,"turns":6},{"damage":12,"enemies":"Orb Walker","floor":39,"turns":5},{"damage":42,"enemies":"Reptomancer","floor":40,"turns":7},{"damage":91,"enemies":"Giant Head","floor":42,"turns":7}],"seed_played":"-4908570020989792894","potions_obtained":[{"floor":1,"key":"BloodPotion"},{"floor":16,"key":"Regen Potion"},{"floor":18,"key":"SmokeBomb"},{"floor":27,"key":"Swift Potion"},{"floor":38,"key":"Dexterity Potion"},{"floor":39,"key":"Regen Potion"}],"is_trial":false,"path_per_floor":["M","$","?","?","?","R","?","$","T","R","E","?","E","M","R","B",null,"M","M","M","?","$","R","E","R","T","M","R","$","M","E","R","B",null,"M","?","?","?","M","E","R","E"],"character_chosen":"IRONCLAD","items_purchased":["Inflame","Pen Nib","True Grit","Fire Potion"],"campfire_rested":5,"item_purchase_floors":[2,8,22,22],"current_hp_per_floor":[72,72,77,77,66,66,66,66,66,66,47,47,45,47,47,47,72,56,54,45,45,45,69,28,52,52,40,64,64,65,53,77,20,65,69,69,69,75,79,43,67,0],"gold":279,"neow_bonus":"REMOVE_CARD","is_prod":false,"is_daily":false,"chose_seed":false,"campfire_upgraded":3,"win_rate":0,"timestamp":1570452594,"path_taken":["M","$","?","?","?","R","?","$","T","R","E","?","E","?","R","BOSS","M","M","M","?","$","R","E","R","T","M","R","?","M","E","R","BOSS","M","?","?","?","M","E","R","E"],"build_version":"2019-07-17","purchased_purges":3,"victory":false,"max_hp_per_floor":[75,75,80,80,80,80,80,80,80,80,80,80,80,80,80,80,80,80,80,80,80,80,80,80,80,80,80,80,80,80,80,80,80,80,80,80,80,80,80,80,80,80],"card_choices":[{"not_picked":["Bloodletting","Clash"],"picked":"Feel No Pain","floor":1},{"not_picked":["Warcry","Thunderclap"],"picked":"Anger","floor":11},{"not_picked":["Impervious","Flex"],"picked":"Disarm","floor":13},{"not_picked":["Armaments","Intimidate","Rupture"],"picked":"SKIP","floor":14},{"not_picked":["Barricade","Dark Embrace"],"picked":"Fiend Fire","floor":16},{"not_picked":["Bloodletting","Intimidate","Armaments"],"picked":"SKIP","floor":18},{"not_picked":["Thunderclap","Reckless Charge"],"picked":"Uppercut+1","floor":20},{"not_picked":["True Grit","Clothesline+1"],"picked":"Battle Trance","floor":24},{"not_picked":["Heavy Blade","Metallicize"],"picked":"Power Through+1","floor":27},{"not_picked":["Rupture","Feel No Pain"],"picked":"Cleave+1","floor":30},{"not_picked":["Sword Boomerang","Burning Pact"],"picked":"Headbutt","floor":31},{"not_picked":["Demon Form","Impervious"],"picked":"Reaper","floor":33},{"not_picked":["True Grit","Sword Boomerang","Body Slam"],"picked":"SKIP","floor":35},{"not_picked":["Violence","PanicButton"],"picked":"Dark Shackles","floor":36},{"not_picked":["Hemokinesis","Pommel Strike+1"],"picked":"Whirlwind+1","floor":38},{"not_picked":["Perfected Strike","Havoc+1","Rampage"],"picked":"SKIP","floor":39},{"not_picked":["Reckless Charge+1","Uppercut+1"],"picked":"Anger+1","floor":40}],"player_experience":1156986,"relics_obtained":[{"floor":9,"key":"Shuriken"},{"floor":11,"key":"Incense Burner"},{"floor":13,"key":"Kunai"},{"floor":24,"key":"Mercury Hourglass"},{"floor":26,"key":"Bronze Scales"},{"floor":31,"key":"Orichalcum"},{"floor":38,"key":"Torii"},{"floor":40,"key":"Dodecahedron"}],"event_choices":[{"damage_healed":0,"gold_gain":0,"player_choice":"Donut","damage_taken":0,"max_hp_gain":5,"max_hp_loss":0,"event_name":"Big Fish","floor":3,"gold_loss":0},{"damage_healed":0,"gold_gain":0,"player_choice":"Grow","damage_taken":0,"max_hp_gain":0,"max_hp_loss":0,"event_name":"Living Wall","floor":4,"gold_loss":0,"cards_upgraded":["Bash"]},{"damage_healed":0,"gold_gain":75,"player_choice":"Gather Gold","damage_taken":11,"max_hp_gain":0,"max_hp_loss":0,"event_name":"World of Goop","floor":5,"gold_loss":0},{"damage_healed":0,"gold_gain":150,"player_choice":"AGREE","damage_taken":0,"max_hp_gain":0,"max_hp_loss":0,"event_name":"Liars Game","floor":7,"gold_loss":0,"cards_obtained":["Doubt"]},{"damage_healed":0,"gold_gain":0,"player_choice":"Upgraded","damage_taken":0,"max_hp_gain":0,"max_hp_loss":0,"event_name":"Upgrade Shrine","floor":12,"gold_loss":0,"cards_upgraded":["Anger"]},{"damage_healed":0,"gold_gain":0,"player_choice":"Leave","damage_taken":0,"max_hp_gain":0,"max_hp_loss":0,"event_name":"FaceTrader","floor":21,"gold_loss":0},{"damage_healed":0,"gold_gain":0,"player_choice":"Memory 1","damage_taken":0,"max_hp_gain":0,"max_hp_loss":0,"event_name":"SensoryStone","floor":36,"gold_loss":0},{"damage_healed":0,"gold_gain":0,"player_choice":"Ignored","damage_taken":0,"max_hp_gain":0,"max_hp_loss":0,"event_name":"Tomb of Lord Red Mask","floor":37,"gold_loss":0},{"damage_healed":0,"gold_gain":0,"player_choice":"Fight","damage_taken":0,"max_hp_gain":0,"max_hp_loss":0,"event_name":"MindBloom","floor":38,"gold_loss":0}],"is_beta":false,"boss_relics":[{"not_picked":["Black Blood","Runic Dome"],"picked":"Pandora\u0027s Box"},{"not_picked":["Black Star","Empty Cage"],"picked":"Runic Cube"}],"items_purged_floors":[8,22,29],"is_endless":false,"potions_floor_spawned":[1,16,18,19,27,38,39],"killed_by":"Giant Head","ascension_level":18}