{"gold_per_floor":[119,132,147,72,87,87,114,132,132,207,207,207,207,107,107,202,202,215,226,32,32,50,50,69,69,69,89,89,123,123,123,123,221,221,235,235,235,253,103,103,131,131,131,131,60,60,60,60,60,60],"floor_reached":51,"playtime":2954,"items_purged":["Strike_B","Strike_B","Strike_B","Defend_B"],"score":864,"play_id":"f6038c43-a07e-4f66-ad51-f1504bcc3990","local_time":"20180625230834","is_ascension_mode":false,"campfire_choices":[{"data":"Hologram","floor":6,"key":"SMITH"},{"data":"Dualcast","floor":11,"key":"SMITH"},{"data":"Capacitor","floor":13,"key":"SMITH"},{"data":"Ball Lightning","floor":15,"key":"SMITH"},{"data":"Conserve Battery","floor":23,"key":"SMITH"},{"data":"Self Repair","floor":28,"key":"SMITH"},{"data":"Static Discharge","floor":30,"key":"SMITH"},{"data":"Tempest","floor":32,"key":"SMITH"},{"data":"Multi-Cast","floor":40,"key":"SMITH"},{"floor":42,"key":"DIG"},{"data":"Defragment","floor":46,"key":"SMITH"},{"floor":49,"key":"DIG"}],"neow_cost":"NONE","seed_source_timestamp":51131488368760,"circlet_count":0,"master_deck":["Defend_B","Defend_B","Zap+1","Dualcast+1","Hologram+1","Ball Lightning+1","Capacitor+1","Electrodynamics","Conserve Battery+1","Self Repair+1","Tempest+1","Conserve Battery+1","Static Discharge+1","Multi-Cast+1","Double Energy+1","Defragment+1"],"relics":["Cracked Core","Du-Vu Doll","Sundial","Coffee Dripper","Centennial Puzzle","Thread and Needle","Runic Dome","Girya","Shovel","Emotion Chip","Question Card","Orichalcum"],"potions_floor_usage":[16,19,24,27,37,50,50],"damage_taken":[{"damage":1,"enemies":"Jaw Worm","floor":1,"turns":3},{"damage":1,"enemies":"2 Louse","floor":2,"turns":2},{"damage":0,"enemies":"Cultist","floor":3,"turns":3},{"damage":2,"enemies":"Looter","floor":5,"turns":3},{"damage":16,"enemies":"Lagavulin","floor":7,"turns":5},{"damage":3,"enemies":"Exordium Wildlife","floor":8,"turns":3},{"damage":19,"enemies":"The Guardian","floor":16,"turns":8},{"damage":15,"enemies":"2 Thieves","floor":18,"turns":2},{"damage":0,"enemies":"Chosen","floor":19,"turns":4},{"damage":16,"enemies":"Snake Plant","floor":22,"turns":4},{"damage":11,"enemies":"Chosen and Byrds","floor":24,"turns":6},{"damage":16,"enemies":"Slaver and Parasite","floor":27,"turns":4},{"damage":26,"enemies":"Book of Stabbing","floor":29,"turns":6},{"damage":33,"enemies":"Collector","floor":33,"turns":9},{"damage":0,"enemies":"3 Shapes","floor":35,"turns":2},{"damage":18,"floor":37,"turns":4},{"damage":4,"enemies":"3 Darklings","floor":38,"turns":2},{"damage":26,"enemies":"2 Orb Walkers","floor":41,"turns":2},{"damage":31,"enemies":"Awakened One","floor":50,"turns":10}],"seed_played":"1807671366181394968","potions_obtained":[{"floor":3,"key":"Energy Potion"},{"floor":8,"key":"LiquidBronze"},{"floor":16,"key":"SkillPotion"},{"floor":19,"key":"LiquidBronze"},{"floor":27,"key":"FairyPotion"},{"floor":33,"key":"EssenceOfSteel"},{"floor":38,"key":"Weak Potion"},{"floor":41,"key":"Block Potion"}],"is_trial":false,"path_per_floor":["M","M","M","$","M","R","E","M","T","?","R","?","R","$","R","B",null,"M","M","$","?","M","R","M","?","T","M","R","E","R","?","R","B",null,"M","?","?","M","$","R","E","R","T","?","$","R","?","?","R","B"],"character_chosen":"DEFECT","items_purchased":["Self Repair","Defragment"],"campfire_rested":0,"item_purchase_floors":[20,45],"current_hp_per_floor":[74,73,73,73,71,71,55,52,52,41,41,41,41,41,41,22,75,60,60,60,60,51,51,47,47,47,38,38,22,22,47,47,24,75,75,75,67,63,63,63,47,47,47,47,47,47,47,47,47,26],"gold":60,"neow_bonus":"UPGRADE_CARD","is_prod":false,"is_daily":false,"chose_seed":false,"campfire_upgraded":10,"win_rate":0,"timestamp":1529960914,"path_taken":["M","M","M","$","M","R","E","M","T","?","R","?","R","?","R","BOSS","M","M","$","?","M","R","M","?","T","M","R","E","R","?","R","BOSS","M","?","?","M","$","R","E","R","T","?","?","R","?","?","R","BOSS"],"build_version":"2018-06-21v2","purchased_purges":4,"victory":true,"max_hp_per_floor":[75,75,75,75,75,75,75,75,75,75,75,75,75,75,75,75,75,75,75,75,75,75,75,75,75,75,75,75,75,75,75,75,75,75,75,75,75,75,75,75,75,75,75,75,75,75,75,75,75,75],"card_choices":[{"not_picked":["Compile Driver","White Noise","Rebound"],"picked":"SKIP","floor":1},{"not_picked":["Double Energy","Steam","Compile Driver"],"picked":"SKIP","floor":2},{"not_picked":["Rebound","Compile Driver"],"picked":"Hologram","floor":3},{"not_picked":["Streamline","Sweeping Beam"],"picked":"Ball Lightning","floor":5},{"not_picked":["Beam Cell","Steam Power","Sweeping Beam"],"picked":"SKIP","floor":7},{"not_picked":["Biased Cognition","Sunder"],"picked":"Capacitor","floor":8},{"not_picked":["Reboot","Meteor Strike"],"picked":"Electrodynamics","floor":16},{"not_picked":["Go for the Eyes","Sweeping Beam"],"picked":"Conserve Battery","floor":18},{"not_picked":["Steam","Compile Driver+1","Stack"],"picked":"SKIP","floor":19},{"not_picked":["Meteor Strike","Conserve Battery+1"],"picked":"Tempest","floor":22},{"not_picked":["Conserve Battery","Ball Lightning","Lockon"],"picked":"SKIP","floor":24},{"not_picked":["Double Energy+1","Hello World+1"],"picked":"Conserve Battery+1","floor":27},{"not_picked":["Steam Power","Aggregate"],"picked":"Static Discharge","floor":29},{"not_picked":["Meteor Strike","Thunder Strike"],"picked":"Multi-Cast","floor":33},{"not_picked":["Gash+1","Streamline+1","Auto Shields"],"picked":"SKIP","floor":35},{"not_picked":["Gash+1","Streamline+1","Auto Shields"],"picked":"SKIP","floor":35},{"not_picked":["Gash+1","Streamline+1","Auto Shields"],"picked":"SKIP","floor":35},{"not_picked":["Steam Power","Glacier+1"],"picked":"Double Energy+1","floor":38},{"not_picked":["Conserve Battery","Turbo+1","Compile Driver+1"],"picked":"SKIP","floor":41}],"player_experience":275051,"relics_obtained":[{"floor":7,"key":"Du-Vu Doll"},{"floor":9,"key":"Sundial"},{"floor":26,"key":"Centennial Puzzle"},{"floor":29,"key":"Thread and Needle"},{"floor":37,"key":"Girya"},{"floor":41,"key":"Shovel"},{"floor":42,"key":"Emotion Chip"},{"floor":43,"key":"Question Card"},{"floor":49,"key":"Orichalcum"}],"event_choices":[{"event_name":"World of Goop","player_choice":"Gather Gold","floor":10,"damage_taken":0},{"event_name":"Bonfire Elementals","player_choice":"BASIC","floor":12,"damage_taken":0},{"event_name":"Vampires","player_choice":"Ignored","floor":21,"damage_taken":0},{"event_name":"Purifier","player_choice":"One Purge","floor":25,"damage_taken":0},{"event_name":"The Library","player_choice":"Heal","floor":31,"damage_taken":0},{"event_name":"Tomb of Lord Red Mask","player_choice":"Ignored","floor":36,"damage_taken":0},{"event_name":"MindBloom","player_choice":"Fight","floor":37,"damage_taken":0},{"event_name":"SecretPortal","player_choice":"Rejected Portal.","floor":44,"damage_taken":0},{"event_name":"Match and Keep!","player_choice":"0 cards matched","floor":47,"damage_taken":0},{"event_name":"Accursed Blacksmith","player_choice":"Ignore","floor":48,"damage_taken":0}],"boss_relics":[{"not_picked":["Calling Bell","Busted Crown"],"picked":"Coffee Dripper"},{"not_picked":["Snecko Eye","Fusion Hammer"],"picked":"Runic Dome"}],"items_purged_floors":[4,14,20,39],"is_endless":false,"potions_floor_spawned":[3,8,16,19,27,33,37,38,41],"ascension_level":0}