{"gold_per_floor":[113,132,97,107,26,26,46,46,46,76,87,162,5,20,20,20],"floor_reached":16,"playtime":944,"items_purged":[],"score":204,"play_id":"d4f08f22-ccd9-4a2f-acc1-f833a03e0031","local_time":"20190520113213","is_ascension_mode":true,"campfire_choices":[{"data":"All Out Attack","floor":6.0,"key":"SMITH"},{"data":"Deadly Poison","floor":8.0,"key":"SMITH"},{"floor":15.0,"key":"REST"}],"neow_cost":"PERCENT_DAMAGE","seed_source_timestamp":682234803862200,"circlet_count":0,"master_deck":["AscendersBane","Defend_G","Defend_G","Defend_G","Defend_G","Strike_G","Strike_G","Strike_G","Strike_G","Survivor","Neutralize","All Out Attack+1","Sucker Punch","Sucker Punch","Deadly Poison+1","Backflip","Cloak And Dagger","A Thousand Cuts","Escape Plan","Slice","Finisher","Blade Dance"],"special_seed":0,"relics":["Ring of the Snake","Question Card","Letter Opener"],"potions_floor_usage":[16,16],"damage_taken":[{"damage":0.0,"enemies":"2 Louse","floor":1.0,"turns":3.0},{"damage":14.0,"enemies":"Jaw Worm","floor":2.0,"turns":5.0},{"damage":1.0,"enemies":"Cultist","floor":4.0,"turns":4.0},{"damage":4.0,"enemies":"Blue Slaver","floor":7.0,"turns":4.0},{"damage":8.0,"enemies":"Lagavulin","floor":10.0,"turns":8.0},{"damage":18.0,"enemies":"Exordium Thugs","floor":11.0,"turns":6.0},{"damage":0.0,"enemies":"Large Slime","floor":14.0,"turns":4.0},{"damage":24,"enemies":"Slime Boss","floor":16,"turns":6}],"seed_played":"8310167431381800183","potions_obtained":[{"floor":1.0,"key":"EssenceOfSteel"},{"floor":4.0,"key":"LiquidBronze"},{"floor":10.0,"key":"Dexterity Potion"}],"is_trial":false,"path_per_floor":["M","M","?","M","$","R","M","R","T","E","M","?","$","M","R","B"],"character_chosen":"THE_SILENT","items_purchased":["Deadly Poison","Backflip","FearPotion","Slice","Finisher"],"campfire_rested":1,"item_purchase_floors":[5,5,13,13,13],"current_hp_per_floor":[44,30,46,45,45,45,41,41,41,33,15,4,4,4,23,0],"gold":20,"neow_bonus":"REMOVE_TWO","is_prod":false,"is_daily":false,"chose_seed":false,"campfire_upgraded":2,"win_rate":0,"timestamp":1558341133,"path_taken":["M","M","?","M","$","R","M","R","T","E","M","?","$","M","R","BOSS"],"build_version":"2019-01-23","purchased_purges":0,"victory":false,"max_hp_per_floor":[66,66,66,66,66,66,66,66,66,66,66,66,66,66,66,66],"card_choices":[{"not_picked":["Quick Slash","Slice"],"picked":"All Out Attack","floor":1.0},{"not_picked":["Slice","Backflip"],"picked":"Sucker Punch","floor":2.0},{"not_picked":["Bane","Flechettes"],"picked":"Sucker Punch","floor":4.0},{"not_picked":["Sucker Punch","Masterful Stab"],"picked":"Cloak And Dagger","floor":7.0},{"not_picked":["Calculated Gamble","Blade Dance","Quick Slash"],"picked":"A Thousand Cuts","floor":10.0},{"not_picked":["Dash","Prepared","All Out Attack"],"picked":"Escape Plan","floor":11.0},{"not_picked":["Flying Knee","Blur","Reflex"],"picked":"Blade Dance","floor":14.0}],"player_experience":1318670,"relics_obtained":[{"floor":9.0,"key":"Question Card"},{"floor":10.0,"key":"Letter Opener"}],"event_choices":[{"damage_healed":16.0,"max_hp_gain":0.0,"max_hp_loss":0.0,"gold_gain":0.0,"event_name":"The Cleric","player_choice":"Healed","floor":3.0,"gold_loss":35.0,"damage_taken":0.0},{"damage_healed":0.0,"max_hp_gain":0.0,"max_hp_loss":0.0,"gold_gain":75.0,"event_name":"World of Goop","player_choice":"Gather Gold","floor":12.0,"gold_loss":0.0,"damage_taken":11.0}],"is_beta":false,"boss_relics":[],"items_purged_floors":[],"is_endless":false,"potions_floor_spawned":[1,4,10,11],"killed_by":"Slime Boss","ascension_level":20}