{"gold_per_floor":[115,115,40,53,70,70,99,110,110,110,135,135,35,52,52,147,147,167,19,36,0,18,18,47,64,114,127,127,137,137,162,162,265,265,275,275,2,16,116,143,143,73,120,139,139,99,116,131,131,131],"floor_reached":51,"playtime":4004,"items_purged":["Strike_G","Strike_G","Strike_G"],"score":1018,"play_id":"8d50d20a-b4ab-4a9f-a705-f138bf533f00","local_time":"20191007142014","is_ascension_mode":true,"campfire_choices":[{"data":"Well Laid Plans","floor":6.0,"key":"SMITH"},{"data":"Bouncing Flask","floor":10.0,"key":"SMITH"},{"floor":15.0,"key":"REST"},{"data":"Crippling Poison","floor":23,"key":"SMITH"},{"data":"Malaise","floor":28,"key":"SMITH"},{"data":"Noxious Fumes","floor":32,"key":"SMITH"},{"data":"Catalyst","floor":41,"key":"SMITH"},{"data":"Footwork","floor":45,"key":"SMITH"},{"data":"Deadly Poison","floor":49,"key":"SMITH"}],"neow_cost":"NONE","seed_source_timestamp":2135324677428300,"circlet_count":0,"master_deck":["Strike_G","Defend_G","Defend_G","Defend_G","Defend_G","Defend_G","Survivor","Neutralize+1","Well Laid Plans+1","Backflip","Deadly Poison+1","Bouncing Flask+1","Deadly Poison","Crippling Poison+1","Malaise+1","Deflect","PiercingWail","Noxious Fumes+1","Caltrops+1","Bullet Time","Catalyst+1","Acrobatics+1","Footwork+1","Dodge and Roll"],"special_seed":0,"relics":["Ring of the Snake","Gremlin Horn","Mercury Hourglass","Potion Belt","Coffee Dripper","Orichalcum","Bottled Lightning","Oddly Smooth Stone","Tingsha","Busted Crown","Blood Vial","Shovel","InkBottle","Juzu Bracelet"],"potions_floor_usage":[35,40,47,47,50,50,50,50],"damage_taken":[{"damage":4.0,"enemies":"Small Slimes","floor":1.0,"turns":4.0},{"damage":2.0,"enemies":"Jaw Worm","floor":4.0,"turns":6.0},{"damage":0.0,"enemies":"2 Louse","floor":5.0,"turns":2.0},{"damage":29.0,"enemies":"3 Sentries","floor":7.0,"turns":13.0},{"damage":2.0,"enemies":"Large Slime","floor":8.0,"turns":6.0},{"damage":10.0,"enemies":"Lagavulin","floor":11.0,"turns":5.0},{"damage":0.0,"enemies":"Blue Slaver","floor":14.0,"turns":3.0},{"damage":10.0,"enemies":"The Guardian","floor":16.0,"turns":7.0},{"damage":1,"enemies":"Shell Parasite","floor":18,"turns":5},{"damage":0,"enemies":"3 Byrds","floor":20,"turns":4},{"damage":3,"enemies":"Snake Plant","floor":22,"turns":6},{"damage":19,"enemies":"Slavers","floor":24,"turns":5},{"damage":9,"enemies":"Sentry and Sphere","floor":25,"turns":4},{"damage":0,"enemies":"Cultist and Chosen","floor":27,"turns":5},{"damage":0,"enemies":"3 Cultists","floor":29,"turns":4},{"damage":2,"enemies":"Book of Stabbing","floor":31,"turns":7},{"damage":25,"enemies":"Champ","floor":33,"turns":10},{"damage":4,"enemies":"3 Darklings","floor":35,"turns":4},{"damage":9,"enemies":"Orb Walker","floor":38,"turns":4},{"damage":0,"enemies":"Mind Bloom Boss Battle","floor":39,"turns":6},{"damage":22,"enemies":"Giant Head","floor":40,"turns":8},{"damage":1,"enemies":"Jaw Worm Horde","floor":44,"turns":4},{"damage":0,"enemies":"Sphere and 2 Shapes","floor":47,"turns":3},{"damage":0,"enemies":"Maw","floor":48,"turns":6},{"damage":12,"enemies":"Awakened One","floor":50,"turns":13}],"seed_played":"1508087396260021700","potions_obtained":[{"floor":5.0,"key":"SteroidPotion"},{"floor":8.0,"key":"Dexterity Potion"},{"floor":16.0,"key":"AttackPotion"},{"floor":24,"key":"EssenceOfSteel"},{"floor":25,"key":"Block Potion"},{"floor":33,"key":"CunningPotion"},{"floor":39,"key":"Block Potion"},{"floor":44,"key":"Strength Potion"},{"floor":46,"key":"EssenceOfSteel"},{"floor":46,"key":"GamblersBrew"},{"floor":46,"key":"AttackPotion"},{"floor":47,"key":"Dexterity Potion"}],"is_trial":false,"path_per_floor":["M","?","$","M","M","R","E","M","T","R","E","?","$","M","R","B",null,"M","$","M","?","M","R","E","M","T","M","R","M","?","E","R","B",null,"M","?","$","M","?","E","R","$","T","M","R","?","M","M","R","B",null],"character_chosen":"THE_SILENT","items_purchased":["Orichalcum","Blood Vial","Footwork"],"campfire_rested":1,"item_purchase_floors":[19,37,42],"current_hp_per_floor":[66,66,66,64,64,64,35,33,33,33,23,16,16,16,37,27,70,69,69,69,69,66,66,47,38,38,38,38,38,38,36,36,11,70,66,66,66,59,61,41,41,41,41,42,42,42,44,46,46,36],"gold":131,"neow_bonus":"UPGRADE_CARD","is_prod":false,"is_daily":false,"chose_seed":false,"campfire_upgraded":8,"win_rate":0,"timestamp":1570422014,"path_taken":["M","?","$","M","M","R","E","M","T","R","E","?","?","M","R","BOSS","M","$","M","?","M","R","E","M","T","M","R","M","?","E","R","BOSS","M","?","$","M","?","E","R","$","T","M","R","?","M","M","R","BOSS"],"build_version":"2019-10-04","purchased_purges":3,"victory":true,"max_hp_per_floor":[70,70,70,70,70,70,70,70,70,70,70,70,70,70,70,70,70,70,70,70,70,70,70,70,70,70,70,70,70,70,70,70,70,70,70,70,70,70,70,70,70,70,70,70,70,70,70,70,70,70],"card_choices":[{"not_picked":["Prepared","Leg Sweep"],"picked":"Well Laid Plans","floor":1.0},{"not_picked":["Caltrops","Bane"],"picked":"Backflip","floor":4.0},{"not_picked":["Flying Knee","Terror"],"picked":"Deadly Poison","floor":5.0},{"not_picked":["Backflip","Burst"],"picked":"Bouncing Flask","floor":7.0},{"not_picked":["Flechettes","Dodge and Roll"],"picked":"Deadly Poison","floor":8.0},{"not_picked":["Unload","Choke","Acrobatics"],"picked":"SKIP","floor":11.0},{"not_picked":["Endless Agony","Underhanded Strike"],"picked":"Crippling Poison","floor":14.0},{"not_picked":["Corpse Explosion","Tools of the Trade"],"picked":"Malaise","floor":16.0},{"not_picked":["Quick Slash","Outmaneuver","Dagger Throw"],"picked":"SKIP","floor":18},{"not_picked":["Catalyst","Blade Dance+1"],"picked":"Deflect","floor":20},{"not_picked":["Riddle With Holes","Predator+1","All Out Attack"],"picked":"SKIP","floor":22},{"not_picked":["Dagger Throw","Phantasmal Killer","Outmaneuver+1"],"picked":"SKIP","floor":24},{"not_picked":["Dodge and Roll","Deflect"],"picked":"PiercingWail","floor":25},{"not_picked":["Dagger Throw+1","Underhanded Strike+1","Blade Dance"],"picked":"SKIP","floor":27},{"not_picked":["Blade Dance","Outmaneuver"],"picked":"Noxious Fumes","floor":29},{"not_picked":["Flechettes","Skewer"],"picked":"Caltrops+1","floor":31},{"not_picked":["Malaise","Corpse Explosion"],"picked":"Bullet Time","floor":33},{"not_picked":["Heel Hook+1"],"picked":"SKIP","floor":35},{"not_picked":[],"picked":"Catalyst","floor":38},{"not_picked":[],"picked":"Acrobatics+1","floor":39},{"not_picked":["Acrobatics"],"picked":"SKIP","floor":40},{"not_picked":["Blade Dance"],"picked":"SKIP","floor":44},{"not_picked":[],"picked":"Dodge and Roll","floor":47},{"not_picked":["Dagger Spray"],"picked":"SKIP","floor":48}],"player_experience":18118,"relics_obtained":[{"floor":7.0,"key":"Gremlin Horn"},{"floor":9.0,"key":"Mercury Hourglass"},{"floor":11.0,"key":"Potion Belt"},{"floor":24,"key":"Bottled Lightning"},{"floor":26,"key":"Oddly Smooth Stone"},{"floor":31,"key":"Tingsha"},{"floor":39,"key":"Shovel"},{"floor":40,"key":"InkBottle"},{"floor":43,"key":"Juzu Bracelet"}],"event_choices":[{"damage_healed":0.0,"max_hp_gain":0.0,"max_hp_loss":0.0,"gold_gain":0.0,"event_name":"Liars Game","player_choice":"Ignored","floor":2.0,"gold_loss":0.0,"damage_taken":0.0},{"cards_removed":["Strike_G"],"damage_healed":0.0,"max_hp_gain":0.0,"max_hp_loss":0.0,"gold_gain":0.0,"event_name":"Golden Wing","player_choice":"Card Removal","floor":12.0,"gold_loss":0.0,"damage_taken":7.0},{"damage_healed":0,"gold_gain":0,"player_choice":"Paid Fearfully","damage_taken":0,"max_hp_gain":0,"max_hp_loss":0,"event_name":"Masked Bandits","floor":21,"gold_loss":36},{"damage_healed":0,"gold_gain":0,"player_choice":"Ignored","damage_taken":0,"max_hp_gain":0,"max_hp_loss":0,"event_name":"The Mausoleum","floor":30,"gold_loss":0},{"damage_healed":0,"gold_gain":0,"player_choice":"Memory 1","damage_taken":0,"max_hp_gain":0,"max_hp_loss":0,"event_name":"SensoryStone","floor":36,"gold_loss":0},{"damage_healed":0,"gold_gain":0,"player_choice":"Fight","damage_taken":0,"max_hp_gain":0,"max_hp_loss":0,"event_name":"MindBloom","floor":39,"gold_loss":0},{"damage_healed":0,"gold_gain":0,"player_choice":"Bought 3 Potions","damage_taken":0,"max_hp_gain":0,"max_hp_loss":0,"event_name":"The Woman in Blue","floor":46,"gold_loss":0}],"is_beta":true,"boss_relics":[{"not_picked":["HoveringKite","Empty Cage"],"picked":"Coffee Dripper"},{"not_picked":["Velvet Choker","SacredBark"],"picked":"Busted Crown"}],"items_purged_floors":[3,13,37],"is_endless":false,"potions_floor_spawned":[5,8,16,24,25,29,33,39,44,47],"ascension_level":2}