{"gold_per_floor":[117,130,150,165,181,181,200,200,200,218,253,253,253,253,253,324,324,338,190,190,208,218,218,246,246,314,326,351,383,414,437,449,538,550,575,193,193,208,208,240,10,10,55,72,72,87,87,105,105,105],"floor_reached":51,"playtime":4658,"items_purged":["Strike_B","Strike_B"],"score":1102,"play_id":"d63c08cb-3391-4fc5-a05f-f4ea709b51c3","local_time":"20190916042428","is_ascension_mode":true,"campfire_choices":[{"floor":6.0,"key":"REST"},{"floor":8.0,"key":"DIG"},{"floor":12.0,"key":"DIG"},{"floor":15.0,"key":"REST"},{"data":"Defragment","floor":23.0,"key":"SMITH"},{"floor":25.0,"key":"DIG"},{"data":"Glacier","floor":32.0,"key":"SMITH"},{"floor":45.0,"key":"DIG"},{"floor":49.0,"key":"DIG"}],"neow_cost":"PERCENT_DAMAGE","seed_source_timestamp":178094818114200,"circlet_count":0,"master_deck":["AscendersBane","Strike_B+1","Strike_B+1","Defend_B+1","Defend_B+1","Defend_B+1","Defend_B+1","Zap+1","Dualcast+1","Sweeping Beam+1","Cold Snap+1","Ball Lightning+1","Conserve Battery+1","Conserve Battery+1","Hologram+1","Echo Form+1","Machine Learning+1","Steam+1","Turbo+1","Defragment+1","Chill+1","Stack+1","BootSequence+1","Steam+1","Compile Driver+1","Glacier+1","Machine Learning+1","Coolheaded+1","Defragment+1","Panache+1","Good Instincts+1","Blind+1","Glacier+1","Reboot","Parasite"],"special_seed":0,"relics":["Cracked Core","Shovel","DataDisk","Oddly Smooth Stone","Potion Belt","Meat on the Bone","White Beast Statue","Ornamental Fan","MawBank","Tiny Chest","Nuclear Battery","Question Card","Lantern","Bag of Marbles","Mark of the Bloom","Art of War","Smiling Mask","Turnip"],"potions_floor_usage":[50,50],"damage_taken":[{"damage":4.0,"enemies":"Small Slimes","floor":1.0,"turns":4.0},{"damage":12.0,"enemies":"Jaw Worm","floor":2.0,"turns":3.0},{"damage":2.0,"enemies":"2 Louse","floor":3.0,"turns":2.0},{"damage":13.0,"enemies":"Exordium Wildlife","floor":4.0,"turns":3.0},{"damage":0.0,"enemies":"Large Slime","floor":5.0,"turns":5.0},{"damage":3.0,"enemies":"2 Fungi Beasts","floor":7.0,"turns":4.0},{"damage":0.0,"enemies":"3 Louse","floor":10.0,"turns":3.0},{"damage":7.0,"enemies":"3 Sentries","floor":11.0,"turns":6.0},{"damage":7.0,"enemies":"The Guardian","floor":16.0,"turns":12.0},{"damage":22.0,"enemies":"2 Thieves","floor":18.0,"turns":5.0},{"damage":22.0,"enemies":"3 Byrds","floor":21.0,"turns":7.0},{"damage":2.0,"enemies":"Snecko","floor":22.0,"turns":6.0},{"damage":17.0,"enemies":"Gremlin Leader","floor":24.0,"turns":9.0},{"damage":0.0,"enemies":"Shelled Parasite and Fungi","floor":28.0,"turns":10.0},{"damage":7.0,"enemies":"Sentry and Sphere","floor":29.0,"turns":10.0},{"damage":10.0,"enemies":"Centurion and Healer","floor":30.0,"turns":11.0},{"damage":0.0,"enemies":"Shelled Parasite and Fungi","floor":31.0,"turns":14.0},{"damage":17.0,"enemies":"Champ","floor":33.0,"turns":26.0},{"damage":0.0,"enemies":"Orb Walker","floor":35.0,"turns":6.0},{"damage":3.0,"enemies":"3 Shapes","floor":38.0,"turns":9.0},{"damage":35.0,"enemies":"Nemesis","floor":40.0,"turns":15.0},{"damage":15.0,"enemies":"Transient","floor":44.0,"turns":5.0},{"damage":0.0,"enemies":"Writhing Mass","floor":46.0,"turns":8.0},{"damage":0.0,"enemies":"Maw","floor":48.0,"turns":10.0},{"damage":21,"enemies":"Donu and Deca","floor":50,"turns":16}],"seed_played":"7736490843985449568","potions_obtained":[{"floor":2.0,"key":"Ancient Potion"},{"floor":4.0,"key":"Swift Potion"},{"floor":11.0,"key":"Fire Potion"},{"floor":18.0,"key":"Energy Potion"},{"floor":21.0,"key":"Swift Potion"},{"floor":24.0,"key":"Energy Potion"},{"floor":28.0,"key":"Poison Potion"},{"floor":29.0,"key":"Weak Potion"},{"floor":30.0,"key":"SkillPotion"},{"floor":31.0,"key":"Strength Potion"},{"floor":33.0,"key":"Weak Potion"},{"floor":35.0,"key":"Strength Potion"},{"floor":38.0,"key":"Regen Potion"},{"floor":40.0,"key":"Regen Potion"}],"is_trial":false,"path_per_floor":["M","M","M","M","M","R","M","R","T","M","E","R","?","?","R","B",null,"M","$","?","M","M","R","E","R","T","?","M","M","M","M","R","B",null,"M","$","?","M","T","E","$","?","T","M","R","M","?","M","R","B",null],"character_chosen":"DEFECT","items_purchased":["Block Potion","Turbo","Coolheaded","Defragment","Panache","Glacier","Bag of Marbles"],"campfire_rested":2,"item_purchase_floors":[19,19,36,36,36,41,41],"current_hp_per_floor":[46,34,32,19,19,41,38,38,38,38,31,31,16,16,38,43,67,45,45,45,35,45,45,40,40,40,26,38,43,45,45,45,40,70,70,70,65,62,62,42,42,42,42,27,27,27,27,27,27,6],"gold":105,"neow_bonus":"ONE_RARE_RELIC","is_prod":false,"is_daily":false,"chose_seed":false,"campfire_upgraded":2,"win_rate":0,"timestamp":1568575468,"path_taken":["M","M","M","M","M","R","M","R","T","M","E","R","?","?","R","BOSS","M","$","?","M","M","R","E","R","T","?","M","?","M","M","R","BOSS","M","$","?","M","?","E","$","?","T","M","R","M","?","?","R","BOSS"],"build_version":"2019-07-17","purchased_purges":2,"victory":true,"max_hp_per_floor":[75,75,75,75,75,75,75,75,75,75,75,75,75,75,75,75,75,75,75,75,75,75,75,75,75,75,80,80,80,80,80,80,80,80,80,80,80,80,80,80,80,80,80,80,80,80,80,80,80,80],"card_choices":[{"not_picked":["Turbo","Conserve Battery"],"picked":"Sweeping Beam","floor":1.0},{"not_picked":["Fusion","Turbo"],"picked":"Cold Snap","floor":2.0},{"not_picked":["Compile Driver","Creative AI"],"picked":"Ball Lightning","floor":3.0},{"not_picked":["Hologram","Melter"],"picked":"Conserve Battery","floor":4.0},{"not_picked":["Hello World","Cold Snap"],"picked":"Conserve Battery","floor":5.0},{"not_picked":["Beam Cell","Recycle","Redo"],"picked":"SKIP","floor":7.0},{"not_picked":["Beam Cell","Undo"],"picked":"Hologram","floor":10.0},{"not_picked":["Capacitor","Storm"],"picked":"Echo Form","floor":11.0},{"not_picked":["Biased Cognition","Reboot"],"picked":"Machine Learning","floor":16.0},{"not_picked":["Stack","Redo"],"picked":"Steam+1","floor":18.0},{"not_picked":["Doom and Gloom","Auto Shields"],"picked":"Defragment","floor":21.0},{"not_picked":["Coolheaded","Streamline"],"picked":"Chill","floor":22.0},{"not_picked":["Go for the Eyes","Static Discharge"],"picked":"Stack","floor":24.0},{"not_picked":["Fusion","Hologram"],"picked":"BootSequence","floor":28.0},{"not_picked":["Go for the Eyes","Gash"],"picked":"Steam","floor":29.0},{"not_picked":["Redo","Stack"],"picked":"Compile Driver","floor":30.0},{"not_picked":["Blizzard","Stack"],"picked":"Glacier","floor":31.0},{"not_picked":["Reboot","Hyperbeam"],"picked":"Machine Learning","floor":33.0},{"not_picked":["Scrape+1","Stack+1","Static Discharge"],"picked":"SKIP","floor":35.0},{"not_picked":["Swift Strike","Madness"],"picked":"Good Instincts","floor":37.0},{"not_picked":["HandOfGreed","Jack Of All Trades"],"picked":"Blind","floor":37.0},{"not_picked":["Ball Lightning","Barrage+1","Beam Cell"],"picked":"SKIP","floor":38.0},{"not_picked":["Hologram","Turbo","Redo","Go for the Eyes+1"],"picked":"SKIP","floor":40.0},{"not_picked":["Loop","Chill","Go for the Eyes+1"],"picked":"Reboot","floor":44.0},{"not_picked":["Storm+1","Turbo","Glacier","Cold Snap"],"picked":"SKIP","floor":46.0},{"not_picked":["Coolheaded","Hyperbeam","Doom and Gloom+1","Ball Lightning+1"],"picked":"SKIP","floor":48.0}],"player_experience":339542,"relics_obtained":[{"floor":8.0,"key":"DataDisk"},{"floor":9.0,"key":"Oddly Smooth Stone"},{"floor":11.0,"key":"Potion Belt"},{"floor":12.0,"key":"Meat on the Bone"},{"floor":24.0,"key":"Ornamental Fan"},{"floor":25.0,"key":"MawBank"},{"floor":26.0,"key":"Tiny Chest"},{"floor":39.0,"key":"Question Card"},{"floor":40.0,"key":"Lantern"},{"floor":43.0,"key":"Art of War"},{"floor":45.0,"key":"Smiling Mask"},{"floor":49.0,"key":"Turnip"}],"event_choices":[{"damage_healed":0.0,"max_hp_gain":0.0,"max_hp_loss":0.0,"gold_gain":0.0,"event_name":"Shining Light","player_choice":"Entered Light","floor":13.0,"gold_loss":0.0,"damage_taken":15.0,"cards_upgraded":["Defend_B","Sweeping Beam"]},{"damage_healed":0.0,"max_hp_gain":0.0,"max_hp_loss":0.0,"gold_gain":0.0,"event_name":"Scrap Ooze","player_choice":"Fled","floor":14.0,"gold_loss":0.0,"damage_taken":0.0},{"damage_healed":0.0,"max_hp_gain":0.0,"max_hp_loss":0.0,"gold_gain":0.0,"event_name":"Ghosts","player_choice":"Ignored","floor":20.0,"gold_loss":0.0,"damage_taken":0.0},{"damage_healed":0.0,"max_hp_gain":5.0,"max_hp_loss":0.0,"gold_gain":0.0,"event_name":"Forgotten Altar","player_choice":"Shed Blood","floor":27.0,"gold_loss":0.0,"damage_taken":19.0},{"damage_healed":0.0,"max_hp_gain":0.0,"max_hp_loss":0.0,"gold_gain":0.0,"event_name":"SensoryStone","player_choice":"Memory 2","floor":37.0,"gold_loss":0.0,"damage_taken":5.0},{"damage_healed":0.0,"max_hp_gain":0.0,"max_hp_loss":0.0,"gold_gain":0.0,"event_name":"MindBloom","player_choice":"Upgrade","floor":42.0,"gold_loss":0.0,"damage_taken":0.0,"cards_upgraded":["Strike_B","Strike_B","Defend_B","Defend_B","Defend_B","Zap","Dualcast","Cold Snap","Ball Lightning","Conserve Battery","Conserve Battery","Hologram","Echo Form","Machine Learning","Turbo","Chill","Stack","BootSequence","Steam","Compile Driver","Machine Learning","Coolheaded","Defragment","Panache","Good Instincts","Blind","Glacier"],"relics_obtained":["Mark of the Bloom"]},{"damage_healed":0.0,"max_hp_gain":0.0,"max_hp_loss":0.0,"gold_gain":0.0,"event_name":"Mysterious Sphere","player_choice":"Ignored","floor":47.0,"gold_loss":0.0,"damage_taken":0.0}],"is_beta":false,"boss_relics":[{"not_picked":["Cursed Key","Calling Bell"],"picked":"White Beast Statue"},{"not_picked":["Eternal Feather","Snecko Eye"],"picked":"Nuclear Battery"}],"items_purged_floors":[19,36],"is_endless":false,"potions_floor_spawned":[2,4,7,11,18,21,22,24,28,29,30,31,33,35,38,40,44,46,48],"ascension_level":13}