{"gold_per_floor":[214,225,225,68,68,68,48,86,86,107,132,132,167,194,206,218],"floor_reached":16,"playtime":529,"items_purged":[],"score":220,"play_id":"9f802575-d159-4c28-b6d2-aa6df442ce34","local_time":"20190325134305","is_ascension_mode":true,"campfire_choices":[{"data":"Blind","floor":6,"key":"SMITH"},{"floor":12,"key":"REST"},{"data":"Heavy Blade","floor":15,"key":"SMITH"}],"neow_cost":"NONE","seed_source_timestamp":616198005142300,"circlet_count":0,"master_deck":["AscendersBane","Strike_R","Strike_R+1","Strike_R","Strike_R","Strike_R","Defend_R","Defend_R","Defend_R+1","Defend_R","Bash","Spot Weakness","Shrug It Off","Heavy Blade+1","Blind+1","Sword Boomerang","Iron Wave","Limit Break","Sword Boomerang"],"relics":["Burning Blood","Golden Idol","Dodecahedron","Kunai","MawBank"],"potions_floor_usage":[8,8,13],"damage_taken":[{"damage":2,"enemies":"Cultist","floor":1,"turns":4},{"damage":2,"enemies":"2 Louse","floor":2,"turns":3},{"damage":31,"enemies":"Gremlin Nob","floor":8,"turns":4},{"damage":0,"enemies":"Small Slimes","floor":10,"turns":3},{"damage":15,"enemies":"Gremlin Gang","floor":11,"turns":5},{"damage":32,"enemies":"3 Sentries","floor":13,"turns":8},{"damage":2,"enemies":"2 Fungi Beasts","floor":14,"turns":3},{"damage":24,"enemies":"Hexaghost","floor":16,"turns":7}],"seed_played":"-6071620927975864572","potions_obtained":[{"floor":1,"key":"SkillPotion"},{"floor":7,"key":"SkillPotion"},{"floor":11,"key":"Energy Potion"}],"is_trial":false,"path_per_floor":["M","M","?","$","?","R","?","E","T","M","M","R","E","M","R","B"],"character_chosen":"IRONCLAD","items_purchased":["Heavy Blade","Blind"],"campfire_rested":1,"item_purchase_floors":[4,4],"current_hp_per_floor":[72,75,68,68,48,48,48,23,23,29,20,40,14,18,18,0],"gold":218,"neow_bonus":"HUNDRED_GOLD","is_prod":false,"is_daily":false,"chose_seed":false,"campfire_upgraded":2,"win_rate":0,"timestamp":1553510585,"path_taken":["M","?","?","$","?","R","?","E","T","M","?","R","E","M","R","BOSS"],"build_version":"2019-01-23","purchased_purges":0,"victory":false,"max_hp_per_floor":[75,75,68,68,68,68,68,68,68,68,68,68,68,68,68,68],"card_choices":[{"not_picked":["Flex","Headbutt"],"picked":"Spot Weakness","floor":1},{"not_picked":["True Grit","Clash"],"picked":"Shrug It Off","floor":2},{"not_picked":["Blood for Blood","Entrench"],"picked":"Sword Boomerang","floor":8},{"not_picked":["Twin Strike","Evolve"],"picked":"Iron Wave","floor":10},{"not_picked":["Ghostly Armor","Wild Strike"],"picked":"Limit Break","floor":11},{"not_picked":["Feel No Pain","Pummel"],"picked":"Sword Boomerang","floor":13},{"not_picked":["Perfected Strike","Sword Boomerang","Havoc"],"picked":"SKIP","floor":14}],"player_experience":1018630,"relics_obtained":[{"floor":8,"key":"Dodecahedron"},{"floor":9,"key":"Kunai"},{"floor":13,"key":"MawBank"}],"event_choices":[{"damage_healed":0,"gold_gain":0,"player_choice":"Lose Max HP","damage_taken":0,"relics_obtained":["Golden Idol"],"max_hp_gain":0,"max_hp_loss":7,"event_name":"Golden Idol","floor":3,"gold_loss":0},{"damage_healed":0,"gold_gain":0,"player_choice":"Entered Light","damage_taken":20,"max_hp_gain":0,"max_hp_loss":0,"event_name":"Shining Light","floor":5,"gold_loss":0,"cards_upgraded":["Defend_R","Strike_R"]},{"damage_healed":0,"gold_gain":0,"player_choice":"Bought 1 Potion","damage_taken":0,"max_hp_gain":0,"max_hp_loss":0,"event_name":"The Woman in Blue","floor":7,"gold_loss":0}],"is_beta":false,"boss_relics":[],"items_purged_floors":[],"is_endless":false,"potions_floor_spawned":[1,11],"killed_by":"Hexaghost","ascension_level":20}