{"gold_per_floor":[119,119,129,144,144,179,179,192,192,267,180,2,2],"floor_reached":13,"playtime":340,"items_purged":["Strike_B"],"score":166,"play_id":"7f97f997-8fca-4021-8f3f-476160080a62","local_time":"20190427130617","is_ascension_mode":true,"campfire_choices":[{"floor":7,"key":"REST"}],"neow_cost":"NONE","seed_source_timestamp":367391242172200,"circlet_count":0,"master_deck":["AscendersBane","Strike_B","Strike_B","Strike_B","Defend_B","Defend_B","Defend_B","Defend_B","Zap","Dualcast","Cold Snap+1","Gash+1","Go for the Eyes+1","Buffer","Scrape+1","Trip"],"relics":["Fusion Hammer","Molten Egg 2","Bag of Preparation","Ornamental Fan"],"potions_floor_usage":[6,13],"damage_taken":[{"damage":7,"enemies":"Small Slimes","floor":1,"turns":4},{"damage":0,"enemies":"2 Louse","floor":3,"turns":3},{"damage":0,"enemies":"Jaw Worm","floor":4,"turns":3},{"damage":19,"enemies":"Lagavulin","floor":6,"turns":7},{"damage":4,"enemies":"3 Louse","floor":8,"turns":4},{"damage":28,"enemies":"Gremlin Nob","floor":13,"turns":3}],"seed_played":"-4712184475998210730","potions_obtained":[{"floor":1,"key":"SpeedPotion"},{"floor":8,"key":"Weak Potion"}],"is_trial":false,"path_per_floor":["M","?","M","M","?","E","R","M","T","?","$","$","E"],"character_chosen":"DEFECT","items_purchased":["Scrape+1","Trip"],"campfire_rested":1,"item_purchase_floors":[11,12],"current_hp_per_floor":[57,22,22,22,22,3,24,20,20,9,9,9,0],"gold":2,"neow_bonus":"BOSS_RELIC","is_prod":false,"is_daily":false,"chose_seed":false,"campfire_upgraded":0,"win_rate":0,"timestamp":1556359577,"path_taken":["M","?","M","M","?","E","R","M","T","?","?","$","E"],"build_version":"2019-01-23","purchased_purges":1,"victory":false,"max_hp_per_floor":[71,71,71,71,71,71,71,71,71,71,71,71,71],"card_choices":[{"not_picked":["Reprogram","Fusion","Redo"],"picked":"SKIP","floor":1},{"not_picked":["Conserve Battery","Reprogram"],"picked":"Cold Snap+1","floor":3},{"not_picked":["Steam","Turbo"],"picked":"Gash+1","floor":4},{"not_picked":["Stack","Streamline+1"],"picked":"Go for the Eyes+1","floor":6},{"not_picked":["Darkness","Redo"],"picked":"Buffer","floor":8}],"player_experience":1240978,"relics_obtained":[{"floor":6,"key":"Bag of Preparation"},{"floor":9,"key":"Ornamental Fan"}],"event_choices":[{"damage_healed":0,"gold_gain":0,"player_choice":"Success","damage_taken":35,"relics_obtained":["Molten Egg 2"],"max_hp_gain":0,"max_hp_loss":0,"event_name":"Scrap Ooze","floor":2,"gold_loss":0},{"damage_healed":0,"gold_gain":0,"player_choice":"Ignored","damage_taken":0,"max_hp_gain":0,"max_hp_loss":0,"event_name":"Golden Wing","floor":5,"gold_loss":0},{"damage_healed":0,"gold_gain":75,"player_choice":"Gather Gold","damage_taken":11,"max_hp_gain":0,"max_hp_loss":0,"event_name":"World of Goop","floor":10,"gold_loss":0}],"is_beta":false,"boss_relics":[],"items_purged_floors":[12],"is_endless":false,"potions_floor_spawned":[1,8],"killed_by":"Gremlin Nob","ascension_level":20}