{"gold_per_floor":[117,134,134,151,4,4,31,41,41,41],"floor_reached":10,"playtime":382,"items_purged":[],"score":136,"play_id":"03168c28-02b1-457a-a698-9a7a321cb84b","local_time":"20190526090404","is_ascension_mode":true,"campfire_choices":[{"data":"Catalyst","floor":6,"key":"SMITH"}],"neow_cost":"NONE","seed_source_timestamp":1192600515094700,"circlet_count":0,"master_deck":["AscendersBane","Defend_G","Defend_G","Defend_G","Defend_G","Defend_G","Strike_G","Strike_G","Strike_G","Strike_G","Survivor","Neutralize","Catalyst+1","Deadly Poison","Bane","Footwork","Dodge and Roll","Noxious Fumes"],"relics":["Ring of the Snake","Snake Skull","Regal Pillow"],"potions_floor_usage":[7,7,7,8],"damage_taken":[{"damage":5,"enemies":"2 Louse","floor":1,"turns":3},{"damage":3,"enemies":"Cultist","floor":2,"turns":4},{"damage":4,"enemies":"Small Slimes","floor":4,"turns":4},{"damage":1,"enemies":"Lagavulin","floor":7,"turns":7},{"damage":15,"enemies":"3 Louse","floor":8,"turns":3},{"damage":35,"enemies":"Gremlin Nob","floor":10,"turns":3}],"seed_played":"9195263439217432557","potions_obtained":[{"floor":1,"key":"Weak Potion"},{"floor":2,"key":"EntropicBrew"},{"floor":7,"key":"Swift Potion"}],"is_trial":false,"path_per_floor":["M","M","?","M","$","R","E","M","T","E"],"character_chosen":"THE_SILENT","items_purchased":["Footwork","Dodge and Roll"],"campfire_rested":0,"item_purchase_floors":[5,5],"current_hp_per_floor":[54,51,51,47,47,47,46,31,31,0],"gold":41,"neow_bonus":"RANDOM_COMMON_RELIC","is_prod":false,"is_daily":false,"chose_seed":false,"campfire_upgraded":1,"win_rate":0,"timestamp":1558850644,"path_taken":["M","M","?","?","$","R","E","M","T","E"],"build_version":"2019-01-23","purchased_purges":0,"victory":false,"max_hp_per_floor":[66,66,66,66,66,66,66,66,66,66],"card_choices":[{"not_picked":["Acrobatics","Dagger Throw"],"picked":"Catalyst","floor":1},{"not_picked":["Outmaneuver","Quick Slash"],"picked":"Deadly Poison","floor":2},{"not_picked":["Blade Dance","Terror"],"picked":"Bane","floor":4},{"not_picked":["Prepared","Catalyst"],"picked":"Noxious Fumes","floor":7},{"not_picked":["All Out Attack","Bane","Dagger Spray"],"picked":"SKIP","floor":8}],"player_experience":1330171,"relics_obtained":[{"floor":7,"key":"Regal Pillow"}],"event_choices":[{"cards_removed":["Strike_G"],"damage_healed":0,"gold_gain":0,"player_choice":"Purged","damage_taken":0,"max_hp_gain":0,"max_hp_loss":0,"event_name":"Purifier","floor":3,"gold_loss":0}],"is_beta":false,"boss_relics":[],"items_purged_floors":[],"is_endless":false,"potions_floor_spawned":[1,2,7],"killed_by":"Gremlin Nob","ascension_level":20}