{"gold_per_floor":[113,133,33,43,43,43,69,69,69,69,84,112,129,146,146,217,217,233,233,158,175,187,187,222,32,57,57,67,67,85,10,10,84,84,104,104,104,115,35,35,52,52,52,77,91,91],"floor_reached":46,"playtime":2669,"items_purged":["Strike_G"],"score":937,"play_id":"10bb28a4-3786-4394-b797-4d5a1fb4c0ee","local_time":"20190814122246","is_ascension_mode":true,"campfire_choices":[{"data":"Predator","floor":6,"key":"SMITH"},{"data":"Adrenaline","floor":10,"key":"SMITH"},{"data":"Skewer","floor":15,"key":"SMITH"},{"floor":23,"key":"REST"},{"floor":27,"key":"REST"},{"floor":32,"key":"REST"},{"data":"Phantasmal Killer","floor":40,"key":"SMITH"},{"floor":42,"key":"REST"}],"neow_cost":"NONE","seed_source_timestamp":8995905163925,"circlet_count":0,"master_deck":["AscendersBane","Strike_G","Strike_G","Strike_G","Defend_G","Defend_G","Defend_G","Defend_G","Defend_G","Survivor","Neutralize","Adrenaline+1","Predator+1","Blade Dance","Well Laid Plans","Quick Slash","All Out Attack","Deflect","Blur","Dash","Skewer+1","Phantasmal Killer+1","Backstab","Necronomicurse","Outmaneuver","Die Die Die","Dagger Spray","Pain","Deadly Poison+1","Bullet Time","Cloak And Dagger+1","Backflip","Choke+1","PiercingWail","Backflip","Footwork+1","Good Instincts","Dodge and Roll","Prepared+1","Footwork","Writhe","PiercingWail+1","After Image"],"relics":["Ring of the Snake","Gremlin Horn","Bronze Scales","Strawberry","Cursed Key","Necronomicon","Bottled Lightning","Dream Catcher","Orrery","Toxic Egg 2","Molten Egg 2"],"potions_floor_usage":[7,12,16,16,18,33,35,44,45,46],"damage_taken":[{"damage":1,"enemies":"Small Slimes","floor":1,"turns":3},{"damage":1,"enemies":"2 Louse","floor":2,"turns":3},{"damage":0,"enemies":"Cultist","floor":4,"turns":3},{"damage":7,"enemies":"3 Sentries","floor":7,"turns":7},{"damage":4,"enemies":"Blue Slaver","floor":11,"turns":3},{"damage":30,"enemies":"Lagavulin","floor":12,"turns":8},{"damage":0,"enemies":"Exordium Thugs","floor":13,"turns":3},{"damage":0,"enemies":"Looter","floor":14,"turns":2},{"damage":22,"enemies":"Hexaghost","floor":16,"turns":13},{"damage":11,"enemies":"Shell Parasite","floor":18,"turns":5},{"damage":0,"enemies":"3 Byrds","floor":21,"turns":3},{"damage":15,"enemies":"Snake Plant","floor":22,"turns":2},{"damage":10,"enemies":"Gremlin Leader","floor":24,"turns":3},{"damage":4,"enemies":"Sentry and Sphere","floor":28,"turns":2},{"damage":4,"enemies":"Snecko","floor":30,"turns":1},{"damage":39,"enemies":"Collector","floor":33,"turns":11},{"damage":12,"enemies":"3 Shapes","floor":35,"turns":6},{"damage":12,"enemies":"3 Darklings","floor":38,"turns":4},{"damage":0,"enemies":"4 Shapes","floor":41,"turns":3},{"damage":21,"enemies":"Reptomancer","floor":44,"turns":6},{"damage":35,"enemies":"Spire Growth","floor":45,"turns":4},{"damage":40,"enemies":"Maw","floor":46,"turns":6}],"seed_played":"3454187336589095815","potions_obtained":[{"floor":1,"key":"GamblersBrew"},{"floor":4,"key":"Block Potion"},{"floor":7,"key":"EssenceOfSteel"},{"floor":12,"key":"FearPotion"},{"floor":16,"key":"Swift Potion"},{"floor":22,"key":"Fire Potion"},{"floor":24,"key":"Dexterity Potion"},{"floor":33,"key":"Poison Potion"},{"floor":41,"key":"SteroidPotion"},{"floor":45,"key":"Strength Potion"}],"is_trial":false,"path_per_floor":["M","M","$","M","?","R","E","$","T","R","M","E","M","M","R","B",null,"M","?","?","M","M","R","E","$","T","R","M","?","M","$","R","B",null,"M","?","?","M","$","R","M","R","T","E","M","M"],"character_chosen":"THE_SILENT","items_purchased":["Well Laid Plans","Quick Slash","Die Die Die","Dagger Spray","Regen Potion"],"campfire_rested":4,"item_purchase_floors":[3,3,25,25,39],"current_hp_per_floor":[58,57,57,57,57,57,50,50,50,50,46,23,23,23,23,1,55,44,23,23,23,8,29,19,19,19,40,36,36,32,32,53,14,58,46,46,46,34,34,34,34,54,54,47,12,0],"gold":91,"neow_bonus":"ONE_RANDOM_RARE_CARD","is_prod":false,"is_daily":false,"chose_seed":false,"campfire_upgraded":4,"win_rate":0,"timestamp":1565778166,"path_taken":["M","M","$","M","?","R","E","$","T","R","M","E","M","M","R","BOSS","M","?","?","M","M","R","E","$","T","R","M","?","M","$","R","BOSS","M","?","?","M","$","R","M","R","T","E","M","M"],"build_version":"2019-07-17","purchased_purges":1,"victory":false,"max_hp_per_floor":[66,66,66,66,66,66,66,66,66,66,66,73,73,73,73,73,73,73,73,73,73,73,73,73,73,73,73,73,73,73,73,73,73,73,73,73,69,69,69,69,69,69,69,69,69,69],"card_choices":[{"not_picked":["Bane","Riddle With Holes"],"picked":"Predator","floor":1},{"not_picked":["PiercingWail","Prepared"],"picked":"Blade Dance","floor":2},{"not_picked":["Dagger Throw","Expertise"],"picked":"All Out Attack","floor":4},{"not_picked":["Sucker Punch","Skewer"],"picked":"Deflect","floor":7},{"not_picked":["Eviscerate","Reflex","Expertise"],"picked":"SKIP","floor":11},{"not_picked":["Poisoned Stab","Catalyst"],"picked":"Blur","floor":12},{"not_picked":["Bane","Predator"],"picked":"Dash","floor":13},{"not_picked":["Concentrate","Reflex"],"picked":"Skewer","floor":14},{"not_picked":["A Thousand Cuts","Night Terror"],"picked":"Phantasmal Killer","floor":16},{"not_picked":["Dagger Spray","Poisoned Stab"],"picked":"Backstab","floor":18},{"not_picked":["Reflex","Underhanded Strike","Calculated Gamble"],"picked":"SKIP","floor":21},{"not_picked":["Outmaneuver","Infinite Blades","Blade Dance"],"picked":"SKIP","floor":22},{"not_picked":["Acrobatics","Slice"],"picked":"Outmaneuver","floor":24},{"not_picked":["Blur","Calculated Gamble","Finisher"],"picked":"SKIP","floor":28},{"not_picked":["Poisoned Stab","Deflect"],"picked":"Deadly Poison+1","floor":30},{"not_picked":["Burst","A Thousand Cuts"],"picked":"Bullet Time","floor":33},{"not_picked":["Flechettes","Accuracy"],"picked":"Cloak And Dagger+1","floor":34},{"not_picked":["Outmaneuver","Dash"],"picked":"Backflip","floor":34},{"not_picked":["Dagger Spray+1","Masterful Stab"],"picked":"Choke+1","floor":34},{"not_picked":["Outmaneuver","Blade Dance"],"picked":"PiercingWail","floor":34},{"not_picked":["Dagger Throw","Sucker Punch"],"picked":"Backflip","floor":34},{"not_picked":["Bane","Terror"],"picked":"Footwork+1","floor":35},{"not_picked":["Enlightenment","Impatience"],"picked":"Good Instincts","floor":36},{"not_picked":["Blade Dance","Underhanded Strike"],"picked":"Dodge and Roll","floor":38},{"not_picked":["Sucker Punch","Dodge and Roll+1"],"picked":"Prepared+1","floor":41},{"not_picked":["Setup","Tactician"],"picked":"Footwork","floor":42},{"not_picked":["Slice","Accuracy"],"picked":"PiercingWail+1","floor":44},{"not_picked":["Poisoned Stab+1","Cloak And Dagger+1"],"picked":"After Image","floor":45}],"player_experience":885063,"relics_obtained":[{"floor":7,"key":"Gremlin Horn"},{"floor":9,"key":"Bronze Scales"},{"floor":12,"key":"Strawberry"},{"floor":19,"key":"Necronomicon"},{"floor":24,"key":"Bottled Lightning"},{"floor":26,"key":"Dream Catcher"},{"floor":43,"key":"Toxic Egg 2"},{"floor":44,"key":"Molten Egg 2"}],"event_choices":[{"damage_healed":0,"gold_gain":0,"player_choice":"Ignored","damage_taken":0,"max_hp_gain":0,"max_hp_loss":0,"event_name":"Golden Idol","floor":5,"gold_loss":0},{"damage_healed":0,"gold_gain":0,"player_choice":"Obtained Book","damage_taken":21,"max_hp_gain":0,"max_hp_loss":0,"event_name":"Cursed Tome","floor":19,"gold_loss":0},{"cards_removed":["Strike_G"],"damage_healed":0,"gold_gain":0,"player_choice":"Gave Gold","damage_taken":0,"max_hp_gain":0,"max_hp_loss":0,"event_name":"Beggar","floor":20,"gold_loss":75},{"damage_healed":0,"gold_gain":0,"player_choice":"Ignored","damage_taken":0,"max_hp_gain":0,"max_hp_loss":0,"event_name":"Vampires","floor":29,"gold_loss":0},{"damage_healed":0,"gold_gain":0,"player_choice":"Memory 1","damage_taken":0,"max_hp_gain":0,"max_hp_loss":0,"event_name":"SensoryStone","floor":36,"gold_loss":0},{"damage_healed":0,"gold_gain":0,"player_choice":"Max HP","damage_taken":0,"max_hp_gain":0,"max_hp_loss":4,"event_name":"Winding Halls","floor":37,"gold_loss":0}],"is_beta":false,"boss_relics":[{"not_picked":["Black Star","White Beast Statue"],"picked":"Cursed Key"},{"not_picked":["Velvet Choker","Calling Bell"],"picked":"Orrery"}],"items_purged_floors":[31],"is_endless":false,"potions_floor_spawned":[1,4,7,12,16,22,24,33,41,45],"killed_by":"Maw","ascension_level":18}