{"gold_per_floor":[119,24,24,35,35,69,69,85,85,85,85,98,114,126,126,126],"floor_reached":16,"playtime":432,"items_purged":[],"score":203,"play_id":"ae0c8dfb-5720-4ff0-a2e1-08dabab0278c","local_time":"20180819102437","is_ascension_mode":true,"campfire_choices":[{"data":"Sunder","floor":7,"key":"SMITH"},{"data":"Static Discharge","floor":11,"key":"SMITH"},{"data":"Glacier","floor":15,"key":"SMITH"}],"neow_cost":"NONE","seed_source_timestamp":71673426550521,"circlet_count":0,"master_deck":["Strike_B","Strike_B","Strike_B","Defend_B","Defend_B","Defend_B","Defend_B","Zap","Dualcast","AscendersBane","Streamline","Conserve Battery","Ball Lightning","Sunder+1","Static Discharge+1","Genetic Algorithm","Leap","Glacier+1"],"relics":["Cracked Core","NeowsBlessing","Meat on the Bone","Question Card"],"potions_floor_usage":[12,16],"damage_taken":[{"damage":0,"enemies":"2 Louse","floor":1,"turns":1},{"damage":0,"enemies":"Cultist","floor":4,"turns":1},{"damage":0,"enemies":"Lagavulin","floor":6,"turns":1},{"damage":0,"enemies":"Jaw Worm","floor":8,"turns":2},{"damage":13,"enemies":"Lots of Slimes","floor":12,"turns":2},{"damage":15,"enemies":"3 Louse","floor":13,"turns":2},{"damage":4,"enemies":"Red Slaver","floor":14,"turns":4},{"damage":42,"enemies":"The Guardian","floor":16,"turns":12}],"seed_played":"3713833092248731308","potions_obtained":[{"floor":3,"key":"SmokeBomb"},{"floor":3,"key":"Regen Potion"},{"floor":14,"key":"EssenceOfSteel"}],"is_trial":false,"path_per_floor":["M","$","?","M","$","E","R","M","T","?","R","M","M","M","R"],"character_chosen":"DEFECT","items_purchased":["Conserve Battery","Ball Lightning"],"campfire_rested":0,"item_purchase_floors":[2,2],"current_hp_per_floor":[68,68,68,68,68,68,68,68,68,68,68,60,45,41,41,0],"gold":126,"neow_bonus":"THREE_ENEMY_KILL","is_prod":false,"is_daily":false,"chose_seed":false,"campfire_upgraded":3,"win_rate":0,"timestamp":1534641877,"path_taken":["M","$","?","?","$","E","R","M","T","?","R","M","M","?","R","BOSS"],"build_version":"2018-08-16","purchased_purges":0,"victory":false,"max_hp_per_floor":[75,75,75,75,75,75,75,75,75,75,75,75,75,75,75,75],"card_choices":[{"not_picked":["Redo","Skim"],"picked":"Streamline","floor":1},{"not_picked":["Blizzard","Steam Power"],"picked":"Sunder","floor":4},{"not_picked":["Heatsinks","Streamline"],"picked":"Static Discharge","floor":6},{"not_picked":["Beam Cell","Coolheaded"],"picked":"Genetic Algorithm","floor":8},{"not_picked":["Sunder","Rebound","Hello World"],"picked":"Leap","floor":12},{"not_picked":["Stack","Compile Driver","Beam Cell","Heatsinks"],"picked":"SKIP","floor":13},{"not_picked":["Doom and Gloom","Compile Driver","Leap"],"picked":"Glacier","floor":14}],"player_experience":243084,"relics_obtained":[{"floor":6,"key":"Meat on the Bone"},{"floor":9,"key":"Question Card"}],"event_choices":[{"event_name":"The Lab","player_choice":"Got Potions","floor":3,"damage_taken":0},{"event_name":"Purifier","player_choice":"One Purge","floor":10,"damage_taken":0}],"is_beta":false,"boss_relics":[],"items_purged_floors":[],"is_endless":false,"potions_floor_spawned":[6,14],"killed_by":"The Guardian","ascension_level":12}