{"gold_per_floor":[113,131,131,131,5,34,34,34,34,54,71,71,105,180,180,254,254,254,254,254,209,134,134,134,134,134,134,134,134,134,134,134,134,134,134,134,134,134,134,134,134,134,134,134,134,134,134,134,134,134],"floor_reached":51,"playtime":3158,"items_purged":["Pain"],"score":1317,"play_id":"5aa3fefc-1a2f-4259-a97d-c0675e1c8c8b","local_time":"20190910224208","is_ascension_mode":true,"campfire_choices":[{"data":"Bash","floor":8,"key":"SMITH"},{"data":"Demon Form","floor":15,"key":"SMITH"},{"floor":27,"key":"REST"},{"data":"Sword Boomerang","floor":29,"key":"SMITH"},{"data":"Heavy Blade","floor":32,"key":"SMITH"},{"data":"Shockwave","floor":44,"key":"SMITH"},{"data":"Disarm","floor":46,"key":"SMITH"},{"data":"Feel No Pain","floor":49,"key":"SMITH"}],"neow_cost":"PERCENT_DAMAGE","seed_source_timestamp":3352611819889,"circlet_count":0,"master_deck":["AscendersBane","Strike_R","Strike_R+1","Strike_R+1","Strike_R","Defend_R","Defend_R","Defend_R","Defend_R","Bash+1","Pommel Strike","Disarm+1","Shockwave+1","Pommel Strike","Demon Form+1","Offering","Shrug It Off","Ghostly Armor","Havoc","Feel No Pain+1","Sword Boomerang+1","Armaments+1","Heavy Blade+1","Reaper","Headbutt+1","Blind"],"relics":["Burning Blood","Torii","Pen Nib","WarpedTongs","PreservedInsect","Pantograph","Lantern","Ectoplasm","Enchiridion","Omamori","Juzu Bracelet","Bronze Scales","Cursed Key","Whetstone","Smiling Mask","Happy Flower","Vajra","Mummified Hand"],"potions_floor_usage":[6,13,25,50,50],"damage_taken":[{"damage":8,"enemies":"Jaw Worm","floor":1,"turns":4},{"damage":6,"enemies":"Cultist","floor":2,"turns":3},{"damage":19,"enemies":"Lagavulin","floor":6,"turns":6},{"damage":0,"enemies":"Small Slimes","floor":10,"turns":3},{"damage":7,"enemies":"3 Louse","floor":11,"turns":4},{"damage":8,"enemies":"Gremlin Nob","floor":13,"turns":3},{"damage":43,"enemies":"Slime Boss","floor":16,"turns":12},{"damage":2,"enemies":"Shell Parasite","floor":18,"turns":6},{"damage":8,"enemies":"2 Thieves","floor":21,"turns":4},{"damage":8,"enemies":"Book of Stabbing","floor":23,"turns":4},{"damage":8,"enemies":"Snake Plant","floor":24,"turns":4},{"damage":32,"enemies":"Slavers","floor":25,"turns":8},{"damage":1,"enemies":"Snecko","floor":28,"turns":5},{"damage":6,"enemies":"Centurion and Healer","floor":30,"turns":4},{"damage":9,"enemies":"Snake Plant","floor":31,"turns":3},{"damage":23,"enemies":"Automaton","floor":33,"turns":6},{"damage":21,"enemies":"3 Darklings","floor":35,"turns":6},{"damage":6,"enemies":"Orb Walker","floor":37,"turns":3},{"damage":18,"enemies":"Transient","floor":38,"turns":5},{"damage":16,"enemies":"Reptomancer","floor":40,"turns":6},{"damage":12,"enemies":"Maw","floor":41,"turns":6},{"damage":8,"enemies":"Nemesis","floor":42,"turns":7},{"damage":0,"enemies":"Giant Head","floor":47,"turns":6},{"damage":65,"enemies":"Awakened One","floor":50,"turns":10}],"seed_played":"-4805996734114044798","potions_obtained":[{"floor":1,"key":"Regen Potion"},{"floor":6,"key":"AttackPotion"},{"floor":16,"key":"Strength Potion"},{"floor":30,"key":"Fire Potion"},{"floor":35,"key":"Block Potion"},{"floor":40,"key":"SkillPotion"}],"is_trial":false,"path_per_floor":["M","M","?","?","$","E","$","R","T","M","M","$","E","?","R","B",null,"M","?","?","M","?","E","M","E","T","R","M","R","M","M","R","B",null,"M","?","M","M","$","E","M","E","T","R","?","R","E","T","R","B",null],"character_chosen":"IRONCLAD","items_purchased":["SteroidPotion"],"campfire_rested":1,"item_purchase_floors":[5],"current_hp_per_floor":[49,49,46,46,46,33,33,33,33,39,38,38,36,25,25,13,63,67,51,51,49,49,47,45,34,34,58,63,63,63,60,60,63,76,80,76,76,74,74,76,70,76,76,76,71,71,76,76,76,54],"gold":134,"neow_bonus":"ONE_RARE_RELIC","is_prod":false,"is_daily":false,"chose_seed":false,"campfire_upgraded":7,"win_rate":0,"timestamp":1568148128,"path_taken":["M","M","?","?","$","E","$","R","T","M","?","?","E","?","R","BOSS","M","?","?","M","?","E","M","E","T","R","M","R","M","M","R","BOSS","M","?","M","M","?","E","M","E","T","R","?","R","E","?","R","BOSS"],"build_version":"2019-07-17","purchased_purges":1,"victory":true,"max_hp_per_floor":[80,80,80,80,80,80,80,80,80,80,80,80,80,80,80,80,80,80,80,80,80,80,80,80,80,80,80,80,80,80,80,80,80,80,80,76,76,76,76,76,76,76,76,76,76,76,76,76,76,76],"card_choices":[{"not_picked":["Sentinel","Flex"],"picked":"Pommel Strike","floor":1},{"not_picked":["Burning Pact","Dual Wield"],"picked":"Disarm","floor":2},{"not_picked":["Warcry","Flex"],"picked":"Shockwave","floor":6},{"not_picked":["Wild Strike","Second Wind","Clash"],"picked":"SKIP","floor":10},{"not_picked":["Corruption","Intimidate"],"picked":"Pommel Strike","floor":11},{"not_picked":["Seeing Red","Pommel Strike"],"picked":"Demon Form","floor":13},{"not_picked":["Juggernaut","Dark Embrace"],"picked":"Offering","floor":16},{"not_picked":["Burning Pact","Clash","Armaments"],"picked":"SKIP","floor":18},{"not_picked":["Iron Wave","Pommel Strike"],"picked":"Ghostly Armor","floor":21},{"not_picked":["Searing Blow","Rampage"],"picked":"Havoc","floor":23},{"not_picked":["Reckless Charge","Clash"],"picked":"Feel No Pain","floor":24},{"not_picked":["Havoc","Perfected Strike","Flex+1"],"picked":"SKIP","floor":25},{"not_picked":["Wild Strike","Limit Break"],"picked":"Sword Boomerang","floor":28},{"not_picked":["Twin Strike","Clothesline"],"picked":"Armaments+1","floor":30},{"not_picked":["Havoc+1","Thunderclap"],"picked":"Heavy Blade","floor":31},{"not_picked":["Juggernaut","Exhume"],"picked":"Reaper","floor":33},{"not_picked":["Thunderclap","Clash","Sword Boomerang+1"],"picked":"SKIP","floor":35},{"not_picked":["Perfected Strike","Whirlwind"],"picked":"Headbutt+1","floor":37},{"not_picked":["Headbutt","Power Through","Inflame"],"picked":"SKIP","floor":38},{"not_picked":["Wild Strike","Iron Wave","Power Through"],"picked":"SKIP","floor":40},{"not_picked":["Anger","Warcry","Heavy Blade"],"picked":"SKIP","floor":41},{"not_picked":["Bloodletting+1","Cleave","Infernal Blade"],"picked":"SKIP","floor":42},{"not_picked":["Violence","Discovery"],"picked":"Blind","floor":45},{"not_picked":["Blood for Blood","Rupture","Heavy Blade"],"picked":"SKIP","floor":47}],"player_experience":1049778,"relics_obtained":[{"floor":6,"key":"PreservedInsect"},{"floor":9,"key":"Pantograph"},{"floor":13,"key":"Lantern"},{"floor":19,"key":"Enchiridion"},{"floor":23,"key":"Omamori"},{"floor":25,"key":"Juzu Bracelet"},{"floor":26,"key":"Bronze Scales"},{"floor":40,"key":"Whetstone"},{"floor":42,"key":"Smiling Mask"},{"floor":43,"key":"Happy Flower"},{"floor":47,"key":"Vajra"},{"floor":48,"key":"Mummified Hand"}],"event_choices":[{"damage_healed":0,"gold_gain":0,"player_choice":"Success","damage_taken":3,"relics_obtained":["Pen Nib"],"max_hp_gain":0,"max_hp_loss":0,"event_name":"Scrap Ooze","floor":3,"gold_loss":0},{"damage_healed":0,"gold_gain":0,"player_choice":"Rummage","damage_taken":0,"relics_obtained":["WarpedTongs"],"max_hp_gain":0,"max_hp_loss":0,"event_name":"Accursed Blacksmith","floor":4,"gold_loss":0,"cards_obtained":["Pain"]},{"damage_healed":0,"gold_gain":75,"player_choice":"Gather Gold","damage_taken":11,"max_hp_gain":0,"max_hp_loss":0,"event_name":"World of Goop","floor":14,"gold_loss":0},{"damage_healed":0,"gold_gain":0,"player_choice":"Obtained Book","damage_taken":16,"max_hp_gain":0,"max_hp_loss":0,"event_name":"Cursed Tome","floor":19,"gold_loss":0},{"damage_healed":0,"gold_gain":0,"player_choice":"Read","damage_taken":0,"max_hp_gain":0,"max_hp_loss":0,"event_name":"The Library","floor":20,"gold_loss":0,"cards_obtained":["Shrug It Off"]},{"cards_removed":["Strike_R"],"damage_healed":0,"gold_gain":0,"player_choice":"Gave Gold","damage_taken":0,"max_hp_gain":0,"max_hp_loss":0,"event_name":"Beggar","floor":22,"gold_loss":75},{"damage_healed":0,"gold_gain":0,"player_choice":"Max HP","damage_taken":0,"max_hp_gain":0,"max_hp_loss":4,"event_name":"Winding Halls","floor":36,"gold_loss":0},{"damage_healed":0,"gold_gain":0,"player_choice":"Memory 2","damage_taken":5,"max_hp_gain":0,"max_hp_loss":0,"event_name":"SensoryStone","floor":45,"gold_loss":0}],"is_beta":false,"boss_relics":[{"not_picked":["Empty Cage","Black Star"],"picked":"Ectoplasm"},{"not_picked":["Mark of Pain","Runic Dome"],"picked":"Cursed Key"}],"items_purged_floors":[5],"is_endless":false,"potions_floor_spawned":[1,6,16,21,24,30,31,35,38,40],"ascension_level":13}