{"gold_per_floor":[116,116,46,58,71,96,96,96,96,96,116,134,155,118,118,222,222,233,215,215],"floor_reached":20,"playtime":1008,"items_purged":[],"score":235,"play_id":"951310fa-1342-4bed-bc44-ce2063c115fb","local_time":"20180808105841","is_ascension_mode":true,"campfire_choices":[{"data":"Glacier","floor":7,"key":"SMITH"},{"data":"Defragment","floor":10,"key":"SMITH"},{"floor":15,"key":"REST"}],"neow_cost":"NONE","seed_source_timestamp":262497917111110,"circlet_count":0,"master_deck":["Strike_B","Strike_B","Strike_B","Strike_B","Defend_B","Defend_B","Defend_B","Defend_B","Zap+1","Dualcast","Rebound","Glacier+1","Sweeping Beam","Defragment+1","Reboot","Ball Lightning","Go for the Eyes","Self Repair","Thunder Strike","Hologram"],"relics":["Cracked Core","Bottled Flame","Lantern","Odd Mushroom","Runic Pyramid"],"potions_floor_usage":[6,16],"damage_taken":[{"damage":1,"enemies":"Cultist","floor":1,"turns":3},{"damage":0,"enemies":"2 Louse","floor":4,"turns":2},{"damage":2,"enemies":"Jaw Worm","floor":5,"turns":4},{"damage":22,"enemies":"Gremlin Nob","floor":6,"turns":4},{"damage":2,"enemies":"3 Louse","floor":11,"turns":2},{"damage":13,"enemies":"Blue Slaver","floor":12,"turns":2},{"damage":6,"floor":13,"turns":4},{"damage":14,"enemies":"Hexaghost","floor":16,"turns":7},{"damage":11,"enemies":"Shell Parasite","floor":18,"turns":7},{"damage":19,"enemies":"2 Thieves","floor":19,"turns":4},{"damage":58,"floor":20,"turns":3}],"seed_played":"3551069255486421399","potions_obtained":[{"floor":2,"key":"Strength Potion"},{"floor":2,"key":"PowerPotion"},{"floor":2,"key":"Weak Potion"},{"floor":4,"key":"EssenceOfSteel"},{"floor":11,"key":"EntropicBrew"},{"floor":16,"key":"Poison Potion"}],"is_trial":false,"path_per_floor":["M","?","$","M","M","E","R","$","T","R","M","M","?","$","R","B",null,"M","M"],"character_chosen":"DEFECT","items_purchased":["Glacier","Self Repair"],"campfire_rested":1,"item_purchase_floors":[3,14],"current_hp_per_floor":[67,67,67,67,65,43,43,43,43,43,41,28,22,22,44,44,67,63,44,0],"gold":215,"neow_bonus":"UPGRADE_CARD","is_prod":false,"is_daily":false,"chose_seed":false,"campfire_upgraded":2,"win_rate":0,"timestamp":1533693521,"path_taken":["M","?","?","M","M","E","R","$","T","R","M","?","?","$","R","BOSS","M","M","?"],"build_version":"2018-08-02","purchased_purges":0,"victory":false,"max_hp_per_floor":[75,75,75,75,75,75,75,75,75,75,75,75,75,75,75,75,75,75,75,75],"card_choices":[{"not_picked":["Beam Cell","Coolheaded"],"picked":"Rebound","floor":1},{"not_picked":["Lockon","Loop"],"picked":"Sweeping Beam","floor":4},{"not_picked":["Darkness","Glacier"],"picked":"Defragment","floor":5},{"not_picked":["Hologram","Fusion"],"picked":"Reboot","floor":6},{"not_picked":["Leap","Go for the Eyes"],"picked":"Ball Lightning","floor":11},{"not_picked":["Hello World","Sweeping Beam"],"picked":"Go for the Eyes","floor":12},{"not_picked":["Machine Learning","Multi-Cast"],"picked":"Thunder Strike","floor":16},{"not_picked":["Skim+1","Go for the Eyes+1"],"picked":"Hologram","floor":18},{"not_picked":["Fusion","Reprogram+1","Hologram"],"picked":"SKIP","floor":19}],"player_experience":170400,"relics_obtained":[{"floor":6,"key":"Bottled Flame"},{"floor":9,"key":"Lantern"},{"floor":13,"key":"Odd Mushroom"}],"event_choices":[{"event_name":"The Lab","player_choice":"Got Potions","floor":2,"damage_taken":0},{"event_name":"Mushrooms","player_choice":"Fought Mushrooms","floor":13,"damage_taken":0},{"event_name":"Masked Bandits","player_choice":"Fought over 215 gold","floor":20,"damage_taken":0}],"is_beta":false,"boss_relics":[{"not_picked":["Calling Bell","Fusion Hammer"],"picked":"Runic Pyramid"}],"items_purged_floors":[],"is_endless":false,"potions_floor_spawned":[4,5,11,12,16,18],"ascension_level":7}