{"gold_per_floor":[364,3,78,90,90,125,144,144,144,144,160,178,178,212,212,311,311,326,342,342,352,58,58,86,86,86,118,129,48,48,48,48,153,153,170,180,200,54,64,90,105,105,105,105,130,142,142,175,175,175],"floor_reached":51,"playtime":6097,"items_purged":[],"score":932,"play_id":"d123b708-ea20-41be-a846-2bd903097599","local_time":"20190928191653","is_ascension_mode":true,"campfire_choices":[{"floor":8.0,"key":"REST"},{"data":"Sword Boomerang","floor":13.0,"key":"SMITH"},{"data":"Whirlwind","floor":15.0,"key":"SMITH"},{"data":"1","floor":23,"key":"LIFT"},{"data":"2","floor":25,"key":"LIFT"},{"data":"3","floor":32,"key":"LIFT"},{"data":"Ghostly","floor":42,"key":"SMITH"},{"data":"Corruption","floor":44,"key":"SMITH"},{"data":"Ghostly","floor":47,"key":"SMITH"},{"floor":49,"key":"REST"}],"neow_cost":"PERCENT_DAMAGE","seed_source_timestamp":520123119865400,"circlet_count":0,"master_deck":["Strike_R","Strike_R","Strike_R","Strike_R+1","Strike_R","Defend_R","Defend_R","Defend_R","Defend_R+1","Bash","Uppercut+1","Second Wind","Flash of Steel","Feel No Pain","Armaments+1","Whirlwind+1","Sword Boomerang+1","Pommel Strike","Berserk","Headbutt+1","Iron Wave","Corruption+1","Clothesline+1","Twin Strike+1","Good Instincts","Ghostly+1","Ghostly+1","Ghostly+1","Ghostly","Ghostly","Reaper","Uppercut+1"],"special_seed":0,"relics":["Burning Blood","Strange Spoon","Incense Burner","Meat on the Bone","Torii","Velvet Choker","Girya","Mercury Hourglass","Ice Cream","Whetstone","Busted Crown","PreservedInsect","Lantern","Mummified Hand","Red Skull"],"potions_floor_usage":[],"damage_taken":[{"damage":6.0,"enemies":"Cultist","floor":1.0,"turns":4.0},{"damage":7.0,"enemies":"Jaw Worm","floor":4.0,"turns":3.0},{"damage":19.0,"enemies":"Lagavulin","floor":6.0,"turns":8.0},{"damage":7.0,"enemies":"Small Slimes","floor":7.0,"turns":3.0},{"damage":4.0,"enemies":"Blue Slaver","floor":11.0,"turns":3.0},{"damage":8.0,"enemies":"Looter","floor":12.0,"turns":3.0},{"damage":13.0,"enemies":"3 Sentries","floor":14.0,"turns":5.0},{"damage":45.0,"enemies":"The Guardian","floor":16.0,"turns":13.0},{"damage":28.0,"enemies":"2 Thieves","floor":18.0,"turns":4.0},{"damage":1,"enemies":"Chosen","floor":19,"turns":4},{"damage":2,"enemies":"Snecko","floor":21,"turns":4},{"damage":20,"enemies":"Gremlin Leader","floor":24,"turns":6},{"damage":19,"enemies":"Book of Stabbing","floor":27,"turns":5},{"damage":28,"enemies":"3 Cultists","floor":28,"turns":4},{"damage":4,"enemies":"Collector","floor":33,"turns":9},{"damage":0,"enemies":"Orb Walker","floor":35,"turns":2},{"damage":1,"enemies":"3 Shapes","floor":36,"turns":5},{"damage":4,"enemies":"Sphere and 2 Shapes","floor":37,"turns":6},{"damage":2,"enemies":"Writhing Mass","floor":39,"turns":4},{"damage":4,"enemies":"Reptomancer","floor":40,"turns":5},{"damage":9,"enemies":"4 Shapes","floor":41,"turns":1},{"damage":2,"enemies":"Giant Head","floor":45,"turns":8},{"damage":7,"enemies":"3 Darklings","floor":46,"turns":2},{"damage":20,"enemies":"Reptomancer","floor":48,"turns":5},{"damage":2,"enemies":"Donu and Deca","floor":50,"turns":7}],"seed_played":"-3150181632656636874","potions_obtained":[{"floor":1.0,"key":"SpeedPotion"},{"floor":6.0,"key":"LiquidBronze"},{"floor":11.0,"key":"EssenceOfSteel"},{"floor":27,"key":"FairyPotion"}],"is_trial":false,"path_per_floor":["M","$","?","M","?","E","M","R","T","?","M","M","R","E","R","B",null,"M","M","?","M","$","R","E","R","T","E","M","$","?","?","R","B",null,"M","M","M","$","M","E","M","R","T","R","E","M","R","E","R","B",null],"character_chosen":"IRONCLAD","items_purchased":["Strange Spoon","Second Wind","Flash of Steel","Girya","Good Instincts","PreservedInsect"],"campfire_rested":2,"item_purchase_floors":[2,2,2,22,29,38],"current_hp_per_floor":[56,56,45,44,28,15,14,38,38,38,52,50,50,55,55,28,80,58,63,63,67,67,67,53,53,53,52,42,42,40,40,40,40,40,40,40,40,40,40,40,37,37,37,37,40,39,39,30,40,40],"gold":175,"neow_bonus":"TWO_FIFTY_GOLD","is_prod":false,"is_daily":false,"chose_seed":false,"campfire_upgraded":5,"win_rate":0,"timestamp":1569665813,"path_taken":["M","$","?","M","?","E","M","R","T","?","M","M","R","E","R","BOSS","M","M","?","M","$","R","E","R","T","E","M","$","?","?","R","BOSS","M","M","M","$","?","E","M","R","T","R","E","M","R","E","R","BOSS"],"build_version":"2019-07-17","purchased_purges":0,"victory":true,"max_hp_per_floor":[80,80,80,80,80,80,80,80,80,80,80,80,80,80,80,80,80,80,80,80,80,80,80,80,80,80,80,80,80,40,40,40,40,40,40,40,40,40,40,40,40,40,40,40,40,40,40,40,40,40],"card_choices":[{"not_picked":["Dual Wield","Flame Barrier"],"picked":"Uppercut","floor":1.0},{"not_picked":["Clothesline","Warcry"],"picked":"Feel No Pain","floor":4.0},{"not_picked":["Rage","Ghostly Armor"],"picked":"Armaments","floor":6.0},{"not_picked":["Clothesline","Bloodletting"],"picked":"Whirlwind","floor":7.0},{"not_picked":["Armaments","Havoc"],"picked":"Sword Boomerang","floor":11.0},{"not_picked":["Heavy Blade","Anger"],"picked":"Pommel Strike","floor":12.0},{"not_picked":["Sword Boomerang","Shockwave","Second Wind"],"picked":"SKIP","floor":14.0},{"not_picked":["Juggernaut","Dark Embrace"],"picked":"Berserk","floor":16.0},{"not_picked":["Carnage","Clothesline"],"picked":"Headbutt","floor":18.0},{"not_picked":["Clothesline","Warcry"],"picked":"Iron Wave","floor":19},{"not_picked":["Anger","Perfected Strike+1"],"picked":"Clothesline+1","floor":21},{"not_picked":["Fiend Fire","Uppercut+1","Spot Weakness"],"picked":"SKIP","floor":24},{"not_picked":["Clash","Body Slam+1","Cleave"],"picked":"SKIP","floor":27},{"not_picked":["Iron Wave","Heavy Blade"],"picked":"Twin Strike+1","floor":28},{"not_picked":["Limit Break","Brutality"],"picked":"Reaper","floor":33},{"not_picked":["Flex+1"],"picked":"SKIP","floor":35},{"not_picked":["Thunderclap"],"picked":"SKIP","floor":36},{"not_picked":["Iron Wave+1"],"picked":"SKIP","floor":37},{"not_picked":["Limit Break"],"picked":"SKIP","floor":39},{"not_picked":["Thunderclap+1"],"picked":"SKIP","floor":40},{"not_picked":["Perfected Strike+1"],"picked":"SKIP","floor":41},{"not_picked":[],"picked":"Uppercut+1","floor":45},{"not_picked":["Sword Boomerang"],"picked":"SKIP","floor":46},{"not_picked":["Thunderclap+1"],"picked":"SKIP","floor":48}],"player_experience":506154,"relics_obtained":[{"floor":6.0,"key":"Incense Burner"},{"floor":9.0,"key":"Meat on the Bone"},{"floor":14.0,"key":"Torii"},{"floor":24,"key":"Mercury Hourglass"},{"floor":26,"key":"Ice Cream"},{"floor":27,"key":"Whetstone"},{"floor":40,"key":"Lantern"},{"floor":45,"key":"Mummified Hand"},{"floor":48,"key":"Red Skull"}],"event_choices":[{"damage_healed":0.0,"max_hp_gain":0.0,"max_hp_loss":0.0,"gold_gain":75.0,"event_name":"World of Goop","player_choice":"Gather Gold","floor":3.0,"gold_loss":0.0,"damage_taken":11.0},{"damage_healed":0.0,"max_hp_gain":0.0,"max_hp_loss":0.0,"gold_gain":0.0,"event_name":"Shining Light","player_choice":"Entered Light","floor":5.0,"gold_loss":0.0,"damage_taken":16.0,"cards_upgraded":["Defend_R","Uppercut"]},{"damage_healed":0.0,"max_hp_gain":0.0,"max_hp_loss":0.0,"gold_gain":0.0,"event_name":"Living Wall","player_choice":"Grow","floor":10.0,"gold_loss":0.0,"damage_taken":0.0,"cards_upgraded":["Armaments"]},{"damage_healed":0,"gold_gain":0,"player_choice":"Read","damage_taken":0,"max_hp_gain":0,"max_hp_loss":0,"event_name":"The Library","floor":20,"gold_loss":0,"cards_obtained":["Corruption"]},{"damage_healed":0,"gold_gain":0,"player_choice":"Became a Ghost","damage_taken":0,"max_hp_gain":0,"max_hp_loss":40,"event_name":"Ghosts","floor":30,"gold_loss":0,"cards_obtained":["Ghostly","Ghostly","Ghostly","Ghostly","Ghostly"]},{"damage_healed":0,"gold_gain":0,"player_choice":"Upgraded","damage_taken":0,"max_hp_gain":0,"max_hp_loss":0,"event_name":"Upgrade Shrine","floor":31,"gold_loss":0,"cards_upgraded":["Ghostly"]}],"is_beta":false,"boss_relics":[{"not_picked":["Mark of Pain","Fusion Hammer"],"picked":"Velvet Choker"},{"not_picked":["Empty Cage","Runic Dome"],"picked":"Busted Crown"}],"items_purged_floors":[],"is_endless":false,"potions_floor_spawned":[1,6,11,19,27,33,39,46,48],"ascension_level":4}