{"gold_per_floor":[117,67,67,82,32,65,65,65,89,89,39,39,54,73,73,175,175,195,195,210,221,221],"floor_reached":22,"playtime":1648,"items_purged":["Strike_B","Strike_B"],"score":184,"play_id":"7ab42c3a-ef89-46a7-8870-e2539c6da65c","local_time":"20181221000203","is_ascension_mode":false,"campfire_choices":[{"data":"Dualcast","floor":7,"key":"SMITH"},{"data":"Zap","floor":10,"key":"SMITH"},{"data":"Consume","floor":12,"key":"SMITH"},{"floor":15,"key":"REST"}],"neow_cost":"NONE","seed_source_timestamp":33447168504750,"circlet_count":0,"master_deck":["Strike_B","Defend_B","Defend_B","Defend_B","Zap+1","Dualcast+1","Deep Breath","Consume+1","Auto Shields","Barrage","Ball Lightning","Electrodynamics"],"relics":["Cracked Core","Smiling Mask","Bag of Preparation","Boot","Busted Crown"],"potions_floor_usage":[16,16,16,16,18,21],"damage_taken":[{"damage":0,"enemies":"Cultist","floor":1,"turns":3},{"damage":1,"enemies":"Jaw Worm","floor":4,"turns":3},{"damage":45,"enemies":"Gremlin Nob","floor":6,"turns":5},{"damage":0,"enemies":"2 Louse","floor":13,"turns":2},{"damage":12,"enemies":"2 Fungi Beasts","floor":14,"turns":2},{"damage":10,"enemies":"Hexaghost","floor":16,"turns":8},{"damage":0,"enemies":"2 Thieves","floor":18,"turns":2},{"damage":0,"enemies":"Spheric Guardian","floor":20,"turns":2},{"damage":12,"enemies":"Centurion and Healer","floor":21,"turns":3},{"damage":11,"enemies":"Colosseum Slavers","floor":22,"turns":3},{"damage":52,"enemies":"Colosseum Nobs","floor":22,"turns":4}],"seed_played":"-4934537427173516432","potions_obtained":[{"floor":1,"key":"SpeedPotion"},{"floor":6,"key":"Strength Potion"},{"floor":13,"key":"EntropicBrew"}],"is_trial":false,"path_per_floor":["M","?","T","M","$","E","R","?","T","R","$","R","M","M","R","B",null,"M","?","M","M","?"],"character_chosen":"DEFECT","items_purchased":[],"campfire_rested":1,"item_purchase_floors":[],"current_hp_per_floor":[75,75,75,74,74,29,29,29,29,29,29,29,29,17,39,29,75,75,61,61,49,0],"gold":221,"neow_bonus":"RANDOM_COLORLESS","is_prod":false,"is_daily":false,"chose_seed":false,"campfire_upgraded":3,"win_rate":0,"timestamp":1545346923,"path_taken":["M","?","?","M","$","E","R","?","T","R","$","R","M","M","R","BOSS","M","?","M","M","?"],"build_version":"2018-12-13","purchased_purges":2,"victory":false,"max_hp_per_floor":[75,75,75,75,75,75,75,75,75,75,75,75,75,75,75,75,75,75,80,80,80,80],"card_choices":[{"not_picked":["Genetic Algorithm","Streamline","BootSequence"],"picked":"SKIP","floor":1},{"not_picked":["Turbo","White Noise"],"picked":"Consume","floor":4},{"not_picked":["Doom and Gloom","Streamline"],"picked":"Auto Shields","floor":6},{"not_picked":["Barrage","Melter"],"picked":"Ball Lightning","floor":13},{"not_picked":["Rebound","BootSequence","Hologram"],"picked":"SKIP","floor":14},{"not_picked":["Amplify","Hyperbeam"],"picked":"Electrodynamics","floor":16},{"not_picked":["Gash"],"picked":"SKIP","floor":18},{"not_picked":["Conserve Battery"],"picked":"SKIP","floor":20},{"not_picked":["Reinforced Body"],"picked":"SKIP","floor":21}],"player_experience":344077,"relics_obtained":[{"floor":3,"key":"Smiling Mask"},{"floor":6,"key":"Bag of Preparation"},{"floor":9,"key":"Boot"}],"event_choices":[{"cards_removed":["Strike_B"],"damage_healed":0,"gold_gain":0,"player_choice":"Card Removal","damage_taken":0,"max_hp_gain":0,"max_hp_loss":0,"event_name":"The Cleric","floor":2,"gold_loss":50},{"damage_healed":0,"gold_gain":0,"cards_transformed":["Defend_B"],"player_choice":"Change","damage_taken":0,"max_hp_gain":0,"max_hp_loss":0,"event_name":"Living Wall","floor":8,"gold_loss":0,"cards_obtained":["Barrage"]},{"damage_healed":0,"gold_gain":0,"player_choice":"Shed Blood","damage_taken":19,"max_hp_gain":5,"max_hp_loss":0,"event_name":"Forgotten Altar","floor":19,"gold_loss":0},{"damage_healed":0,"gold_gain":0,"player_choice":"Fight","damage_taken":0,"max_hp_gain":0,"max_hp_loss":0,"event_name":"Colosseum","floor":22,"gold_loss":0},{"damage_healed":0,"gold_gain":0,"player_choice":"Fought Nobs","damage_taken":0,"max_hp_gain":0,"max_hp_loss":0,"event_name":"Colosseum","floor":22,"gold_loss":0}],"is_beta":false,"boss_relics":[{"not_picked":["Orrery","Fusion Hammer"],"picked":"Busted Crown"}],"items_purged_floors":[5,11],"is_endless":false,"potions_floor_spawned":[1,6,13,22],"killed_by":"Colosseum Nobs","ascension_level":0}