{"gold_per_floor":[119,136,5,5,17,17,49,49,117,146,179,179,197,252,252,323,323,342,342,358,39,64,64,98,98,151,151,166,177,177,205,205,205],"floor_reached":33,"playtime":1704,"items_purged":["Strike_R"],"score":582,"play_id":"83e0afef-92c6-487f-8d70-c4dd70a1dbf6","local_time":"20190324113352","is_ascension_mode":true,"campfire_choices":[{"data":"Heavy Blade","floor":6,"key":"SMITH"},{"data":"Spot Weakness","floor":8,"key":"SMITH"},{"data":"Iron Wave","floor":12,"key":"SMITH"},{"data":"Battle Trance","floor":15,"key":"SMITH"},{"data":"Pummel","floor":23,"key":"SMITH"},{"data":"Juggernaut","floor":27,"key":"SMITH"},{"data":"Sword Boomerang","floor":30,"key":"SMITH"},{"floor":32,"key":"REST"}],"neow_cost":"NONE","seed_source_timestamp":520860024834000,"circlet_count":0,"master_deck":["AscendersBane","Strike_R","Strike_R","Strike_R+1","Strike_R","Defend_R","Defend_R+1","Defend_R","Defend_R","Bash+1","Spot Weakness+1","Heavy Blade+1","Iron Wave+1","Shrug It Off","Thunderclap+1","Shrug It Off","Battle Trance+1","Headbutt","Juggernaut+1","Pummel+1","Sword Boomerang+1","Spot Weakness+1","Ghostly Armor+1","Flex+1"],"relics":["Burning Blood","NeowsBlessing","Boot","Singing Bowl","Odd Mushroom","Meat on the Bone","Whetstone","Sozu","Gambling Chip","Bag of Preparation","Paper Frog","Red Skull","Bronze Scales"],"potions_floor_usage":[7,10,14,33],"damage_taken":[{"damage":0,"enemies":"2 Louse","floor":1,"turns":1},{"damage":0,"enemies":"Small Slimes","floor":2,"turns":1},{"damage":0,"enemies":"Cultist","floor":5,"turns":1},{"damage":14,"enemies":"3 Sentries","floor":7,"turns":7},{"damage":28,"enemies":"The Mushroom Lair","floor":10,"turns":5},{"damage":6,"enemies":"Gremlin Nob","floor":11,"turns":3},{"damage":6,"enemies":"Large Slime","floor":13,"turns":4},{"damage":10,"enemies":"3 Sentries","floor":14,"turns":5},{"damage":28,"enemies":"Hexaghost","floor":16,"turns":8},{"damage":0,"enemies":"Chosen","floor":18,"turns":3},{"damage":6,"enemies":"2 Thieves","floor":20,"turns":3},{"damage":33,"enemies":"Gremlin Leader","floor":24,"turns":7},{"damage":11,"enemies":"3 Cultists","floor":28,"turns":4},{"damage":9,"enemies":"Centurion and Healer","floor":29,"turns":4},{"damage":33,"enemies":"Slavers","floor":31,"turns":3},{"damage":69,"enemies":"Collector","floor":33,"turns":5}],"seed_played":"912978410876229600","potions_obtained":[{"floor":2,"key":"Poison Potion"},{"floor":5,"key":"PowerPotion"},{"floor":10,"key":"Swift Potion"},{"floor":13,"key":"Swift Potion"}],"is_trial":false,"path_per_floor":["M","M","$","?","M","R","E","R","T","?","E","R","M","?","R","B",null,"M","?","M","$","T","R","E","?","T","R","M","M","R","E","R","B"],"character_chosen":"IRONCLAD","items_purchased":["Iron Wave","Gambling Chip"],"campfire_rested":1,"item_purchase_floors":[3,21],"current_hp_per_floor":[74,75,75,52,58,58,50,50,50,28,28,28,42,50,50,40,68,74,70,70,70,70,70,55,55,55,55,50,49,49,34,57,0],"gold":205,"neow_bonus":"THREE_ENEMY_KILL","is_prod":false,"is_daily":false,"chose_seed":false,"campfire_upgraded":7,"win_rate":0,"timestamp":1553416432,"path_taken":["M","M","$","?","M","R","E","R","T","?","E","R","M","?","R","BOSS","M","?","M","$","?","R","E","?","T","R","?","M","R","E","R","BOSS"],"build_version":"2019-01-23","purchased_purges":1,"victory":false,"max_hp_per_floor":[75,75,75,75,75,75,75,75,75,75,75,75,77,77,77,77,77,77,77,77,77,77,77,77,77,77,77,77,79,79,79,79,79],"card_choices":[{"not_picked":["Armaments","Perfected Strike"],"picked":"Spot Weakness","floor":1},{"not_picked":["Metallicize","True Grit"],"picked":"Heavy Blade","floor":2},{"not_picked":["Headbutt","Iron Wave"],"picked":"Shrug It Off","floor":5},{"not_picked":["Intimidate","Power Through"],"picked":"Thunderclap","floor":7},{"not_picked":["Barricade","Body Slam"],"picked":"Shrug It Off","floor":10},{"not_picked":["Pommel Strike","Combust"],"picked":"Battle Trance","floor":11},{"not_picked":["Carnage","Battle Trance","Clash"],"picked":"Singing Bowl","floor":13},{"not_picked":["Shrug It Off","Body Slam"],"picked":"Headbutt","floor":14},{"not_picked":["Barricade","Demon Form"],"picked":"Juggernaut","floor":16},{"not_picked":["Perfected Strike","Thunderclap"],"picked":"Pummel","floor":18},{"not_picked":["Anger","Pommel Strike"],"picked":"Sword Boomerang","floor":20},{"not_picked":["Iron Wave","Burning Pact+1"],"picked":"Spot Weakness","floor":24},{"not_picked":["Dropkick","True Grit"],"picked":"Ghostly Armor+1","floor":28},{"not_picked":["Evolve+1","Intimidate","Juggernaut"],"picked":"Singing Bowl","floor":29},{"not_picked":["Cleave","Corruption"],"picked":"Flex+1","floor":31}],"player_experience":1003776,"relics_obtained":[{"floor":7,"key":"Boot"},{"floor":9,"key":"Singing Bowl"},{"floor":10,"key":"Odd Mushroom"},{"floor":11,"key":"Meat on the Bone"},{"floor":14,"key":"Whetstone"},{"floor":22,"key":"Bag of Preparation"},{"floor":24,"key":"Paper Frog"},{"floor":26,"key":"Red Skull"},{"floor":31,"key":"Bronze Scales"}],"event_choices":[{"damage_healed":0,"gold_gain":0,"player_choice":"Entered Light","damage_taken":23,"max_hp_gain":0,"max_hp_loss":0,"event_name":"Shining Light","floor":4,"gold_loss":0,"cards_upgraded":["Bash","Defend_R"]},{"damage_healed":0,"gold_gain":0,"player_choice":"Fought Mushrooms","damage_taken":0,"max_hp_gain":0,"max_hp_loss":0,"event_name":"Mushrooms","floor":10,"gold_loss":0},{"damage_healed":0,"gold_gain":30,"player_choice":"Searched \u00272\u0027 times","damage_taken":0,"max_hp_gain":0,"max_hp_loss":0,"event_name":"Dead Adventurer","floor":14,"gold_loss":0},{"damage_healed":0,"gold_gain":0,"player_choice":"Bought 0 Potions","damage_taken":0,"max_hp_gain":0,"max_hp_loss":0,"event_name":"The Woman in Blue","floor":19,"gold_loss":0},{"damage_healed":0,"gold_gain":0,"player_choice":"Upgraded","damage_taken":0,"max_hp_gain":0,"max_hp_loss":0,"event_name":"Upgrade Shrine","floor":25,"gold_loss":0,"cards_upgraded":["Spot Weakness"]}],"is_beta":false,"boss_relics":[{"not_picked":["Fusion Hammer","White Beast Statue"],"picked":"Sozu"}],"items_purged_floors":[3],"is_endless":false,"potions_floor_spawned":[2,5,10,13,18,28,29],"killed_by":"Collector","ascension_level":20}