{"gold_per_floor":[115,128,16,16,33,66,66,126,165,177,189,212,258,288,300,386,398,426,438,365,0,0,0,26,39,39,39,55,55,55],"floor_reached":30,"playtime":1261,"items_purged":[],"score":486,"play_id":"80cb4711-d4a0-451c-921d-0cca189dd464","local_time":"20191006215746","is_ascension_mode":true,"campfire_choices":[{"data":"Bash","floor":7,"key":"SMITH"},{"floor":10,"key":"REST"},{"floor":15,"key":"REST"},{"data":"Inflame","floor":23,"key":"SMITH"},{"data":"Ghostly","floor":27,"key":"SMITH"},{"data":"True Grit","floor":29,"key":"SMITH"}],"neow_cost":"NONE","seed_source_timestamp":37543745258520,"circlet_count":0,"master_deck":["AscendersBane","Strike_R","Strike_R","Strike_R","Strike_R","Strike_R","Defend_R","Defend_R","Defend_R","Defend_R","Bash+1","Pommel Strike","Anger","Flame Barrier","Rage","Inflame+1","Feel No Pain","Sword Boomerang","Reaper","Clothesline","Ghostly+1","Ghostly","Ghostly","Pommel Strike","Shame","True Grit+1"],"relics":["Burning Blood","Vajra","MawBank","Bronze Scales","Lantern","Oddly Smooth Stone","Cursed Key","Gremlin Horn","Bag of Preparation","ClockworkSouvenir","Art of War","Molten Egg 2"],"potions_floor_usage":[6,8,13,16],"damage_taken":[{"damage":4,"enemies":"Small Slimes","floor":1,"turns":4},{"damage":7,"enemies":"Cultist","floor":2,"turns":4},{"damage":6,"enemies":"Jaw Worm","floor":5,"turns":4},{"damage":41,"enemies":"3 Sentries","floor":6,"turns":11},{"damage":32,"enemies":"Gremlin Nob","floor":8,"turns":4},{"damage":6,"enemies":"Exordium Wildlife","floor":12,"turns":3},{"damage":16,"enemies":"Lagavulin","floor":13,"turns":6},{"damage":16,"enemies":"Exordium Thugs","floor":14,"turns":4},{"damage":12,"enemies":"Slime Boss","floor":16,"turns":7},{"damage":16,"enemies":"Spheric Guardian","floor":18,"turns":4},{"damage":22,"enemies":"Slavers","floor":24,"turns":6},{"damage":0,"enemies":"Chosen","floor":25,"turns":4},{"damage":28,"enemies":"Snecko","floor":28,"turns":5},{"damage":25,"enemies":"Sentry and Sphere","floor":30,"turns":3}],"seed_played":"-5466220441127176522","potions_obtained":[{"floor":2,"key":"Dexterity Potion"},{"floor":6,"key":"SpeedPotion"},{"floor":14,"key":"Swift Potion"},{"floor":25,"key":"Dexterity Potion"},{"floor":28,"key":"Explosive Potion"}],"is_trial":false,"path_per_floor":["M","M","$","?","M","E","R","?","T","R","T","M","E","M","R","B",null,"M","?","?","$","?","R","E","M","T","R","M","R","M"],"character_chosen":"IRONCLAD","items_purchased":["Anger","Strength Potion","Bag of Preparation","ClockworkSouvenir"],"campfire_rested":2,"item_purchase_floors":[3,3,21,21],"current_hp_per_floor":[77,76,76,82,82,47,47,21,21,45,45,45,35,25,49,43,72,69,41,41,41,41,41,25,39,39,39,20,20,0],"gold":55,"neow_bonus":"TEN_PERCENT_HP_BONUS","is_prod":false,"is_daily":false,"chose_seed":false,"campfire_upgraded":4,"win_rate":0,"timestamp":1570391866,"path_taken":["M","M","$","?","?","E","R","?","T","R","?","M","E","M","R","BOSS","M","?","?","$","?","R","E","M","T","R","M","R","M"],"build_version":"2019-07-17","purchased_purges":0,"victory":false,"max_hp_per_floor":[82,82,82,82,82,82,82,82,82,82,82,82,82,82,82,82,82,82,41,41,41,41,41,41,41,41,41,41,41,41],"card_choices":[{"not_picked":["Flex","Clash","Seeing Red"],"picked":"SKIP","floor":1},{"not_picked":["Flex","Clash"],"picked":"Seeing Red","floor":1},{"not_picked":["Havoc","Flex"],"picked":"Pommel Strike","floor":2},{"not_picked":["Wild Strike","Flex","Heavy Blade"],"picked":"SKIP","floor":5},{"not_picked":["Hemokinesis","Berserk"],"picked":"Flame Barrier","floor":6},{"not_picked":["Bloodletting","Fire Breathing"],"picked":"Rage","floor":8},{"not_picked":["Seeing Red","Fire Breathing"],"picked":"Inflame","floor":12},{"not_picked":["Power Through","Armaments"],"picked":"Feel No Pain","floor":13},{"not_picked":["Entrench","Flame Barrier"],"picked":"Sword Boomerang","floor":14},{"not_picked":["Offering","Berserk"],"picked":"Reaper","floor":16},{"not_picked":["Burning Pact","Headbutt"],"picked":"Clothesline","floor":18},{"not_picked":["Sever Soul","Warcry"],"picked":"Pommel Strike","floor":24},{"not_picked":["Seeing Red","Infernal Blade","Warcry"],"picked":"SKIP","floor":25},{"not_picked":["Rupture","Juggernaut"],"picked":"True Grit","floor":28}],"player_experience":1150448,"relics_obtained":[{"floor":6,"key":"Vajra"},{"floor":8,"key":"MawBank"},{"floor":9,"key":"Bronze Scales"},{"floor":11,"key":"Lantern"},{"floor":13,"key":"Oddly Smooth Stone"},{"floor":24,"key":"Art of War"},{"floor":26,"key":"Molten Egg 2"}],"event_choices":[{"cards_removed":["Seeing Red"],"damage_healed":6,"gold_gain":0,"player_choice":"Offered Uncommon","damage_taken":0,"max_hp_gain":0,"max_hp_loss":0,"event_name":"Bonfire Elementals","floor":4,"gold_loss":0},{"damage_healed":0,"gold_gain":0,"player_choice":"Searched \u00271\u0027 times","damage_taken":0,"max_hp_gain":0,"max_hp_loss":0,"event_name":"Dead Adventurer","floor":8,"gold_loss":0},{"damage_healed":0,"gold_gain":0,"player_choice":"Became a Ghost","damage_taken":0,"max_hp_gain":0,"max_hp_loss":41,"event_name":"Ghosts","floor":19,"gold_loss":0,"cards_obtained":["Ghostly","Ghostly","Ghostly"]},{"damage_healed":0,"gold_gain":0,"player_choice":"Obtained Relic","damage_taken":0,"relics_obtained":["Gremlin Horn"],"max_hp_gain":0,"max_hp_loss":0,"event_name":"Addict","floor":20,"gold_loss":85},{"damage_healed":0,"gold_gain":0,"player_choice":"Ignored","damage_taken":0,"max_hp_gain":0,"max_hp_loss":0,"event_name":"The Mausoleum","floor":22,"gold_loss":0}],"is_beta":false,"boss_relics":[{"not_picked":["Orrery","Fusion Hammer"],"picked":"Cursed Key"}],"items_purged_floors":[],"is_endless":false,"potions_floor_spawned":[2,5,6,14,25,28],"killed_by":"Sentry and Sphere","ascension_level":18}