{"gold_per_floor":[111,43,62,76,76,110,110,144,144,144,144,160,160,178,178,275,275,288,288,131,154,182,194,220,232,244,276,298,330,358,385,397,409],"floor_reached":33,"playtime":1618,"items_purged":[],"score":263,"play_id":"39ab6030-7331-4252-aa29-a93219b7000a","local_time":"20180807223742","is_ascension_mode":false,"campfire_choices":[{"floor":7,"key":"REST"},{"floor":10,"key":"REST"},{"data":"Dagger Spray","floor":13,"key":"SMITH"},{"floor":15,"key":"REST"},{"floor":23,"key":"REST"},{"floor":25,"key":"REST"},{"floor":32,"key":"REST"}],"neow_cost":"NONE","seed_source_timestamp":217426815522562,"circlet_count":0,"master_deck":["Defend_G","Defend_G","Defend_G","Defend_G","Defend_G","Strike_G","Strike_G","Strike_G","Strike_G","Strike_G","Survivor","Neutralize+1","Dagger Spray+1","Accuracy","Blade Dance+1","Adrenaline","Backstab","Well Laid Plans","Tools of the Trade","Dagger Spray+1","PiercingWail+1","Infinite Blades","Poisoned Stab+1","Blur","Cloak And Dagger+1","Terror+1","Cloak And Dagger","PiercingWail"],"relics":["Ring of the Snake","Pen Nib","Smiling Mask","Bottled Lightning","Bag of Marbles","Black Star","MawBank","Shuriken"],"potions_floor_usage":[16,30,33],"damage_taken":[{"damage":0,"enemies":"Cultist","floor":1,"turns":3},{"damage":1,"enemies":"Small Slimes","floor":3,"turns":3},{"damage":2,"enemies":"2 Louse","floor":4,"turns":2},{"damage":25,"enemies":"Gremlin Nob","floor":6,"turns":5},{"damage":17,"enemies":"3 Sentries","floor":8,"turns":7},{"damage":0,"enemies":"Looter","floor":12,"turns":1},{"damage":0,"enemies":"Gremlin Gang","floor":14,"turns":1},{"damage":39,"enemies":"The Guardian","floor":16,"turns":12},{"damage":9,"enemies":"3 Byrds","floor":18,"turns":5},{"damage":12,"enemies":"2 Thieves","floor":21,"turns":3},{"damage":16,"enemies":"Snake Plant","floor":22,"turns":5},{"damage":20,"enemies":"Slaver and Parasite","floor":24,"turns":7},{"damage":0,"enemies":"3 Cultists","floor":27,"turns":4},{"damage":21,"enemies":"Snake Plant","floor":28,"turns":3},{"damage":0,"enemies":"Chosen and Byrds","floor":29,"turns":3},{"damage":12,"enemies":"Sentry and Sphere","floor":30,"turns":4},{"damage":1,"enemies":"3 Cultists","floor":31,"turns":4},{"damage":48,"enemies":"Champ","floor":33,"turns":8}],"seed_played":"8511443702734710535","potions_obtained":[{"floor":6,"key":"SpeedPotion"},{"floor":8,"key":"FearPotion"},{"floor":14,"key":"Fruit Juice"},{"floor":18,"key":"Strength Potion"},{"floor":22,"key":"PowerPotion"},{"floor":30,"key":"Dexterity Potion"}],"is_trial":false,"path_per_floor":["M","$","M","M","?","E","R","E","T","R","?","M","R","M","R","B",null,"M","?","$","M","M","R","M","R","T","M","M","M","M","M","R"],"character_chosen":"THE_SILENT","items_purchased":["Accuracy","MawBank"],"campfire_rested":6,"item_purchase_floors":[2,20],"current_hp_per_floor":[70,70,69,67,34,9,30,13,13,34,34,34,34,34,55,21,75,66,52,52,40,24,48,28,52,52,52,31,31,19,18,42,0],"gold":409,"neow_bonus":"UPGRADE_CARD","is_prod":false,"is_daily":false,"chose_seed":false,"campfire_upgraded":1,"win_rate":0,"timestamp":1533649062,"path_taken":["M","$","M","M","?","E","R","E","T","R","?","M","R","M","R","BOSS","M","?","?","M","M","R","M","R","T","M","?","M","M","M","R","BOSS"],"build_version":"2018-08-02","purchased_purges":0,"victory":false,"max_hp_per_floor":[70,70,70,70,70,70,70,70,70,70,70,70,70,70,70,75,75,75,80,80,80,80,80,80,80,80,80,80,80,80,80,80,80],"card_choices":[{"not_picked":["Flying Knee","Underhanded Strike"],"picked":"Dagger Spray","floor":1},{"not_picked":["Bane","Quick Slash","Corpse Explosion"],"picked":"SKIP","floor":3},{"not_picked":["Acrobatics","Dodge and Roll"],"picked":"Blade Dance","floor":4},{"not_picked":["Skewer","Die Die Die"],"picked":"Adrenaline","floor":6},{"not_picked":["Outmaneuver","Adrenaline"],"picked":"Backstab","floor":8},{"not_picked":["Deadly Poison","Choke"],"picked":"Well Laid Plans","floor":12},{"not_picked":["Predator","Reflex","Quick Slash"],"picked":"SKIP","floor":14},{"not_picked":["Unload","Phantasmal Killer"],"picked":"Tools of the Trade","floor":16},{"not_picked":["Bouncing Flask","Poisoned Stab"],"picked":"Dagger Spray+1","floor":18},{"not_picked":["Slice","Flying Knee"],"picked":"PiercingWail+1","floor":21},{"not_picked":["Caltrops","Choke+1"],"picked":"Infinite Blades","floor":22},{"not_picked":["Prepared","Outmaneuver"],"picked":"Poisoned Stab+1","floor":24},{"not_picked":["Quick Slash","Bouncing Flask"],"picked":"Blur","floor":27},{"not_picked":["Sucker Punch+1","Calculated Gamble"],"picked":"Cloak And Dagger+1","floor":28},{"not_picked":["Caltrops","Outmaneuver"],"picked":"Terror+1","floor":29},{"not_picked":["Dodge and Roll","PiercingWail"],"picked":"Cloak And Dagger","floor":30},{"not_picked":["Unload","Underhanded Strike"],"picked":"PiercingWail","floor":31}],"player_experience":158410,"relics_obtained":[{"floor":6,"key":"Smiling Mask"},{"floor":8,"key":"Bottled Lightning"},{"floor":9,"key":"Bag of Marbles"},{"floor":26,"key":"Shuriken"}],"event_choices":[{"event_name":"Scrap Ooze","player_choice":"success","floor":5,"damage_taken":33},{"event_name":"Upgrade Shrine","player_choice":"Upgraded","floor":11,"damage_taken":0},{"event_name":"Forgotten Altar","player_choice":"Shed Blood","floor":19,"damage_taken":0}],"is_beta":false,"boss_relics":[{"not_picked":["Philosopher\u0027s Stone","Snecko Eye"],"picked":"Black Star"}],"items_purged_floors":[],"is_endless":false,"potions_floor_spawned":[6,8,14,18,22,29,30],"killed_by":"Champ","ascension_level":0}