{"gold_per_floor":[114,125,142,158,113,113,145,157,193,205,23,23,41,69,69,69],"floor_reached":16,"playtime":645,"items_purged":[],"score":176,"play_id":"0747d8ad-012c-46a5-887d-4acc95c78c8e","local_time":"20190915002426","is_ascension_mode":true,"campfire_choices":[{"data":"Zap","floor":6,"key":"SMITH"},{"data":"Auto Shields","floor":8,"key":"SMITH"},{"data":"Apotheosis","floor":12,"key":"SMITH"},{"floor":15,"key":"REST"}],"neow_cost":"NONE","seed_source_timestamp":82185418896500,"circlet_count":0,"master_deck":["AscendersBane","Strike_B+1","Strike_B","Strike_B+1","Strike_B","Defend_B","Defend_B","Defend_B","Defend_B","Zap+1","Dualcast","Conserve Battery","Auto Shields+1","Steam","Sweeping Beam+1","Conserve Battery","Apotheosis+1","Glacier","Conserve Battery","Streamline"],"relics":["Cracked Core","NeowsBlessing","MawBank","Dream Catcher","Whetstone"],"potions_floor_usage":[14,14],"damage_taken":[{"damage":0,"enemies":"Jaw Worm","floor":1,"turns":1},{"damage":0,"enemies":"Small Slimes","floor":2,"turns":1},{"damage":0,"enemies":"Cultist","floor":3,"turns":1},{"damage":6,"enemies":"Exordium Wildlife","floor":4,"turns":6},{"damage":4,"enemies":"Looter","floor":5,"turns":5},{"damage":15,"enemies":"3 Sentries","floor":7,"turns":8},{"damage":6,"enemies":"Lots of Slimes","floor":13,"turns":3},{"damage":29,"enemies":"Gremlin Nob","floor":14,"turns":4},{"damage":40,"enemies":"Slime Boss","floor":16,"turns":7}],"seed_played":"740704818771783134","potions_obtained":[{"floor":4,"key":"Weak Potion"},{"floor":13,"key":"Poison Potion"}],"is_trial":false,"path_per_floor":["M","M","M","M","M","R","E","R","T","?","$","R","M","E","R","B"],"character_chosen":"DEFECT","items_purchased":["Apotheosis"],"campfire_rested":1,"item_purchase_floors":[11],"current_hp_per_floor":[68,68,68,62,58,58,43,43,43,43,43,43,37,8,30,0],"gold":69,"neow_bonus":"THREE_ENEMY_KILL","is_prod":false,"is_daily":false,"chose_seed":false,"campfire_upgraded":3,"win_rate":0,"timestamp":1568474666,"path_taken":["M","M","M","M","M","R","E","R","T","?","$","R","M","E","R","BOSS"],"build_version":"2019-07-17","purchased_purges":0,"victory":false,"max_hp_per_floor":[75,75,75,75,75,75,75,75,75,75,75,75,75,75,75,75],"card_choices":[{"not_picked":["Rebound","Capacitor"],"picked":"Conserve Battery","floor":1},{"not_picked":["Stack","Rainbow","Redo"],"picked":"SKIP","floor":2},{"not_picked":["Barrage","Reinforced Body"],"picked":"Auto Shields","floor":3},{"not_picked":["Hologram","Compile Driver"],"picked":"Steam","floor":4},{"not_picked":["Turbo","Beam Cell"],"picked":"Sweeping Beam","floor":5},{"not_picked":["Sweeping Beam","Auto Shields"],"picked":"Conserve Battery","floor":7},{"not_picked":["Hello World","Hologram"],"picked":"Glacier","floor":13},{"not_picked":["Hello World","Thunder Strike"],"picked":"Conserve Battery","floor":14},{"not_picked":["Steam","Stack"],"picked":"Streamline","floor":15}],"player_experience":319097,"relics_obtained":[{"floor":7,"key":"MawBank"},{"floor":9,"key":"Dream Catcher"},{"floor":14,"key":"Whetstone"}],"event_choices":[{"damage_healed":0,"gold_gain":0,"player_choice":"Grow","damage_taken":0,"max_hp_gain":0,"max_hp_loss":0,"event_name":"Living Wall","floor":10,"gold_loss":0,"cards_upgraded":["Sweeping Beam"]}],"is_beta":false,"boss_relics":[],"items_purged_floors":[],"is_endless":false,"potions_floor_spawned":[4,13],"killed_by":"Slime Boss","ascension_level":12}