{"gold_per_floor":[109,123,134,83,83,83,110,24,73,100,15,15,15,28,28,28],"floor_reached":16,"playtime":738,"items_purged":[],"score":200,"play_id":"aba0c56a-fec1-4839-9438-4f28e673ba38","local_time":"20190810102138","is_ascension_mode":true,"campfire_choices":[{"floor":6,"key":"REST"},{"floor":12,"key":"REST"},{"floor":15,"key":"REST"}],"neow_cost":"NONE","seed_source_timestamp":3373380039507,"circlet_count":0,"master_deck":["AscendersBane","Strike_G","Strike_G","Strike_G","Strike_G","Strike_G","Defend_G","Defend_G","Defend_G+1","Defend_G","Defend_G","Survivor+1","Neutralize","Bane","Noxious Fumes","Bouncing Flask","Flying Knee","Catalyst","Well Laid Plans+1","Catalyst","Deadly Poison"],"relics":["Ring of the Snake","Smiling Mask","Frozen Egg 2","War Paint","Peace Pipe"],"potions_floor_usage":[7,10],"damage_taken":[{"damage":12,"enemies":"Cultist","floor":1,"turns":6},{"damage":1,"enemies":"Small Slimes","floor":2,"turns":3},{"damage":0,"enemies":"Jaw Worm","floor":3,"turns":5},{"damage":25,"enemies":"Lagavulin","floor":7,"turns":6},{"damage":21,"enemies":"3 Sentries","floor":10,"turns":8},{"damage":9,"enemies":"Blue Slaver","floor":14,"turns":4},{"damage":50,"enemies":"Slime Boss","floor":16,"turns":8}],"seed_played":"-8466134958283098485","potions_obtained":[{"floor":2,"key":"Regen Potion"},{"floor":7,"key":"Weak Potion"}],"is_trial":false,"path_per_floor":["M","M","M","$","?","R","E","$","T","E","$","R","$","M","R","B"],"character_chosen":"THE_SILENT","items_purchased":["Flying Knee","Well Laid Plans+1","Catalyst"],"campfire_rested":3,"item_purchase_floors":[4,8,11],"current_hp_per_floor":[53,52,52,52,17,38,25,25,25,4,4,25,25,16,37,0],"gold":28,"neow_bonus":"TEN_PERCENT_HP_BONUS","is_prod":false,"is_daily":false,"chose_seed":false,"campfire_upgraded":0,"win_rate":0,"timestamp":1565425298,"path_taken":["M","M","M","?","?","R","E","$","T","E","?","R","$","M","R","BOSS"],"build_version":"2019-07-17","purchased_purges":0,"victory":false,"max_hp_per_floor":[72,72,72,72,72,72,72,72,72,72,72,72,72,72,72,72],"card_choices":[{"not_picked":["Acrobatics","Underhanded Strike"],"picked":"Bane","floor":1},{"not_picked":["Outmaneuver","Quick Slash"],"picked":"Noxious Fumes","floor":2},{"not_picked":["Dodge and Roll","Setup"],"picked":"Bouncing Flask","floor":3},{"not_picked":["Malaise","Flying Knee"],"picked":"Catalyst","floor":7},{"not_picked":["Flying Knee","Acrobatics","Poisoned Stab"],"picked":"SKIP","floor":10},{"not_picked":["Blade Dance","Setup"],"picked":"Deadly Poison","floor":14}],"player_experience":809631,"relics_obtained":[{"floor":7,"key":"Frozen Egg 2"},{"floor":9,"key":"War Paint"},{"floor":10,"key":"Peace Pipe"}],"event_choices":[{"damage_healed":0,"gold_gain":0,"player_choice":"Success","damage_taken":35,"relics_obtained":["Smiling Mask"],"max_hp_gain":0,"max_hp_loss":0,"event_name":"Scrap Ooze","floor":5,"gold_loss":0}],"is_beta":false,"boss_relics":[],"items_purged_floors":[],"is_endless":false,"potions_floor_spawned":[2,7],"killed_by":"Slime Boss","ascension_level":17}