{"gold_per_floor":[11,11,23,23,41,41,77,77,77,77,2,36,36,56,56,154,154,174,31,72,95,95,95,133,146,170,184,184],"floor_reached":28,"playtime":1286,"items_purged":["Strike_B"],"score":461,"play_id":"fb918f3f-52cf-4983-be71-b3868eab9966","local_time":"20191005225417","is_ascension_mode":true,"campfire_choices":[{"floor":6,"key":"REST"},{"data":"Defragment","floor":8,"key":"SMITH"},{"floor":10,"key":"REST"},{"data":"Doom and Gloom","floor":13,"key":"SMITH"},{"floor":15,"key":"REST"},{"floor":23,"key":"REST"}],"neow_cost":"NO_GOLD","seed_source_timestamp":45219128363975,"circlet_count":0,"master_deck":["AscendersBane","Strike_B","Strike_B","Strike_B","Defend_B","Defend_B","Defend_B","Defend_B","Zap+1","Dualcast","Conserve Battery","Doom and Gloom+1","Loop","Defragment+1","Core Surge","Self Repair","Ball Lightning","Core Surge","Chaos","Parasite","Genetic Algorithm"],"relics":["Cracked Core","Torii","Golden Idol","Singing Bowl","Matryoshka","Regal Pillow","Cursed Key","Bag of Preparation","Red Mask","Sundial","Kunai","Anchor"],"potions_floor_usage":[20,20,20,28,28],"damage_taken":[{"damage":1,"enemies":"2 Louse","floor":1,"turns":3},{"damage":1,"enemies":"Small Slimes","floor":3,"turns":4},{"damage":7,"enemies":"Jaw Worm","floor":5,"turns":3},{"damage":32,"enemies":"3 Sentries","floor":7,"turns":6},{"damage":20,"enemies":"Lagavulin","floor":12,"turns":7},{"damage":9,"enemies":"3 Louse","floor":14,"turns":2},{"damage":19,"enemies":"Slime Boss","floor":16,"turns":9},{"damage":23,"enemies":"Spheric Guardian","floor":18,"turns":4},{"damage":29,"enemies":"Masked Bandits","floor":20,"turns":4},{"damage":12,"enemies":"Chosen","floor":21,"turns":4},{"damage":0,"enemies":"Gremlin Leader","floor":24,"turns":6},{"damage":33,"enemies":"Snake Plant","floor":25,"turns":5},{"damage":36,"enemies":"Centurion and Healer","floor":27,"turns":6},{"damage":10,"enemies":"Snecko","floor":28,"turns":2}],"seed_played":"1176486842130789079","potions_obtained":[{"floor":5,"key":"FairyPotion"},{"floor":7,"key":"Strength Potion"},{"floor":14,"key":"EntropicBrew"},{"floor":18,"key":"Explosive Potion"},{"floor":21,"key":"Dexterity Potion"}],"is_trial":false,"path_per_floor":["M","?","M","?","M","R","E","R","T","R","$","E","R","M","R","B",null,"M","$","?","M","?","R","E","M","T","M","M"],"character_chosen":"DEFECT","items_purchased":["Bag of Preparation"],"campfire_rested":4,"item_purchase_floors":[19],"current_hp_per_floor":[63,63,62,45,38,59,27,27,27,48,48,30,30,23,60,41,67,44,44,22,17,17,54,61,37,37,8,0],"gold":184,"neow_bonus":"ONE_RARE_RELIC","is_prod":false,"is_daily":false,"chose_seed":false,"campfire_upgraded":2,"win_rate":0,"timestamp":1570308857,"path_taken":["M","?","M","?","?","R","E","R","T","R","$","E","R","M","R","BOSS","M","$","?","M","?","R","E","M","T","M","?"],"build_version":"2019-07-17","purchased_purges":1,"victory":false,"max_hp_per_floor":[71,71,71,71,71,71,71,71,71,71,71,73,73,75,75,75,75,75,75,75,75,75,75,75,77,77,77,77],"card_choices":[{"not_picked":["Fusion","Rebound"],"picked":"Conserve Battery","floor":1},{"not_picked":["Go for the Eyes","Cold Snap"],"picked":"Doom and Gloom","floor":3},{"not_picked":["Sweeping Beam","Darkness"],"picked":"Loop","floor":5},{"not_picked":["Streamline","Barrage"],"picked":"Defragment","floor":7},{"not_picked":["Consume","Turbo","Storm"],"picked":"Singing Bowl","floor":12},{"not_picked":["Force Field","Aggregate","All For One"],"picked":"Singing Bowl","floor":14},{"not_picked":["Creative AI","Buffer"],"picked":"Core Surge","floor":16},{"not_picked":["Aggregate","Beam Cell"],"picked":"Self Repair","floor":18},{"not_picked":["Redo","Conserve Battery"],"picked":"Ball Lightning","floor":20},{"not_picked":["Fusion","Beam Cell"],"picked":"Core Surge","floor":21},{"not_picked":["Redo","Self Repair"],"picked":"Chaos","floor":24},{"not_picked":["Ball Lightning","Barrage","Go for the Eyes"],"picked":"Singing Bowl","floor":25},{"not_picked":["Streamline+1","Go for the Eyes+1"],"picked":"Genetic Algorithm","floor":27}],"player_experience":1147226,"relics_obtained":[{"floor":7,"key":"Singing Bowl"},{"floor":9,"key":"Matryoshka"},{"floor":12,"key":"Regal Pillow"},{"floor":20,"key":"Red Mask"},{"floor":24,"key":"Sundial"},{"floor":26,"key":"Kunai"},{"floor":26,"key":"Anchor"}],"event_choices":[{"damage_healed":0,"gold_gain":0,"player_choice":"Grow","damage_taken":0,"max_hp_gain":0,"max_hp_loss":0,"event_name":"Living Wall","floor":2,"gold_loss":0,"cards_upgraded":["Zap"]},{"damage_healed":0,"gold_gain":0,"player_choice":"Take Damage","damage_taken":17,"relics_obtained":["Golden Idol"],"max_hp_gain":0,"max_hp_loss":0,"event_name":"Golden Idol","floor":4,"gold_loss":0},{"damage_healed":0,"gold_gain":0,"player_choice":"Fought Bandits","damage_taken":0,"max_hp_gain":0,"max_hp_loss":0,"event_name":"Masked Bandits","floor":20,"gold_loss":0},{"damage_healed":0,"gold_gain":0,"player_choice":"Bought 0 Potions","damage_taken":0,"max_hp_gain":0,"max_hp_loss":0,"event_name":"The Woman in Blue","floor":22,"gold_loss":0}],"is_beta":false,"boss_relics":[{"not_picked":["FrozenCore","Eternal Feather"],"picked":"Cursed Key"}],"items_purged_floors":[11],"is_endless":false,"potions_floor_spawned":[5,7,12,14,18,21,25],"killed_by":"Snecko","ascension_level":14}