{"gold_per_floor":[113,14,27,27,27,27,60,60,60,70,100,178,210,228,228,331,331,347,361,374,299,313,313,342,342,395,423,66,82,117,147,147,249,249,264,264,219,219,238,238,42,42,42,57,83,106,125,159,159,159],"floor_reached":51,"playtime":3995,"items_purged":["Strike_B"],"score":866,"play_id":"2b489935-aff0-4032-b372-936996fd9e65","local_time":"20190809000739","is_ascension_mode":true,"campfire_choices":[{"data":"Streamline","floor":6,"key":"SMITH"},{"data":"Go for the Eyes","floor":8,"key":"SMITH"},{"floor":15,"key":"REST"},{"floor":23,"key":"REST"},{"floor":25,"key":"REST"},{"floor":32,"key":"REST"},{"floor":40,"key":"REST"},{"data":"Coolheaded","floor":42,"key":"SMITH"},{"floor":49,"key":"REST"}],"neow_cost":"NONE","seed_source_timestamp":45705324411448,"circlet_count":0,"master_deck":["Defend_B","Defend_B+1","Defend_B+1","Defend_B","Zap","Dualcast","Go for the Eyes+1","Streamline+1","Beam Cell+1","Skim","Compile Driver","All For One+1","Loop+1","Ball Lightning","Steam","Sweeping Beam","FTL","Glacier","Static Discharge+1","Conserve Battery","Defragment+1","Lockon","White Noise+1","Stack","Machine Learning+1","Lockon+1","Gash","Coolheaded+1","Coolheaded","Gash","Hologram+1"],"relics":["Cracked Core","Omamori","Frozen Egg 2","Pear","DataDisk","Sozu","Blue Candle","Whetstone","Shuriken","Runic Capacitor","Orichalcum","Tiny Chest","Empty Cage","Anchor","Toxic Egg 2","War Paint","Pen Nib","Kunai"],"potions_floor_usage":[30],"damage_taken":[{"damage":5,"enemies":"Cultist","floor":1,"turns":4},{"damage":4,"enemies":"Jaw Worm","floor":3,"turns":3},{"damage":25,"enemies":"Lagavulin","floor":7,"turns":5},{"damage":0,"enemies":"2 Louse","floor":10,"turns":1},{"damage":26,"enemies":"Gremlin Nob","floor":11,"turns":4},{"damage":15,"enemies":"Lagavulin","floor":13,"turns":5},{"damage":0,"enemies":"Blue Slaver","floor":14,"turns":3},{"damage":13,"enemies":"Hexaghost","floor":16,"turns":7},{"damage":17,"enemies":"2 Thieves","floor":18,"turns":3},{"damage":1,"enemies":"Chosen","floor":19,"turns":3},{"damage":22,"enemies":"3 Cultists","floor":20,"turns":4},{"damage":27,"enemies":"Cultist and Chosen","floor":22,"turns":5},{"damage":33,"enemies":"Slavers","floor":24,"turns":5},{"damage":22,"enemies":"Gremlin Leader","floor":27,"turns":5},{"damage":0,"enemies":"Snecko","floor":29,"turns":2},{"damage":26,"enemies":"Slavers","floor":30,"turns":4},{"damage":11,"enemies":"Champ","floor":33,"turns":7},{"damage":12,"enemies":"Orb Walker","floor":35,"turns":3},{"damage":43,"enemies":"3 Darklings","floor":39,"turns":3},{"damage":0,"enemies":"Maw","floor":44,"turns":5},{"damage":8,"enemies":"Giant Head","floor":45,"turns":6},{"damage":0,"enemies":"Transient","floor":47,"turns":5},{"damage":25,"enemies":"Nemesis","floor":48,"turns":7},{"damage":33,"enemies":"Time Eater","floor":50,"turns":9}],"seed_played":"8254986644857933257","potions_obtained":[{"floor":10,"key":"SteroidPotion"},{"floor":13,"key":"SpeedPotion"},{"floor":14,"key":"GamblersBrew"}],"is_trial":false,"path_per_floor":["M","$","M","$","?","R","E","R","T","M","E","?","E","M","R","B",null,"M","M","M","?","M","R","E","R","T","E","$","M","E","?","R","B",null,"M","?","$","?","M","R","$","R","T","M","E","T","M","E","R","B",null],"character_chosen":"DEFECT","items_purchased":["Streamline","Defragment+1","Runic Capacitor","Lockon","Gash","Coolheaded","Anchor"],"campfire_rested":6,"item_purchase_floors":[2,28,28,28,37,41,41],"current_hp_per_floor":[77,77,73,73,78,78,53,53,53,53,37,37,22,22,51,38,97,80,79,57,57,30,59,26,55,55,33,33,33,7,7,36,25,97,85,85,85,80,37,66,66,66,66,66,58,58,58,33,62,29],"gold":159,"neow_bonus":"TEN_PERCENT_HP_BONUS","is_prod":false,"is_daily":false,"chose_seed":false,"campfire_upgraded":3,"win_rate":0,"timestamp":1565302059,"path_taken":["M","$","M","?","?","R","E","R","T","M","E","?","E","M","R","BOSS","M","M","M","?","M","R","E","R","T","E","$","M","E","?","R","BOSS","M","?","$","?","M","R","$","R","T","M","E","?","M","E","R","BOSS"],"build_version":"2019-07-17","purchased_purges":1,"victory":true,"max_hp_per_floor":[82,82,82,82,87,87,87,87,87,87,97,97,97,97,97,97,97,97,97,97,97,97,97,97,97,97,97,97,97,97,97,97,97,97,97,97,97,97,97,97,97,97,97,97,97,97,97,97,97,97],"card_choices":[{"not_picked":["Conserve Battery","Beam Cell"],"picked":"Go for the Eyes","floor":1},{"not_picked":["Turbo","Skim"],"picked":"Beam Cell","floor":3},{"not_picked":["White Noise","Go for the Eyes"],"picked":"Skim","floor":7},{"not_picked":["Streamline","Redo"],"picked":"Compile Driver","floor":10},{"not_picked":["Chill","Sunder"],"picked":"All For One","floor":11},{"not_picked":["Cold Snap","Consume"],"picked":"Loop+1","floor":13},{"not_picked":["Sweeping Beam","Turbo"],"picked":"Ball Lightning","floor":14},{"not_picked":["Ball Lightning","Heatsinks+1"],"picked":"Steam","floor":18},{"not_picked":["Redo","Streamline"],"picked":"Sweeping Beam","floor":19},{"not_picked":["Beam Cell","Streamline+1"],"picked":"FTL","floor":20},{"not_picked":["Recycle","Consume"],"picked":"Glacier","floor":22},{"not_picked":["Barrage","Redo+1"],"picked":"Static Discharge+1","floor":24},{"not_picked":["Meteor Strike","Cold Snap"],"picked":"Conserve Battery","floor":27},{"not_picked":["Darkness","White Noise+1","Barrage"],"picked":"SKIP","floor":29},{"not_picked":["Darkness","Barrage"],"picked":"White Noise+1","floor":29},{"not_picked":["Melter+1","Compile Driver+1"],"picked":"Stack","floor":30},{"not_picked":["Thunder Strike","Reboot"],"picked":"Machine Learning+1","floor":33},{"not_picked":["BootSequence+1","Storm+1"],"picked":"Lockon+1","floor":35},{"not_picked":["Scrape","Doom and Gloom+1"],"picked":"Coolheaded","floor":39},{"not_picked":["Ball Lightning+1","Beam Cell"],"picked":"Gash","floor":44},{"not_picked":["Machine Learning+1","Auto Shields+1","Ball Lightning"],"picked":"SKIP","floor":45},{"not_picked":["Sweeping Beam+1","Undo+1"],"picked":"Hologram+1","floor":47},{"not_picked":["Lockon","Blizzard+1","Turbo+1"],"picked":"SKIP","floor":48}],"player_experience":787159,"relics_obtained":[{"floor":7,"key":"Omamori"},{"floor":9,"key":"Frozen Egg 2"},{"floor":11,"key":"Pear"},{"floor":13,"key":"DataDisk"},{"floor":24,"key":"Blue Candle"},{"floor":26,"key":"Whetstone"},{"floor":27,"key":"Shuriken"},{"floor":30,"key":"Orichalcum"},{"floor":43,"key":"Toxic Egg 2"},{"floor":45,"key":"War Paint"},{"floor":46,"key":"Pen Nib"},{"floor":48,"key":"Kunai"}],"event_choices":[{"damage_healed":0,"gold_gain":0,"player_choice":"Donut","damage_taken":0,"max_hp_gain":5,"max_hp_loss":0,"event_name":"Big Fish","floor":5,"gold_loss":0},{"damage_healed":0,"gold_gain":78,"player_choice":"Gained Gold","damage_taken":0,"max_hp_gain":0,"max_hp_loss":0,"event_name":"Golden Wing","floor":12,"gold_loss":0},{"cards_removed":["Strike_B"],"damage_healed":0,"gold_gain":0,"player_choice":"Gave Gold","damage_taken":0,"max_hp_gain":0,"max_hp_loss":0,"event_name":"Beggar","floor":21,"gold_loss":75},{"damage_healed":0,"gold_gain":0,"player_choice":"Opened","damage_taken":0,"relics_obtained":["Tiny Chest"],"max_hp_gain":0,"max_hp_loss":0,"event_name":"The Mausoleum","floor":31,"gold_loss":0},{"damage_healed":0,"gold_gain":0,"player_choice":"Ignored","damage_taken":0,"max_hp_gain":0,"max_hp_loss":0,"event_name":"Tomb of Lord Red Mask","floor":36,"gold_loss":0},{"damage_healed":0,"gold_gain":0,"player_choice":"Memory 2","damage_taken":5,"max_hp_gain":0,"max_hp_loss":0,"event_name":"SensoryStone","floor":38,"gold_loss":0}],"is_beta":false,"boss_relics":[{"not_picked":["White Beast Statue","Nuclear Battery"],"picked":"Sozu"},{"not_picked":["Fusion Hammer","Velvet Choker"],"picked":"Empty Cage"}],"items_purged_floors":[2],"is_endless":false,"potions_floor_spawned":[10,13,14,19,20,24,30,35,45,47],"ascension_level":3}