{"gold_per_floor":[109,129,129,141,157,157,168,179,202,222,49,49,49,68,68,165,165,178,178,196,71,71,71,86,97,97,97,97,59,70,70,70,170,170,188,188,202,202,219,219],"floor_reached":40,"playtime":6847,"items_purged":["Regret","Defend_R"],"score":407,"play_id":"e94e50f6-63da-4d06-bd14-6f292b0eb4a6","local_time":"20180624213255","is_ascension_mode":false,"campfire_choices":[{"floor":6,"key":"REST"},{"floor":13,"key":"REST"},{"data":"Bludgeon","floor":15,"key":"SMITH"},{"data":"Feed","floor":23,"key":"SMITH"},{"floor":28,"key":"REST"},{"floor":32,"key":"REST"}],"neow_cost":"","seed_source_timestamp":164121192500954,"circlet_count":0,"master_deck":["Strike_R+1","Strike_R+1","Strike_R+1","Strike_R+1","Strike_R+1","Defend_R+1","Defend_R+1","Defend_R+1","True Grit","Battle Trance","Thunderclap","Bludgeon+1","True Grit","Clothesline","Headbutt","Good Instincts","Shrug It Off","Feed+1","Combust+1","Warcry","Armaments","Pommel Strike+1","Headbutt","Infernal Blade","Double Tap","Intimidate","Bloodletting+1","Madness","Madness","Shockwave+1"],"relics":["Black Blood","Orichalcum","Regal Pillow","Velvet Choker","Meat on the Bone","Matryoshka","Anchor","Strawberry","Bronze Scales","Champion Belt"],"potions_floor_usage":[16,16,33,33,39,39,40,40,40,40],"damage_taken":[{"damage":0,"enemies":"Small Slimes","floor":1,"turns":3},{"damage":7,"enemies":"2 Louse","floor":2,"turns":4},{"damage":9,"enemies":"Cultist","floor":4,"turns":5},{"damage":27,"enemies":"Gremlin Gang","floor":5,"turns":6},{"damage":5,"enemies":"Looter","floor":7,"turns":3},{"damage":23,"enemies":"Red Slaver","floor":8,"turns":6},{"damage":4,"enemies":"Blue Slaver","floor":10,"turns":4},{"damage":1,"enemies":"3 Louse","floor":14,"turns":4},{"damage":61,"enemies":"The Guardian","floor":16,"turns":13},{"damage":4,"enemies":"Chosen","floor":18,"turns":4},{"damage":3,"enemies":"3 Byrds","floor":20,"turns":3},{"damage":35,"enemies":"Sentry and Sphere","floor":24,"turns":6},{"damage":13,"enemies":"3 Cultists","floor":25,"turns":5},{"damage":26,"enemies":"Cultist and Chosen","floor":30,"turns":6},{"damage":83,"enemies":"Champ","floor":33,"turns":11},{"damage":23,"enemies":"3 Darklings","floor":35,"turns":4},{"damage":8,"enemies":"3 Shapes","floor":37,"turns":3},{"damage":61,"enemies":"Maw","floor":39,"turns":8},{"damage":36,"enemies":"Giant Head","floor":40,"turns":7}],"seed_played":"-4885034553782901127","potions_obtained":[{"floor":4,"key":"Block Potion"},{"floor":5,"key":"SkillPotion"},{"floor":10,"key":"Explosive Potion"},{"floor":16,"key":"Strength Potion"},{"floor":18,"key":"Fire Potion"},{"floor":35,"key":"Energy Potion"},{"floor":39,"key":"EntropicBrew"}],"is_trial":false,"path_per_floor":["M","M","?","M","M","R","M","M","T","M","$","?","R","M","R","B",null,"M","T","M","$","?","R","M","M","T","T","R","$","M","T","R","B",null,"M","?","M","?","M"],"character_chosen":"IRONCLAD","items_purchased":["Good Instincts","Armaments","Infernal Blade"],"campfire_rested":4,"item_purchase_floors":[11,21,29],"current_hp_per_floor":[80,79,79,76,55,79,80,63,63,65,65,65,80,80,80,25,80,80,80,80,80,80,80,51,60,60,67,91,91,71,71,91,26,91,78,78,84,72,33,0],"gold":219,"neow_bonus":"","is_prod":false,"is_daily":false,"chose_seed":false,"campfire_upgraded":2,"win_rate":0.0,"timestamp":1529843575,"path_taken":["M","M","?","?","?","R","M","M","T","M","$","?","R","M","R","BOSS","M","?","M","$","?","R","M","M","T","?","R","$","?","?","R","BOSS","M","?","M","?","?","E"],"build_version":"2018-06-21v2","purchased_purges":2,"victory":false,"max_hp_per_floor":[80,80,80,80,80,80,80,80,80,80,80,80,80,80,80,80,80,80,80,80,80,80,80,80,84,84,91,91,91,91,91,91,91,91,91,91,95,95,95,95],"card_choices":[{"not_picked":["Perfected Strike","Body Slam"],"picked":"True Grit","floor":1},{"not_picked":["Power Through","Warcry"],"picked":"Battle Trance","floor":2},{"not_picked":["Rage","Disarm"],"picked":"Thunderclap","floor":4},{"not_picked":["Pommel Strike","Perfected Strike"],"picked":"Bludgeon","floor":5},{"not_picked":["Flex","Pummel"],"picked":"True Grit","floor":7},{"not_picked":["Bloodletting","Pummel"],"picked":"Clothesline","floor":8},{"not_picked":["Hemokinesis","Twin Strike"],"picked":"Headbutt","floor":10},{"not_picked":["Hemokinesis","Body Slam"],"picked":"Shrug It Off","floor":14},{"not_picked":["Dark Embrace","Brutality"],"picked":"Feed","floor":16},{"not_picked":["Hemokinesis","Perfected Strike"],"picked":"Combust+1","floor":18},{"not_picked":["Rage+1","Combust"],"picked":"Warcry","floor":20},{"not_picked":["Clothesline","Ghostly Armor"],"picked":"Pommel Strike+1","floor":24},{"not_picked":["Flex","Inflame"],"picked":"Headbutt","floor":25},{"not_picked":["Perfected Strike","Armaments"],"picked":"Iron Wave","floor":30},{"not_picked":["Juggernaut","Berserk"],"picked":"Double Tap","floor":33},{"not_picked":["Shrug It Off","Armaments+1"],"picked":"Intimidate","floor":35},{"not_picked":["Clash+1","Clothesline"],"picked":"Bloodletting+1","floor":37},{"not_picked":["Flex","Shrug It Off"],"picked":"Shockwave+1","floor":39}],"player_experience":0,"relics_obtained":[{"floor":9,"key":"Regal Pillow"},{"floor":19,"key":"Meat on the Bone"},{"floor":26,"key":"Matryoshka"},{"floor":27,"key":"Anchor"},{"floor":27,"key":"Strawberry"},{"floor":31,"key":"Bronze Scales"},{"floor":31,"key":"Champion Belt"}],"event_choices":[{"event_name":"Big Fish","player_choice":"Box","floor":3,"damage_taken":0},{"event_name":"Bonfire Elementals","player_choice":"BASIC","floor":12,"damage_taken":0},{"event_name":"Back to Basics","player_choice":"Simplicity","floor":22,"damage_taken":0},{"event_name":"Falling","player_choice":"Removed Attack","floor":36,"damage_taken":0},{"event_name":"Winding Halls","player_choice":"Embrace Madness","floor":38,"damage_taken":0}],"boss_relics":[{"not_picked":["Runic Pyramid","Runic Dome"],"picked":"Velvet Choker"},{"not_picked":["Black Star","Astrolabe"],"picked":"Black Blood"}],"items_purged_floors":[11,21],"is_endless":false,"potions_floor_spawned":[4,5,10,14,16,18,30,35,39],"killed_by":"Giant Head","ascension_level":0}