{"gold_per_floor":[109,109,3,20,33,33,66,13,13,38,38,70,81,100,100,171,171,183,203,35,35,35,35,69,69,121,145],"floor_reached":27,"playtime":2579,"items_purged":[],"score":588,"play_id":"deb50ba3-2cbb-45eb-80b8-5ffe9c9461ec","local_time":"20190319122647","is_ascension_mode":true,"campfire_choices":[{"data":"Sword Boomerang","floor":6.0,"key":"SMITH"},{"data":"Clothesline","floor":11.0,"key":"SMITH"},{"data":"Inflame","floor":15.0,"key":"SMITH"},{"data":"Flex","floor":23.0,"key":"SMITH"},{"floor":25.0,"key":"REST"}],"neow_cost":"PERCENT_DAMAGE","seed_source_timestamp":90879535796400,"circlet_count":0,"master_deck":["AscendersBane","Strike_R","Strike_R","Strike_R","Strike_R","Strike_R","Defend_R+1","Defend_R","Defend_R+1","Defend_R","Bash+1","Flex+1","Sword Boomerang+1","Headbutt","Sword Boomerang","Metallicize","Metallicize","Clothesline+1","Inflame+1","Reaper","True Grit+1","Inflame","Reaper","Flex+1","Shame","Thunderclap"],"special_seed":0,"relics":["Burning Blood","Thread and Needle","Question Card","Dream Catcher","Magic Flower","Darkstone Periapt","Gremlin Horn","Black Star","Anchor","Matryoshka","The Courier","MawBank","War Paint"],"potions_floor_usage":[],"damage_taken":[{"damage":2.0,"enemies":"Cultist","floor":1.0,"turns":4.0},{"damage":0.0,"enemies":"Jaw Worm","floor":4.0,"turns":2.0},{"damage":1.0,"enemies":"Small Slimes","floor":5.0,"turns":3.0},{"damage":19.0,"enemies":"Gremlin Nob","floor":7.0,"turns":4.0},{"damage":0.0,"enemies":"Lagavulin","floor":10.0,"turns":8.0},{"damage":10.0,"enemies":"3 Sentries","floor":12.0,"turns":8.0},{"damage":8.0,"enemies":"3 Louse","floor":13.0,"turns":4.0},{"damage":3.0,"enemies":"2 Fungi Beasts","floor":14.0,"turns":3.0},{"damage":15.0,"enemies":"Hexaghost","floor":16.0,"turns":8.0},{"damage":24.0,"enemies":"3 Byrds","floor":18.0,"turns":6.0},{"damage":18.0,"enemies":"Spheric Guardian","floor":19.0,"turns":4.0},{"damage":95.0,"enemies":"Gremlin Leader","floor":24.0,"turns":8.0},{"damage":22.0,"enemies":"Slavers","floor":27.0,"turns":5.0}],"seed_played":"-2352866184402112624","potions_obtained":[{"floor":1.0,"key":"PowerPotion"},{"floor":4.0,"key":"Weak Potion"},{"floor":7.0,"key":"Explosive Potion"},{"floor":13.0,"key":"BloodPotion"},{"floor":14.0,"key":"FearPotion"},{"floor":24.0,"key":"Strength Potion"}],"is_trial":false,"path_per_floor":["M","?","$","M","M","R","E","?","T","E","R","E","M","M","R","B",null,"M","M","$","?","?","R","E","R","T","E"],"character_chosen":"IRONCLAD","items_purchased":["Sword Boomerang","Headbutt","Inflame","Reaper"],"campfire_rested":1,"item_purchase_floors":[3,3,20,20],"current_hp_per_floor":[54,31,31,37,42,42,29,29,29,38,38,37,38,44,44,38,66,56,47,47,47,53,53,38,62,62,79],"gold":145,"neow_bonus":"ONE_RARE_RELIC","is_prod":false,"is_daily":false,"chose_seed":false,"campfire_upgraded":4,"win_rate":0,"timestamp":1552987607,"path_taken":["M","?","$","M","M","R","E","?","T","E","R","E","M","?","R","BOSS","M","M","$","?","?","R","E","R","T","E"],"build_version":"2019-01-23","purchased_purges":0,"victory":false,"max_hp_per_floor":[75,75,75,75,75,75,75,75,75,75,75,75,75,75,75,75,75,75,75,75,75,81,81,81,81,81,81],"card_choices":[{"not_picked":["Perfected Strike","Clash"],"picked":"Flex","floor":1.0},{"not_picked":["Ghostly Armor","Rupture"],"picked":"Sword Boomerang","floor":4.0},{"not_picked":["Heavy Blade","Flame Barrier"],"picked":"Metallicize","floor":5.0},{"not_picked":["Wild Strike","Rage"],"picked":"Metallicize","floor":7.0},{"not_picked":["True Grit","Fiend Fire","Iron Wave"],"picked":"Clothesline","floor":10.0},{"not_picked":["Body Slam","Sever Soul","Cleave","Warcry"],"picked":"SKIP","floor":12.0},{"not_picked":["Body Slam","Sever Soul","Cleave","Warcry"],"picked":"SKIP","floor":12.0},{"not_picked":["True Grit","Body Slam","Shrug It Off"],"picked":"Inflame","floor":13.0},{"not_picked":["Body Slam","Armaments","Second Wind","Combust"],"picked":"SKIP","floor":14.0},{"not_picked":["Feed","Juggernaut","Brutality"],"picked":"Reaper","floor":16.0},{"not_picked":["Burning Pact","Body Slam","Reckless Charge","Perfected Strike"],"picked":"SKIP","floor":18.0},{"not_picked":["Perfected Strike","Rampage","Anger"],"picked":"True Grit+1","floor":19.0},{"not_picked":["Metallicize","Flex","Barricade"],"picked":"Thunderclap","floor":24.0}],"player_experience":945222,"relics_obtained":[{"floor":7.0,"key":"Question Card"},{"floor":9.0,"key":"Magic Flower"},{"floor":10.0,"key":"Darkstone Periapt"},{"floor":12.0,"key":"Gremlin Horn"},{"floor":24.0,"key":"Matryoshka"},{"floor":24.0,"key":"The Courier"},{"floor":26.0,"key":"MawBank"},{"floor":26.0,"key":"War Paint"}],"event_choices":[{"damage_healed":0.0,"max_hp_gain":0.0,"max_hp_loss":0.0,"gold_gain":0.0,"event_name":"Shining Light","player_choice":"Entered Light","floor":2.0,"gold_loss":0.0,"damage_taken":23.0,"cards_upgraded":["Flex","Bash"]},{"damage_healed":0.0,"max_hp_gain":0.0,"max_hp_loss":0.0,"gold_gain":0.0,"event_name":"WeMeetAgain","player_choice":"Paid Gold","floor":8.0,"gold_loss":53.0,"damage_taken":0.0,"relics_obtained":["Dream Catcher"]},{"damage_healed":0.0,"max_hp_gain":0.0,"max_hp_loss":0.0,"gold_gain":0.0,"event_name":"The Library","player_choice":"Read","floor":21.0,"gold_loss":0.0,"damage_taken":0.0,"cards_obtained":["Flex"]},{"damage_healed":0.0,"max_hp_gain":0.0,"max_hp_loss":0.0,"gold_gain":0.0,"event_name":"Addict","player_choice":"Stole Relic","floor":22.0,"gold_loss":0.0,"damage_taken":0.0,"relics_obtained":["Anchor"],"cards_obtained":["Shame"]}],"is_beta":false,"boss_relics":[{"not_picked":["White Beast Statue","Velvet Choker"],"picked":"Black Star"}],"items_purged_floors":[],"is_endless":false,"potions_floor_spawned":[1,4,7,13,14,24],"killed_by":"Slavers","ascension_level":20}