{"gold_per_floor":[112,128,128,128,203,236,236,186,256,284,297,297,307,325,325,397,397,412,424,444,456,53,53],"floor_reached":23,"playtime":894,"items_purged":["Strike_B"],"score":401,"play_id":"09b8e6e5-adb5-4c8f-bfbc-0ce0ff1a5496","local_time":"20190916002252","is_ascension_mode":true,"campfire_choices":[{"data":"Zap","floor":7.0,"key":"SMITH"},{"data":"Dualcast","floor":12.0,"key":"SMITH"},{"data":"Defragment","floor":15.0,"key":"SMITH"}],"neow_cost":"NONE","seed_source_timestamp":168188053834100,"circlet_count":0,"master_deck":["AscendersBane","Strike_B","Strike_B","Defend_B","Defend_B","Defend_B","Defend_B","Zap+1","Dualcast+1","Leap","Leap","Electrodynamics","Ball Lightning","Defragment+1","Self Repair","Echo Form","Leap","Leap","Defragment","Bandage Up"],"special_seed":0,"relics":["Cracked Core","NeowsBlessing","Pantograph","Sundial","Nunchaku","Eternal Feather","Oddly Smooth Stone"],"potions_floor_usage":[],"damage_taken":[{"damage":0.0,"enemies":"Small Slimes","floor":1.0,"turns":1.0},{"damage":0.0,"enemies":"2 Louse","floor":2.0,"turns":1.0},{"damage":0.0,"enemies":"3 Sentries","floor":6.0,"turns":1.0},{"damage":16.0,"enemies":"Lagavulin","floor":10.0,"turns":8.0},{"damage":0.0,"enemies":"Cultist","floor":11.0,"turns":3.0},{"damage":0.0,"enemies":"Large Slime","floor":13.0,"turns":3.0},{"damage":0.0,"enemies":"Lots of Slimes","floor":14.0,"turns":1.0},{"damage":5.0,"enemies":"The Guardian","floor":16.0,"turns":9.0},{"damage":21.0,"enemies":"Spheric Guardian","floor":18.0,"turns":5.0},{"damage":26.0,"enemies":"Shell Parasite","floor":19.0,"turns":6.0},{"damage":22.0,"enemies":"Centurion and Healer","floor":20.0,"turns":6.0},{"damage":41,"enemies":"Snake Plant","floor":21,"turns":5},{"damage":38,"enemies":"Slavers","floor":23,"turns":2}],"seed_played":"7292450586098438274","potions_obtained":[{"floor":6.0,"key":"LiquidBronze"},{"floor":11.0,"key":"FearPotion"},{"floor":18.0,"key":"AttackPotion"},{"floor":19.0,"key":"Strength Potion"}],"is_trial":false,"path_per_floor":["M","M","?","?","?","E","R","?","T","E","M","R","M","M","R","B",null,"M","M","M","M","$","E"],"character_chosen":"DEFECT","items_purchased":["Bandage Up","FairyPotion","Oddly Smooth Stone"],"campfire_rested":0,"item_purchase_floors":[22,22,22],"current_hp_per_floor":[68,68,73,70,59,59,59,59,59,43,43,43,43,43,43,70,78,64,52,44,10,10,0],"gold":53,"neow_bonus":"THREE_ENEMY_KILL","is_prod":false,"is_daily":false,"chose_seed":false,"campfire_upgraded":3,"win_rate":0,"timestamp":1568560972,"path_taken":["M","M","?","?","?","E","R","?","T","E","M","R","M","M","R","BOSS","M","M","M","M","$","E"],"build_version":"2019-07-17","purchased_purges":1,"victory":false,"max_hp_per_floor":[75,75,80,80,80,80,80,80,80,80,80,80,80,80,80,80,80,80,80,80,80,80,80],"card_choices":[{"not_picked":["Tempest","White Noise"],"picked":"Leap","floor":1.0},{"not_picked":["Recycle","Redo"],"picked":"Leap","floor":2.0},{"not_picked":["Darkness","Aggregate"],"picked":"Electrodynamics","floor":6.0},{"not_picked":["Darkness","Doom and Gloom","Coolheaded"],"picked":"SKIP","floor":10.0},{"not_picked":["Hologram","Gash"],"picked":"Ball Lightning","floor":11.0},{"not_picked":["Darkness","Leap"],"picked":"Defragment","floor":13.0},{"not_picked":["Reprogram","Tempest"],"picked":"Self Repair","floor":14.0},{"not_picked":["Multi-Cast","Rainbow"],"picked":"Echo Form","floor":16.0},{"not_picked":["Blizzard","Consume"],"picked":"Leap","floor":18.0},{"not_picked":["Storm","Turbo","Chaos"],"picked":"SKIP","floor":19.0},{"not_picked":["Go for the Eyes","Rip and Tear"],"picked":"Leap","floor":20.0},{"not_picked":["Go for the Eyes","Beam Cell+1"],"picked":"Defragment","floor":21}],"player_experience":335650,"relics_obtained":[{"floor":6.0,"key":"Sundial"},{"floor":10.0,"key":"Nunchaku"}],"event_choices":[{"damage_healed":0.0,"max_hp_gain":5.0,"max_hp_loss":0.0,"gold_gain":0.0,"event_name":"Big Fish","player_choice":"Donut","floor":3.0,"gold_loss":0.0,"damage_taken":0.0},{"damage_healed":0.0,"max_hp_gain":0.0,"max_hp_loss":0.0,"gold_gain":0.0,"event_name":"Scrap Ooze","player_choice":"Success","floor":4.0,"gold_loss":0.0,"damage_taken":3.0,"relics_obtained":["Pantograph"]},{"damage_healed":0.0,"max_hp_gain":0.0,"max_hp_loss":0.0,"gold_gain":75.0,"event_name":"World of Goop","player_choice":"Gather Gold","floor":5.0,"gold_loss":0.0,"damage_taken":11.0},{"cards_removed":["Strike_B"],"damage_healed":0.0,"max_hp_gain":0.0,"max_hp_loss":0.0,"gold_gain":0.0,"event_name":"The Cleric","player_choice":"Card Removal","floor":8.0,"gold_loss":50.0,"damage_taken":0.0}],"is_beta":false,"boss_relics":[{"not_picked":["Cursed Key","Ectoplasm"],"picked":"Eternal Feather"}],"items_purged_floors":[22],"is_endless":false,"potions_floor_spawned":[6,11,14,18,19,20],"killed_by":"Slavers","ascension_level":13}