{"gold_per_floor":[113,213,229,25,39,39,72,83,83,111,26,26,26,51,51,128,128,147,147],"floor_reached":19,"playtime":570,"items_purged":["Strike_G"],"score":370,"play_id":"f250ba5c-d940-4ec7-bdf9-23ad4c41e100","local_time":"20190506123002","is_ascension_mode":true,"campfire_choices":[{"data":"Poisoned Stab","floor":6,"key":"SMITH"},{"floor":12,"key":"REST"},{"data":"Burst","floor":15,"key":"SMITH"}],"neow_cost":"NONE","seed_source_timestamp":1142637088964100,"circlet_count":0,"master_deck":["AscendersBane","Defend_G","Defend_G","Defend_G","Defend_G","Defend_G","Strike_G","Strike_G","Strike_G+1","Strike_G","Survivor","Neutralize+1","Bane","Dagger Throw","Poisoned Stab+1","Bane","Backflip","Bane","Malaise","Flying Knee+1","Malaise","Footwork","Burst+1","Envenom","Cloak And Dagger"],"relics":["Ring of the Snake","NeowsBlessing","Molten Egg 2","Sundial","Singing Bowl","Whetstone","Busted Crown"],"potions_floor_usage":[10,14],"damage_taken":[{"damage":0,"enemies":"Cultist","floor":1,"turns":1},{"damage":0,"enemies":"2 Louse","floor":3,"turns":1},{"damage":0,"enemies":"Jaw Worm","floor":5,"turns":1},{"damage":25,"enemies":"Lagavulin","floor":7,"turns":6},{"damage":3,"enemies":"Looter","floor":8,"turns":3},{"damage":15,"enemies":"3 Sentries","floor":10,"turns":5},{"damage":18,"enemies":"Gremlin Nob","floor":14,"turns":4},{"damage":2,"enemies":"Hexaghost","floor":16,"turns":13},{"damage":8,"enemies":"3 Byrds","floor":18,"turns":6},{"damage":46,"enemies":"Masked Bandits","floor":19,"turns":3}],"seed_played":"1475040024451471978","potions_obtained":[{"floor":7,"key":"Ancient Potion"},{"floor":8,"key":"PowerPotion"},{"floor":18,"key":"SpeedPotion"}],"is_trial":false,"path_per_floor":["M","?","M","$","M","R","E","M","T","E","$","R","?","E","R","B",null,"M","?"],"character_chosen":"THE_SILENT","items_purchased":["Poisoned Stab","Bane","Backflip","Footwork"],"campfire_rested":1,"item_purchase_floors":[4,4,4,11],"current_hp_per_floor":[59,59,59,59,59,59,34,31,31,16,16,35,35,17,17,15,53,45,0],"gold":147,"neow_bonus":"THREE_ENEMY_KILL","is_prod":false,"is_daily":false,"chose_seed":false,"campfire_upgraded":2,"win_rate":0,"timestamp":1557135002,"path_taken":["M","?","M","$","?","R","E","M","T","E","$","R","?","E","R","BOSS","M","?"],"build_version":"2019-01-23","purchased_purges":1,"victory":false,"max_hp_per_floor":[66,66,66,66,66,66,66,66,66,66,66,66,66,66,66,66,66,66,66],"card_choices":[{"not_picked":["Underhanded Strike","Deflect"],"picked":"Bane","floor":1},{"not_picked":["Quick Slash","Concentrate"],"picked":"Dagger Throw","floor":3},{"not_picked":["Outmaneuver","Deflect"],"picked":"Bane","floor":5},{"not_picked":["Reflex","Poisoned Stab"],"picked":"Malaise","floor":7},{"not_picked":["Dagger Throw+1","Deadly Poison"],"picked":"Flying Knee+1","floor":8},{"not_picked":["Slice+1","Distraction"],"picked":"Malaise","floor":10},{"not_picked":["Dagger Throw+1","Underhanded Strike+1"],"picked":"Burst","floor":14},{"not_picked":["Storm of Steel","Corpse Explosion"],"picked":"Envenom","floor":16},{"not_picked":[],"picked":"Cloak And Dagger","floor":18}],"player_experience":1299351,"relics_obtained":[{"floor":7,"key":"Molten Egg 2"},{"floor":9,"key":"Sundial"},{"floor":10,"key":"Singing Bowl"},{"floor":14,"key":"Whetstone"}],"event_choices":[{"damage_healed":0,"gold_gain":100,"player_choice":"Gold","damage_taken":0,"max_hp_gain":0,"max_hp_loss":0,"event_name":"Wheel of Change","floor":2,"gold_loss":0},{"damage_healed":0,"gold_gain":0,"player_choice":"Leave","damage_taken":0,"max_hp_gain":0,"max_hp_loss":0,"event_name":"The Cleric","floor":13,"gold_loss":0},{"damage_healed":0,"gold_gain":0,"player_choice":"Fought Bandits","damage_taken":0,"max_hp_gain":0,"max_hp_loss":0,"event_name":"Masked Bandits","floor":19,"gold_loss":0}],"is_beta":false,"boss_relics":[{"not_picked":["Astrolabe","HoveringKite"],"picked":"Busted Crown"}],"items_purged_floors":[4],"is_endless":false,"potions_floor_spawned":[7,8,18],"killed_by":"Masked Bandits","ascension_level":20}