{"gold_per_floor":[118,95,95,95,95,95,113,142,219,219,219,254,269,284,284,387,387,397,496,446,456,279,279,308,321,321,321,48,58,58,83,83,182,182,200,220,220,238,238,268,268,313,337,369,369,49,49,49,49,49],"floor_reached":50,"playtime":20588,"items_purged":["Strike_B","Parasite"],"score":757,"play_id":"1ef05d92-da42-4679-8925-18585789a3c8","local_time":"20190814205814","is_ascension_mode":true,"campfire_choices":[{"data":"Zap","floor":6,"key":"SMITH"},{"data":"Chill","floor":10,"key":"SMITH"},{"floor":15,"key":"REST"},{"data":"Echo Form","floor":23,"key":"SMITH"},{"floor":27,"key":"REST"},{"data":"Doom and Gloom","floor":30,"key":"SMITH"},{"floor":32,"key":"REST"},{"floor":41,"key":"REST"},{"floor":47,"key":"REST"},{"floor":49,"key":"REST"}],"neow_cost":"NONE","seed_source_timestamp":22021833105121,"circlet_count":0,"master_deck":["Strike_B","Strike_B","Defend_B","Defend_B","Defend_B+1","Defend_B","Zap+1","Dualcast","Compile Driver+1","Barrage+1","Chill+1","Static Discharge","Auto Shields+1","Cold Snap","Echo Form+1","Cold Snap+1","Sweeping Beam","Ball Lightning","Loop","Chaos+1","Glacier","Doom and Gloom+1","White Noise","Core Surge","Steam","Mayhem","Madness","Madness","White Noise","Decay","Echo Form+1","Coolheaded","Self Repair"],"relics":["Cracked Core","Smiling Mask","Pear","PreservedInsect","Cursed Key","Pen Nib","Symbiotic Virus","War Paint","Happy Flower","Sozu","Strawberry","Du-Vu Doll","Anchor","Molten Egg 2","DollysMirror"],"potions_floor_usage":[16,33,33,42,42],"damage_taken":[{"damage":1,"enemies":"Cultist","floor":1,"turns":3},{"damage":3,"enemies":"2 Louse","floor":7,"turns":2},{"damage":25,"enemies":"Lagavulin","floor":8,"turns":6},{"damage":18,"enemies":"Gremlin Nob","floor":12,"turns":3},{"damage":0,"enemies":"Small Slimes","floor":13,"turns":3},{"damage":4,"enemies":"Looter","floor":14,"turns":3},{"damage":18,"enemies":"Slime Boss","floor":16,"turns":8},{"damage":2,"enemies":"Chosen","floor":18,"turns":5},{"damage":11,"enemies":"2 Thieves","floor":21,"turns":5},{"damage":12,"enemies":"Slavers","floor":24,"turns":5},{"damage":13,"enemies":"Chosen and Byrds","floor":25,"turns":5},{"damage":0,"enemies":"3 Cultists","floor":29,"turns":4},{"damage":35,"enemies":"Gremlin Leader","floor":31,"turns":6},{"damage":54,"enemies":"Champ","floor":33,"turns":9},{"damage":9,"enemies":"3 Darklings","floor":35,"turns":4},{"damage":0,"enemies":"3 Shapes","floor":36,"turns":5},{"damage":4,"enemies":"3 Darklings","floor":38,"turns":7},{"damage":22,"enemies":"Reptomancer","floor":40,"turns":6},{"damage":44,"enemies":"2 Orb Walkers","floor":42,"turns":5},{"damage":9,"enemies":"Nemesis","floor":44,"turns":5},{"damage":71,"enemies":"Donu and Deca","floor":50,"turns":6}],"seed_played":"447501539340065996","potions_obtained":[{"floor":7,"key":"Explosive Potion"},{"floor":13,"key":"SteroidPotion"},{"floor":14,"key":"Regen Potion"},{"floor":16,"key":"PowerPotion"},{"floor":29,"key":"SkillPotion"},{"floor":33,"key":"SkillPotion"}],"is_trial":false,"path_per_floor":["M","$","?","?","?","R","M","E","T","R","?","E","M","M","R","B",null,"M","?","?","M","$","R","E","M","T","R","$","M","R","E","R","B",null,"M","M","?","M","?","E","R","?","T","E","?","$","R","$","R","B"],"character_chosen":"DEFECT","items_purchased":["Barrage","Ball Lightning","Loop","Doom and Gloom","War Paint","DollysMirror","Coolheaded","Self Repair"],"campfire_rested":6,"item_purchase_floors":[2,22,22,28,28,46,46,46],"current_hp_per_floor":[74,74,74,67,67,67,64,39,49,49,31,13,13,9,36,33,77,75,75,75,64,64,64,52,39,39,66,66,66,66,31,57,3,68,59,59,59,55,44,29,57,13,13,4,4,4,32,32,60,0],"gold":49,"neow_bonus":"TEN_PERCENT_HP_BONUS","is_prod":false,"is_daily":false,"chose_seed":false,"campfire_upgraded":4,"win_rate":0,"timestamp":1565809094,"path_taken":["M","$","?","?","?","R","?","E","T","R","?","E","M","M","R","BOSS","M","?","?","?","$","R","E","M","T","R","$","M","R","E","R","BOSS","M","?","?","M","?","E","R","?","T","E","?","$","R","$","R","BOSS"],"build_version":"2019-07-17","purchased_purges":2,"victory":false,"max_hp_per_floor":[82,82,82,82,82,82,82,82,92,92,92,92,92,92,92,92,92,92,92,92,92,92,92,92,92,92,92,89,89,89,89,89,89,89,89,89,89,89,89,96,96,96,96,96,96,96,96,96,96,96],"card_choices":[{"not_picked":["Steam","Heatsinks"],"picked":"Compile Driver","floor":1},{"not_picked":["Force Field","Sweeping Beam","Compile Driver"],"picked":"SKIP","floor":7},{"not_picked":["Rebound","Turbo"],"picked":"Chill","floor":8},{"not_picked":["Meteor Strike","Barrage"],"picked":"Static Discharge","floor":12},{"not_picked":["Rip and Tear","Heatsinks"],"picked":"Auto Shields","floor":13},{"not_picked":["White Noise","Barrage"],"picked":"Cold Snap","floor":14},{"not_picked":["Rainbow","Multi-Cast"],"picked":"Echo Form","floor":16},{"not_picked":["Go for the Eyes+1","Heatsinks"],"picked":"Cold Snap+1","floor":18},{"not_picked":["Streamline","Scrape"],"picked":"Sweeping Beam","floor":21},{"not_picked":["Lockon","Darkness"],"picked":"Chaos","floor":24},{"not_picked":["Rip and Tear","Redo"],"picked":"Glacier","floor":25},{"not_picked":["Static Discharge","Redo"],"picked":"White Noise","floor":29},{"not_picked":["Cold Snap","Compile Driver","Recycle"],"picked":"SKIP","floor":31},{"not_picked":["Thunder Strike","Rainbow"],"picked":"Core Surge","floor":33},{"not_picked":["Gash","Compile Driver"],"picked":"Steam","floor":35},{"not_picked":["Barrage","Sweeping Beam+1","Turbo"],"picked":"SKIP","floor":36},{"not_picked":["Swift Strike","Mind Blast"],"picked":"Mayhem","floor":37},{"not_picked":["Auto Shields","Compile Driver","Aggregate+1"],"picked":"SKIP","floor":38},{"not_picked":["Barrage","Streamline+1"],"picked":"White Noise","floor":40},{"not_picked":["Hologram","Leap+1"],"picked":"Steam+1","floor":42},{"not_picked":["Turbo+1","Melter+1","Hologram"],"picked":"SKIP","floor":44}],"player_experience":890442,"relics_obtained":[{"floor":8,"key":"Smiling Mask"},{"floor":9,"key":"Pear"},{"floor":12,"key":"PreservedInsect"},{"floor":24,"key":"Pen Nib"},{"floor":26,"key":"Symbiotic Virus"},{"floor":31,"key":"Happy Flower"},{"floor":40,"key":"Strawberry"},{"floor":42,"key":"Du-Vu Doll"},{"floor":43,"key":"Anchor"},{"floor":44,"key":"Molten Egg 2"}],"event_choices":[{"damage_healed":0,"gold_gain":0,"player_choice":"Ignored","damage_taken":0,"max_hp_gain":0,"max_hp_loss":0,"event_name":"Liars Game","floor":3,"gold_loss":0},{"cards_removed":["Strike_B"],"damage_healed":0,"gold_gain":0,"player_choice":"Card Removal","damage_taken":7,"max_hp_gain":0,"max_hp_loss":0,"event_name":"Golden Wing","floor":4,"gold_loss":0},{"damage_healed":0,"gold_gain":0,"player_choice":"Upgraded","damage_taken":0,"max_hp_gain":0,"max_hp_loss":0,"event_name":"Upgrade Shrine","floor":5,"gold_loss":0,"cards_upgraded":["Barrage"]},{"damage_healed":0,"gold_gain":0,"player_choice":"Entered Light","damage_taken":18,"max_hp_gain":0,"max_hp_loss":0,"event_name":"Shining Light","floor":11,"gold_loss":0,"cards_upgraded":["Defend_B","Compile Driver"]},{"damage_healed":0,"gold_gain":99,"player_choice":"Stole From Cult","damage_taken":0,"max_hp_gain":0,"max_hp_loss":0,"event_name":"Nest","floor":19,"gold_loss":0},{"damage_healed":0,"gold_gain":0,"player_choice":"Bet on Murderer","damage_taken":0,"max_hp_gain":0,"max_hp_loss":0,"event_name":"The Joust","floor":20,"gold_loss":50},{"damage_healed":0,"gold_gain":0,"player_choice":"Memory 1","damage_taken":0,"max_hp_gain":0,"max_hp_loss":0,"event_name":"SensoryStone","floor":37,"gold_loss":0},{"damage_healed":0,"gold_gain":0,"player_choice":"Embrace Madness","damage_taken":11,"max_hp_gain":0,"max_hp_loss":0,"event_name":"Winding Halls","floor":39,"gold_loss":0,"cards_obtained":["Madness","Madness"]},{"damage_healed":0,"gold_gain":0,"player_choice":"Fight","damage_taken":0,"max_hp_gain":0,"max_hp_loss":0,"event_name":"Mysterious Sphere","floor":42,"gold_loss":0},{"cards_removed":["Steam"],"damage_healed":0,"gold_gain":0,"player_choice":"Removed Skill","damage_taken":0,"max_hp_gain":0,"max_hp_loss":0,"event_name":"Falling","floor":45,"gold_loss":0}],"is_beta":false,"boss_relics":[{"not_picked":["Velvet Choker","Ectoplasm"],"picked":"Cursed Key"},{"not_picked":["Fusion Hammer","Astrolabe"],"picked":"Sozu"}],"items_purged_floors":[22,28],"is_endless":false,"potions_floor_spawned":[7,13,14,16,25,29,33,35,44],"killed_by":"Donu and Deca","ascension_level":7}