{"gold_per_floor":[116,127,52,52,52,82,82,113,113,123,141,141,82,102,102,102],"floor_reached":16,"playtime":495,"items_purged":["Strike_B"],"score":263,"play_id":"a1bc4cc6-23c2-4019-9db3-0a3b6825ab50","local_time":"20190919005741","is_ascension_mode":true,"campfire_choices":[{"data":"Zap","floor":7.0,"key":"SMITH"},{"floor":15.0,"key":"REST"}],"neow_cost":"NONE","seed_source_timestamp":429360607447100,"circlet_count":0,"master_deck":["AscendersBane","Strike_B","Strike_B","Strike_B","Defend_B","Defend_B","Defend_B","Defend_B","Zap+1","Dualcast","Rebound+1","Coolheaded+1","Buffer","Scrape+1","Conserve Battery","Gash+1","Steam","Hologram","Steam"],"special_seed":0,"relics":["Cracked Core","NeowsBlessing","Molten Egg 2","Dream Catcher","Kunai"],"potions_floor_usage":[16],"damage_taken":[{"damage":0.0,"enemies":"Small Slimes","floor":1.0,"turns":1.0},{"damage":0.0,"enemies":"Jaw Worm","floor":2.0,"turns":1.0},{"damage":0.0,"enemies":"3 Sentries","floor":6.0,"turns":1.0},{"damage":21.0,"enemies":"Lagavulin","floor":8.0,"turns":8.0},{"damage":0.0,"enemies":"Cultist","floor":10.0,"turns":3.0},{"damage":12.0,"enemies":"Lots of Slimes","floor":11.0,"turns":4.0},{"damage":4.0,"enemies":"3 Louse","floor":14.0,"turns":3.0},{"damage":29,"enemies":"Slime Boss","floor":16,"turns":9}],"seed_played":"-2101234588818442131","potions_obtained":[{"floor":2.0,"key":"Block Potion"},{"floor":6.0,"key":"Swift Potion"},{"floor":14.0,"key":"Energy Potion"}],"is_trial":false,"path_per_floor":["M","M","$","?","?","E","R","E","T","M","M","?","$","M","R","B"],"character_chosen":"DEFECT","items_purchased":["Steam"],"campfire_rested":1,"item_purchase_floors":[13],"current_hp_per_floor":[64,64,64,64,43,43,43,22,22,22,10,10,10,6,27,0],"gold":102,"neow_bonus":"THREE_ENEMY_KILL","is_prod":false,"is_daily":false,"chose_seed":false,"campfire_upgraded":1,"win_rate":0,"timestamp":1568822261,"path_taken":["M","M","$","?","?","E","R","E","T","M","M","?","$","M","R","BOSS"],"build_version":"2019-07-17","purchased_purges":1,"victory":false,"max_hp_per_floor":[71,71,71,71,71,71,71,71,71,71,71,71,71,71,71,71],"card_choices":[{"not_picked":["Hologram","Barrage"],"picked":"Rebound","floor":1.0},{"not_picked":["Buffer","Ball Lightning"],"picked":"Coolheaded","floor":2.0},{"not_picked":["Force Field","Reprogram"],"picked":"Buffer","floor":6.0},{"not_picked":["Skim","Darkness"],"picked":"Scrape+1","floor":8.0},{"not_picked":["Loop","Coolheaded"],"picked":"Conserve Battery","floor":10.0},{"not_picked":["Conserve Battery","Skim"],"picked":"Gash+1","floor":11.0},{"not_picked":["Cold Snap+1","Redo"],"picked":"Hologram","floor":14.0},{"not_picked":["Stack","Reboot"],"picked":"Steam","floor":15.0}],"player_experience":420388,"relics_obtained":[{"floor":6.0,"key":"Molten Egg 2"},{"floor":8.0,"key":"Dream Catcher"},{"floor":9.0,"key":"Kunai"}],"event_choices":[{"damage_healed":0.0,"max_hp_gain":0.0,"max_hp_loss":0.0,"gold_gain":0.0,"event_name":"The Cleric","player_choice":"Leave","floor":4.0,"gold_loss":0.0,"damage_taken":0.0},{"damage_healed":0.0,"max_hp_gain":0.0,"max_hp_loss":0.0,"gold_gain":0.0,"event_name":"Shining Light","player_choice":"Entered Light","floor":5.0,"gold_loss":0.0,"damage_taken":21.0,"cards_upgraded":["Rebound","Coolheaded"]},{"damage_healed":0.0,"max_hp_gain":0.0,"max_hp_loss":0.0,"gold_gain":0.0,"event_name":"Liars Game","player_choice":"Ignored","floor":12.0,"gold_loss":0.0,"damage_taken":0.0}],"is_beta":false,"boss_relics":[],"items_purged_floors":[3],"is_endless":false,"potions_floor_spawned":[2,6,14],"killed_by":"Slime Boss","ascension_level":19}