{"gold_per_floor":[213,363,438,19,30,30,30,62,113,148,165,65,65,81,81,160,160,174,194,153,1,12,40,40,40,40,40,74,87,112,112,112,186,186,205,260,60,76,91,121,121,154,154,184,184,184],"floor_reached":46,"playtime":2742,"items_purged":["Doubt","Strike_R"],"score":1269,"play_id":"9f6fcfc9-428f-426b-801b-2f0b4bfc63c1","local_time":"20190319143757","is_ascension_mode":true,"campfire_choices":[{"data":"Bash","floor":6,"key":"SMITH"},{"data":"Heavy Blade","floor":13,"key":"SMITH"},{"data":"Inflame","floor":15,"key":"SMITH"},{"floor":24,"key":"REST"},{"floor":32,"key":"REST"}],"neow_cost":"NONE","seed_source_timestamp":98823862426900,"circlet_count":0,"master_deck":["AscendersBane","Strike_R","Strike_R","Strike_R","Strike_R","Defend_R+1","Defend_R","Defend_R+1","Defend_R","Bash+1","Spot Weakness","Inflame+1","Twin Strike","Sword Boomerang","Twin Strike","Heavy Blade+1","Sword Boomerang","Demon Form","Battle Trance","Shrug It Off","Burning Pact","Feed","Evolve+1","Writhe","Offering","Pommel Strike+1","Reaper","Flame Barrier","Limit Break","Dual Wield"],"relics":["Burning Blood","Tiny Chest","Red Skull","Bottled Flame","Bag of Marbles","Paper Frog","Blood Vial","Mark of Pain","Juzu Bracelet","MutagenicStrength","Orichalcum","Strawberry","PreservedInsect","Self Forming Clay","Sozu","Champion Belt","War Paint","Dream Catcher","Darkstone Periapt","Dodecahedron"],"potions_floor_usage":[10,22,30,33],"damage_taken":[{"damage":7,"enemies":"Cultist","floor":1,"turns":4},{"damage":9,"enemies":"Small Slimes","floor":5,"turns":4},{"damage":25,"enemies":"Lagavulin","floor":8,"turns":6},{"damage":0,"enemies":"Gremlin Nob","floor":10,"turns":2},{"damage":0,"enemies":"2 Louse","floor":11,"turns":2},{"damage":13,"enemies":"Large Slime","floor":14,"turns":2},{"damage":37,"enemies":"Hexaghost","floor":16,"turns":6},{"damage":23,"enemies":"3 Byrds","floor":18,"turns":4},{"damage":28,"enemies":"2 Thieves","floor":19,"turns":3},{"damage":2,"enemies":"Snecko","floor":22,"turns":3},{"damage":28,"enemies":"Slavers","floor":23,"turns":3},{"damage":8,"enemies":"Book of Stabbing","floor":28,"turns":2},{"damage":0,"enemies":"Sentry and Sphere","floor":29,"turns":2},{"damage":51,"enemies":"Slavers","floor":30,"turns":6},{"damage":38,"enemies":"Champ","floor":33,"turns":7},{"damage":3,"enemies":"3 Darklings","floor":35,"turns":2},{"damage":59,"enemies":"2 Orb Walkers","floor":36,"turns":3},{"damage":22,"enemies":"3 Shapes","floor":38,"turns":14},{"damage":49,"enemies":"Writhing Mass","floor":39,"turns":5},{"damage":26,"enemies":"Nemesis","floor":40,"turns":3},{"damage":10,"enemies":"Giant Head","floor":42,"turns":4},{"damage":50,"enemies":"Nemesis","floor":44,"turns":5},{"damage":22,"enemies":"3 Darklings","floor":46,"turns":2}],"seed_played":"9184359723191985879","potions_obtained":[{"floor":8,"key":"Energy Potion"},{"floor":14,"key":"Fire Potion"},{"floor":19,"key":"Explosive Potion"},{"floor":22,"key":"FairyPotion"},{"floor":29,"key":"Fire Potion"},{"floor":30,"key":"PowerPotion"}],"is_trial":false,"path_per_floor":["M","?","?","$","M","R","?","E","T","E","M","?","R","M","R","B",null,"M","M","$","$","M","E","R","?","T","$","E","M","E","?","R","B",null,"M","?","$","M","M","E","T","E","T","E","?","M"],"character_chosen":"IRONCLAD","items_purchased":["Tiny Chest","Red Skull","Inflame","Battle Trance","Shrug It Off","Reaper","Flame Barrier"],"campfire_rested":2,"item_purchase_floors":[4,4,4,20,21,37,37],"current_hp_per_floor":[67,67,56,56,53,53,53,34,34,40,46,46,46,41,41,12,59,44,24,24,24,30,10,32,32,32,32,39,50,10,10,36,14,70,78,27,27,72,44,43,43,62,62,20,20,0],"gold":184,"neow_bonus":"HUNDRED_GOLD","is_prod":false,"is_daily":false,"chose_seed":false,"campfire_upgraded":3,"win_rate":0,"timestamp":1552995477,"path_taken":["M","?","?","$","M","R","?","E","T","E","M","?","R","M","R","BOSS","M","M","?","$","M","E","R","?","T","$","E","M","E","?","R","BOSS","M","?","$","M","M","E","?","E","T","E","?","M"],"build_version":"2019-01-23","purchased_purges":2,"victory":false,"max_hp_per_floor":[75,75,75,75,75,75,75,75,75,75,75,75,75,75,75,75,75,75,75,75,75,75,75,75,75,75,75,82,85,88,88,88,88,88,91,91,91,94,94,94,94,94,94,94,89,89],"card_choices":[{"not_picked":["Thunderclap","Uppercut"],"picked":"Spot Weakness","floor":1},{"not_picked":["Flex","Thunderclap"],"picked":"Twin Strike","floor":5},{"not_picked":["Thunderclap","Blood for Blood"],"picked":"Sword Boomerang","floor":8},{"not_picked":["Dual Wield","Pommel Strike"],"picked":"Twin Strike","floor":10},{"not_picked":["Body Slam","Iron Wave"],"picked":"Heavy Blade","floor":11},{"not_picked":["Twin Strike","Dark Embrace"],"picked":"Sword Boomerang","floor":14},{"not_picked":["Fiend Fire","Brutality"],"picked":"Demon Form","floor":16},{"not_picked":["Sentinel+1","Clash","Wild Strike"],"picked":"SKIP","floor":18},{"not_picked":["Twin Strike+1","Sever Soul","Headbutt"],"picked":"SKIP","floor":19},{"not_picked":["Twin Strike+1","Sever Soul","Headbutt"],"picked":"SKIP","floor":19},{"not_picked":["Clash","Battle Trance"],"picked":"Burning Pact","floor":22},{"not_picked":["Burning Pact","Reckless Charge","Clothesline"],"picked":"SKIP","floor":23},{"not_picked":["Evolve","Shrug It Off"],"picked":"Feed","floor":28},{"not_picked":["Twin Strike","Sentinel","Headbutt"],"picked":"SKIP","floor":29},{"not_picked":["Havoc","Perfected Strike"],"picked":"Evolve+1","floor":30},{"not_picked":["Dark Embrace","Bludgeon"],"picked":"Offering","floor":33},{"not_picked":["Sword Boomerang","Wild Strike"],"picked":"Pommel Strike+1","floor":35},{"not_picked":["Infernal Blade","Searing Blow","Warcry"],"picked":"SKIP","floor":38},{"not_picked":["Rampage+1","Spot Weakness"],"picked":"Limit Break","floor":39},{"not_picked":["Evolve","Searing Blow","Pommel Strike+1"],"picked":"SKIP","floor":40},{"not_picked":["Evolve","Searing Blow","Pommel Strike+1"],"picked":"SKIP","floor":40},{"not_picked":["Evolve","Searing Blow","Pommel Strike+1"],"picked":"SKIP","floor":40},{"not_picked":["Intimidate","Flame Barrier+1"],"picked":"Dual Wield","floor":42},{"not_picked":["Havoc","Infernal Blade","Rage"],"picked":"SKIP","floor":44}],"player_experience":952873,"relics_obtained":[{"floor":8,"key":"Bottled Flame"},{"floor":9,"key":"Bag of Marbles"},{"floor":10,"key":"Paper Frog"},{"floor":23,"key":"Juzu Bracelet"},{"floor":26,"key":"Orichalcum"},{"floor":28,"key":"Strawberry"},{"floor":30,"key":"PreservedInsect"},{"floor":36,"key":"Champion Belt"},{"floor":40,"key":"War Paint"},{"floor":42,"key":"Dream Catcher"},{"floor":43,"key":"Darkstone Periapt"},{"floor":44,"key":"Dodecahedron"}],"event_choices":[{"damage_healed":0,"gold_gain":150,"player_choice":"AGREE","damage_taken":0,"max_hp_gain":0,"max_hp_loss":0,"event_name":"Liars Game","floor":2,"gold_loss":0,"cards_obtained":["Doubt"]},{"damage_healed":0,"gold_gain":75,"player_choice":"Gather Gold","damage_taken":11,"max_hp_gain":0,"max_hp_loss":0,"event_name":"World of Goop","floor":3,"gold_loss":0},{"damage_healed":0,"gold_gain":0,"player_choice":"Ignored","damage_taken":0,"max_hp_gain":0,"max_hp_loss":0,"event_name":"Shining Light","floor":7,"gold_loss":0},{"damage_healed":0,"gold_gain":0,"player_choice":"Paid Gold","damage_taken":0,"relics_obtained":["Blood Vial"],"max_hp_gain":0,"max_hp_loss":0,"event_name":"WeMeetAgain","floor":12,"gold_loss":100},{"damage_healed":0,"gold_gain":0,"player_choice":"Inject Mutagens","damage_taken":0,"relics_obtained":["MutagenicStrength"],"max_hp_gain":0,"max_hp_loss":0,"event_name":"Drug Dealer","floor":25,"gold_loss":0},{"damage_healed":0,"gold_gain":0,"player_choice":"Opened","damage_taken":0,"relics_obtained":["Self Forming Clay"],"max_hp_gain":0,"max_hp_loss":0,"event_name":"The Mausoleum","floor":31,"gold_loss":0,"cards_obtained":["Writhe"]},{"damage_healed":0,"gold_gain":0,"player_choice":"Fight","damage_taken":0,"max_hp_gain":0,"max_hp_loss":0,"event_name":"Mysterious Sphere","floor":36,"gold_loss":0},{"damage_healed":0,"gold_gain":0,"player_choice":"Max HP","damage_taken":0,"max_hp_gain":0,"max_hp_loss":5,"event_name":"Winding Halls","floor":45,"gold_loss":0}],"is_beta":false,"boss_relics":[{"not_picked":["Fusion Hammer","Coffee Dripper"],"picked":"Mark of Pain"},{"not_picked":["Calling Bell","Velvet Choker"],"picked":"Sozu"}],"items_purged_floors":[4,21],"is_endless":false,"potions_floor_spawned":[8,14,19,22,29,30,40,42,44],"killed_by":"3 Darklings","ascension_level":20}