{"gold_per_floor":[110,121,46,59,71,71,83,83,138,138,138,148,148,148,148,246],"floor_reached":16,"playtime":387,"items_purged":["Writhe"],"score":227,"play_id":"cff8acf4-1641-4453-9cf1-44e14a757f31","local_time":"20180817012601","is_ascension_mode":true,"campfire_choices":[{"data":"Fusion","floor":6,"key":"SMITH"},{"data":"Conserve Battery","floor":8,"key":"SMITH"},{"data":"Go for the Eyes","floor":10,"key":"SMITH"},{"floor":15,"key":"REST"}],"neow_cost":"CURSE","seed_source_timestamp":129932414084690,"circlet_count":0,"master_deck":["Strike_B","Strike_B","Strike_B","Defend_B","Defend_B","Defend_B","Defend_B","Zap","Dualcast","AscendersBane","Fusion+1","FTL","Conserve Battery+1","Go for the Eyes+1","Leap","Thunder Strike"],"relics":["Cracked Core","StoneCalendar","Strawberry","Matryoshka"],"potions_floor_usage":[16],"damage_taken":[{"damage":0,"enemies":"Cultist","floor":1,"turns":4},{"damage":12,"enemies":"Small Slimes","floor":2,"turns":3},{"damage":2,"enemies":"2 Louse","floor":4,"turns":2},{"damage":5,"enemies":"Blue Slaver","floor":5,"turns":4},{"damage":9,"enemies":"2 Fungi Beasts","floor":7,"turns":4},{"damage":5,"enemies":"Looter","floor":12,"turns":3},{"damage":31,"enemies":"Slime Boss","floor":16,"turns":8}],"seed_played":"735894747112635405","potions_obtained":[{"floor":4,"key":"Dexterity Potion"},{"floor":5,"key":"Poison Potion"},{"floor":16,"key":"Poison Potion"}],"is_trial":false,"path_per_floor":["M","M","$","M","M","R","M","R","T","R","?","M","?","?","R"],"character_chosen":"DEFECT","items_purchased":[],"campfire_rested":1,"item_purchase_floors":[],"current_hp_per_floor":[68,56,56,54,49,49,40,40,47,47,47,42,47,35,61,30],"gold":246,"neow_bonus":"ONE_RARE_RELIC","is_prod":false,"is_daily":false,"chose_seed":false,"campfire_upgraded":3,"win_rate":0,"timestamp":1534436761,"path_taken":["M","M","$","M","M","R","M","R","T","R","?","?","?","?","R","BOSS"],"build_version":"2018-08-09","purchased_purges":1,"victory":false,"max_hp_per_floor":[75,75,75,75,75,75,75,75,82,82,82,82,87,87,87,87],"card_choices":[{"not_picked":["Coolheaded","Undo"],"picked":"Fusion","floor":1},{"not_picked":["Double Energy","Tempest"],"picked":"FTL","floor":2},{"not_picked":["Leap","Force Field"],"picked":"Conserve Battery","floor":4},{"not_picked":["Steam","Rebound"],"picked":"Go for the Eyes","floor":5},{"not_picked":["Compile Driver","Rebound"],"picked":"Leap","floor":7},{"not_picked":["Coolheaded","Steam","Loop"],"picked":"SKIP","floor":12}],"player_experience":237799,"relics_obtained":[{"floor":9,"key":"Strawberry"}],"event_choices":[{"event_name":"Transmorgrifier","player_choice":"Transform","floor":11,"damage_taken":0},{"event_name":"Big Fish","player_choice":"Donut","floor":13,"damage_taken":0},{"event_name":"Scrap Ooze","player_choice":"success","floor":14,"damage_taken":12}],"is_beta":false,"boss_relics":[],"items_purged_floors":[3],"is_endless":false,"potions_floor_spawned":[4,5,16],"killed_by":"Slime Boss","ascension_level":12}