{"gold_per_floor":[111,128,128,146,146,146,171,171,194,214,231,256,256,281,281,385,385,402,327,346,376,376,408,388,93,93,123,138,153,153,173,173,275,275,287,287,199,210,229,229,259,2,2,2,17,45,45,60,60,60],"floor_reached":51,"playtime":2495,"items_purged":["Strike_R","Strike_R","Strike_R","Strike_R"],"score":815,"play_id":"fb569fc0-2575-4ff9-8fe2-f4a58df6176b","local_time":"20190906230656","is_ascension_mode":false,"campfire_choices":[{"data":"1","floor":6,"key":"LIFT"},{"data":"2","floor":8,"key":"LIFT"},{"data":"3","floor":13,"key":"LIFT"},{"data":"Sword Boomerang","floor":15,"key":"SMITH"},{"data":"Limit Break","floor":32,"key":"SMITH"},{"data":"Flame Barrier","floor":40,"key":"SMITH"},{"data":"Pummel","floor":44,"key":"SMITH"},{"data":"Battle Trance","floor":47,"key":"SMITH"},{"data":"Heavy Blade","floor":49,"key":"SMITH"}],"neow_cost":"PERCENT_DAMAGE","seed_source_timestamp":48044623474702,"circlet_count":0,"master_deck":["Strike_R","Defend_R","Defend_R","Defend_R","Defend_R","Bash+1","Sword Boomerang+1","Flame Barrier+1","Clothesline+1","Battle Trance+1","Inflame+1","Limit Break+1","Shrug It Off","Inflame+1","Metallicize+1","Impervious","Shockwave+1","Dark Shackles","Shrug It Off","Pummel+1","Intimidate+1","Havoc+1","Feel No Pain+1","Metallicize+1","Heavy Blade+1"],"relics":["Burning Blood","Girya","Pen Nib","Bronze Scales","Frozen Egg 2","Bottled Flame","Snecko Eye","Red Mask","Enchiridion","Regal Pillow","Membership Card","Boot","Bag of Marbles","Philosopher\u0027s Stone","Ice Cream","Bird Faced Urn","Pantograph","Pocketwatch"],"potions_floor_usage":[12,21,41,45,48],"damage_taken":[{"damage":16,"enemies":"Jaw Worm","floor":1,"turns":4},{"damage":1,"enemies":"Cultist","floor":2,"turns":4},{"damage":0,"enemies":"Small Slimes","floor":4,"turns":4},{"damage":10,"enemies":"Gremlin Nob","floor":7,"turns":4},{"damage":4,"enemies":"Blue Slaver","floor":10,"turns":3},{"damage":10,"enemies":"3 Louse","floor":11,"turns":2},{"damage":16,"enemies":"3 Sentries","floor":12,"turns":7},{"damage":6,"enemies":"Gremlin Nob","floor":14,"turns":3},{"damage":25,"enemies":"Slime Boss","floor":16,"turns":5},{"damage":0,"enemies":"Chosen","floor":18,"turns":1},{"damage":10,"enemies":"Shell Parasite","floor":20,"turns":3},{"damage":15,"enemies":"Masked Bandits","floor":21,"turns":3},{"damage":7,"enemies":"Gremlin Leader","floor":23,"turns":5},{"damage":3,"enemies":"Book of Stabbing","floor":27,"turns":4},{"damage":11,"enemies":"Snake Plant","floor":28,"turns":2},{"damage":0,"enemies":"Sentry and Sphere","floor":29,"turns":2},{"damage":0,"enemies":"Centurion and Healer","floor":31,"turns":5},{"damage":33,"enemies":"Automaton","floor":33,"turns":6},{"damage":14,"enemies":"Orb Walker","floor":35,"turns":3},{"damage":0,"enemies":"3 Shapes","floor":38,"turns":4},{"damage":17,"enemies":"3 Darklings","floor":39,"turns":3},{"damage":16,"enemies":"Reptomancer","floor":41,"turns":5},{"damage":0,"enemies":"Spire Growth","floor":45,"turns":3},{"damage":0,"enemies":"Giant Head","floor":46,"turns":6},{"damage":0,"enemies":"Jaw Worm Horde","floor":48,"turns":3},{"damage":31,"enemies":"Time Eater","floor":50,"turns":4}],"seed_played":"-1496543468416115111","potions_obtained":[{"floor":7,"key":"SkillPotion"},{"floor":11,"key":"PowerPotion"},{"floor":12,"key":"Explosive Potion"},{"floor":16,"key":"SteroidPotion"},{"floor":24,"key":"FairyPotion"},{"floor":33,"key":"Ancient Potion"},{"floor":45,"key":"Explosive Potion"},{"floor":46,"key":"Poison Potion"}],"is_trial":false,"path_per_floor":["M","M","?","M","?","R","E","R","T","M","M","E","R","E","R","B",null,"M","$","M","?","?","E","?","$","T","E","M","M","T","M","R","B",null,"M","?","$","M","M","R","E","$","T","R","M","E","R","M","R","B",null],"character_chosen":"IRONCLAD","items_purchased":["Membership Card","Shrug It Off","Inflame+1","Shrug It Off","Feel No Pain+1","Bird Faced Urn"],"campfire_rested":0,"item_purchase_floors":[25,25,25,37,42,42],"current_hp_per_floor":[46,51,51,57,57,57,53,53,53,55,51,41,41,41,41,22,80,80,80,76,67,51,50,50,50,50,53,48,54,54,60,60,33,80,72,67,67,73,62,62,52,52,52,52,66,80,80,80,80,58],"gold":60,"neow_bonus":"ONE_RARE_RELIC","is_prod":false,"is_daily":false,"chose_seed":false,"campfire_upgraded":6,"win_rate":0,"timestamp":1567804016,"path_taken":["M","M","?","?","?","R","E","R","T","M","M","E","R","E","R","BOSS","M","$","M","?","?","E","?","$","T","E","M","?","?","M","R","BOSS","M","?","$","M","M","R","E","$","T","R","M","E","R","M","R","BOSS"],"build_version":"2019-07-17","purchased_purges":4,"victory":true,"max_hp_per_floor":[80,80,80,80,80,80,80,80,80,80,80,80,80,80,80,80,80,80,80,80,80,80,80,80,80,80,80,80,80,80,80,80,80,80,80,80,80,80,80,80,80,80,80,80,80,80,80,80,80,80],"card_choices":[{"not_picked":["Heavy Blade","Intimidate"],"picked":"Sword Boomerang","floor":1},{"not_picked":["Warcry","Heavy Blade"],"picked":"Flame Barrier","floor":2},{"not_picked":["Shrug It Off","Havoc"],"picked":"Clothesline","floor":4},{"not_picked":["Fire Breathing","Corruption","Double Tap"],"picked":"SKIP","floor":7},{"not_picked":["Clothesline","Armaments","Twin Strike"],"picked":"SKIP","floor":10},{"not_picked":["Entrench","Cleave","Clothesline"],"picked":"SKIP","floor":11},{"not_picked":["Evolve","Rampage"],"picked":"Battle Trance","floor":12},{"not_picked":["True Grit","Intimidate"],"picked":"Inflame+1","floor":14},{"not_picked":["Feed","Berserk+1"],"picked":"Limit Break","floor":16},{"not_picked":["Rampage+1","Sword Boomerang","Spot Weakness"],"picked":"SKIP","floor":18},{"not_picked":["Body Slam","Armaments","Iron Wave"],"picked":"SKIP","floor":20},{"not_picked":["Clothesline+1","Clash+1","Bludgeon"],"picked":"SKIP","floor":23},{"not_picked":["Entrench","Fire Breathing+1"],"picked":"Metallicize+1","floor":27},{"not_picked":["Perfected Strike","Havoc","Searing Blow+1"],"picked":"SKIP","floor":28},{"not_picked":["Havoc","Body Slam","Pommel Strike"],"picked":"SKIP","floor":29},{"not_picked":["Battle Trance","Wild Strike"],"picked":"Impervious","floor":31},{"not_picked":["Inflame+1","Anger+1"],"picked":"Shockwave+1","floor":35},{"not_picked":["Finesse","Trip"],"picked":"Dark Shackles","floor":36},{"not_picked":["Cleave+1","Thunderclap"],"picked":"Pummel","floor":38},{"not_picked":["Clash","Clothesline"],"picked":"Intimidate+1","floor":39},{"not_picked":["Twin Strike","Bludgeon"],"picked":"Havoc+1","floor":41},{"not_picked":["Perfected Strike+1","Armaments+1","Inflame+1"],"picked":"SKIP","floor":45},{"not_picked":["Anger","Body Slam"],"picked":"Metallicize+1","floor":46},{"not_picked":["Rupture+1","Sword Boomerang"],"picked":"Heavy Blade","floor":48}],"player_experience":1047283,"relics_obtained":[{"floor":7,"key":"Pen Nib"},{"floor":9,"key":"Bronze Scales"},{"floor":12,"key":"Frozen Egg 2"},{"floor":14,"key":"Bottled Flame"},{"floor":21,"key":"Red Mask"},{"floor":22,"key":"Enchiridion"},{"floor":23,"key":"Regal Pillow"},{"floor":26,"key":"Boot"},{"floor":27,"key":"Bag of Marbles"},{"floor":41,"key":"Ice Cream"},{"floor":43,"key":"Pantograph"},{"floor":46,"key":"Pocketwatch"}],"event_choices":[{"damage_healed":0,"gold_gain":0,"player_choice":"Forge","damage_taken":0,"max_hp_gain":0,"max_hp_loss":0,"event_name":"Accursed Blacksmith","floor":3,"gold_loss":0,"cards_upgraded":["Bash"]},{"damage_healed":0,"gold_gain":0,"player_choice":"Grow","damage_taken":0,"max_hp_gain":0,"max_hp_loss":0,"event_name":"Living Wall","floor":5,"gold_loss":0,"cards_upgraded":["Clothesline"]},{"damage_healed":0,"gold_gain":0,"player_choice":"Fought Bandits","damage_taken":0,"max_hp_gain":0,"max_hp_loss":0,"event_name":"Masked Bandits","floor":21,"gold_loss":0},{"damage_healed":0,"gold_gain":0,"player_choice":"Obtained Book","damage_taken":16,"max_hp_gain":0,"max_hp_loss":0,"event_name":"Cursed Tome","floor":22,"gold_loss":0},{"damage_healed":0,"gold_gain":0,"player_choice":"Bought 1 Potion","damage_taken":0,"max_hp_gain":0,"max_hp_loss":0,"event_name":"The Woman in Blue","floor":24,"gold_loss":0},{"damage_healed":0,"gold_gain":0,"player_choice":"Memory 2","damage_taken":5,"max_hp_gain":0,"max_hp_loss":0,"event_name":"SensoryStone","floor":36,"gold_loss":0}],"is_beta":false,"boss_relics":[{"not_picked":["Pandora\u0027s Box","Velvet Choker"],"picked":"Snecko Eye"},{"not_picked":["Cursed Key","Lizard Tail"],"picked":"Philosopher\u0027s Stone"}],"items_purged_floors":[19,25,37,42],"is_endless":false,"potions_floor_spawned":[7,11,12,16,18,28,31,33,35,38,45,46],"ascension_level":0}