{"gold_per_floor":[210,225,225,39,92,92,117,117,186,186,214,13,13,92,92,196,196,236,236,249,249,69,128,167,42,66,77,154,154,197,259,259,358,358,393,668,713,732,743,776,362,362,362,374,53,53,147,164,164,164,189,189,189,51,111,111],"floor_reached":56,"playtime":4379,"items_purged":["Strike_R","Strike_R","Strike_R","Regret"],"score":2075,"play_id":"f7e810df-c413-4181-8176-bbb4cb88ae45","local_time":"20190328183302","is_ascension_mode":true,"campfire_choices":[{"data":"Bash","floor":6.0,"key":"SMITH"},{"data":"HandOfGreed","floor":8.0,"key":"SMITH"},{"data":"Anger","floor":10.0,"key":"SMITH"},{"data":"Disarm","floor":13.0,"key":"SMITH"},{"data":"True Grit","floor":15.0,"key":"SMITH"},{"data":"Barricade","floor":29,"key":"SMITH"},{"data":"Whirlwind","floor":32,"key":"SMITH"},{"data":"Dark Embrace","floor":42,"key":"SMITH"},{"floor":46,"key":"RECALL"},{"data":"Rage","floor":49,"key":"SMITH"},{"data":"Clothesline","floor":53,"key":"SMITH"}],"neow_cost":"NONE","seed_source_timestamp":888869266685300,"circlet_count":0,"master_deck":["AscendersBane","Strike_R","Defend_R","Defend_R+1","Defend_R","Defend_R+1","Bash+1","Anger+1","Metallicize","HandOfGreed+1","True Grit+1","Pommel Strike","Disarm+1","Metallicize","Exhume","Ghostly","Ghostly","Ghostly","Whirlwind+1","Spot Weakness","Pummel","Barricade+1","Iron Wave","Exhume","Clothesline+1","Feel No Pain+1","Purity","Dark Embrace+1","Rage+1","Burning Pact","Jack Of All Trades","Disarm"],"special_seed":0,"relics":["Burning Blood","Boot","Vajra","Blue Candle","Gambling Chip","Sozu","Happy Flower","Bronze Scales","Bottled Tornado","Busted Crown","Anchor","Incense Burner","War Paint"],"potions_floor_usage":[],"damage_taken":[{"damage":14.0,"enemies":"Jaw Worm","floor":1.0,"turns":5.0},{"damage":0.0,"enemies":"Cultist","floor":2.0,"turns":2.0},{"damage":25.0,"enemies":"Gremlin Nob","floor":7.0,"turns":4.0},{"damage":22.0,"enemies":"Lagavulin","floor":11.0,"turns":6.0},{"damage":10.0,"enemies":"Hexaghost","floor":16.0,"turns":8.0},{"damage":10.0,"enemies":"2 Thieves","floor":18.0,"turns":5.0},{"damage":18.0,"enemies":"Spheric Guardian","floor":20.0,"turns":4.0},{"damage":2.0,"enemies":"Book of Stabbing","floor":23.0,"turns":9.0},{"damage":0.0,"enemies":"Snake Plant","floor":24.0,"turns":4.0},{"damage":0.0,"enemies":"Snecko","floor":27.0,"turns":5.0},{"damage":0.0,"enemies":"Slavers","floor":28.0,"turns":10.0},{"damage":1,"enemies":"Shelled Parasite and Fungi","floor":30,"turns":6},{"damage":6,"enemies":"Centurion and Healer","floor":31,"turns":11},{"damage":0,"enemies":"Collector","floor":33,"turns":16},{"damage":0,"enemies":"3 Shapes","floor":35,"turns":5},{"damage":1,"enemies":"Orb Walker","floor":37,"turns":5},{"damage":16,"enemies":"Transient","floor":38,"turns":6},{"damage":1,"enemies":"Maw","floor":39,"turns":9},{"damage":1,"enemies":"Nemesis","floor":40,"turns":7},{"damage":0,"enemies":"Spire Growth","floor":44,"turns":6},{"damage":0,"enemies":"4 Shapes","floor":47,"turns":8},{"damage":0,"enemies":"Maw","floor":48,"turns":10},{"damage":16,"enemies":"Time Eater","floor":50,"turns":15},{"damage":16,"enemies":"Awakened One","floor":51,"turns":20},{"damage":0,"enemies":"Shield and Spear","floor":55,"turns":9},{"damage":40,"enemies":"The Heart","floor":56,"turns":13}],"seed_played":"197580308161290599","potions_obtained":[{"floor":1.0,"key":"SkillPotion"},{"floor":2.0,"key":"Strength Potion"},{"floor":7.0,"key":"LiquidBronze"}],"is_trial":false,"path_per_floor":["M","M","?","$","T","R","E","R","T","R","E","$","R","?","R","B",null,"M","?","M","?","$","E","M","$","T","M","E","R","M","M","R","B",null,"M","?","M","M","M","E","$","R","T","M","$","R","M","M","R","B","B",null,"R","$","E","B"],"character_chosen":"IRONCLAD","items_purchased":["HandOfGreed","Disarm","Metallicize","Whirlwind","Purity","Dark Embrace","Rage","Incense Burner","Burning Pact","Jack Of All Trades"],"campfire_rested":0,"item_purchase_floors":[4,12,12,22,41,41,41,45,54,54],"current_hp_per_floor":[60,66,66,66,66,66,47,47,47,47,31,31,31,31,31,27,63,59,38,26,26,26,30,36,36,36,40,40,40,40,40,40,40,40,40,40,40,30,35,40,40,40,40,40,40,40,40,40,40,30,20,35,35,35,40,0],"gold":111,"neow_bonus":"HUNDRED_GOLD","is_prod":false,"is_daily":false,"chose_seed":false,"campfire_upgraded":10,"win_rate":0,"timestamp":1553787182,"path_taken":["M","M","?","$","?","R","E","R","T","R","E","$","R","?","R","BOSS","M","?","M","?","$","E","?","?","T","M","E","R","M","M","R","BOSS","M","?","M","M","?","E","?","R","T","M","$","R","M","M","R","BOSS","BOSS","R","$","E","BOSS"],"build_version":"2019-01-23","purchased_purges":4,"victory":false,"max_hp_per_floor":[75,75,75,75,75,75,75,75,75,75,75,75,75,75,75,75,75,75,80,80,40,40,40,40,40,40,40,40,40,40,40,40,40,40,40,40,40,40,40,40,40,40,40,40,40,40,40,40,40,40,40,40,40,40,40,40],"card_choices":[{"not_picked":["Fire Breathing","Cleave"],"picked":"Anger","floor":1.0},{"not_picked":["Blood for Blood","Infernal Blade"],"picked":"Metallicize","floor":2.0},{"not_picked":["Wild Strike","Dual Wield"],"picked":"True Grit","floor":7.0},{"not_picked":["Rampage","Havoc"],"picked":"Pommel Strike","floor":11.0},{"not_picked":["Fiend Fire","Dark Embrace"],"picked":"Exhume","floor":16.0},{"not_picked":["Hemokinesis","Entrench","Wild Strike+1"],"picked":"SKIP","floor":18.0},{"not_picked":["Clash+1","Searing Blow","Power Through"],"picked":"SKIP","floor":20.0},{"not_picked":["Brutality","Reckless Charge+1"],"picked":"Spot Weakness","floor":23.0},{"not_picked":["Body Slam","Cleave","Perfected Strike"],"picked":"SKIP","floor":24.0},{"not_picked":["Whirlwind","Ghostly Armor"],"picked":"Pummel","floor":27.0},{"not_picked":["Corruption","Flame Barrier"],"picked":"Barricade","floor":28},{"not_picked":["Seeing Red","True Grit"],"picked":"Iron Wave","floor":30},{"not_picked":["Warcry","Clash+1","Corruption+1"],"picked":"SKIP","floor":31},{"not_picked":["Double Tap","Berserk"],"picked":"Exhume","floor":33},{"not_picked":["Searing Blow"],"picked":"SKIP","floor":35},{"not_picked":[],"picked":"Clothesline","floor":37},{"not_picked":["Clash"],"picked":"SKIP","floor":38},{"not_picked":["Blood for Blood"],"picked":"SKIP","floor":39},{"not_picked":[],"picked":"Feel No Pain+1","floor":40},{"not_picked":["Clothesline"],"picked":"SKIP","floor":44},{"not_picked":["Perfected Strike"],"picked":"SKIP","floor":47},{"not_picked":["Corruption"],"picked":"SKIP","floor":48},{"not_picked":[],"picked":"Disarm","floor":55}],"player_experience":1042005,"relics_obtained":[{"floor":5.0,"key":"Boot"},{"floor":7.0,"key":"Vajra"},{"floor":9.0,"key":"Blue Candle"},{"floor":11.0,"key":"Gambling Chip"},{"floor":23.0,"key":"Happy Flower"},{"floor":26.0,"key":"Bronze Scales"},{"floor":28,"key":"Bottled Tornado"},{"floor":40,"key":"Anchor"},{"floor":55,"key":"War Paint"}],"event_choices":[{"cards_removed":["Strike_R"],"damage_healed":0.0,"max_hp_gain":0.0,"max_hp_loss":0.0,"gold_gain":0.0,"event_name":"Purifier","player_choice":"Purged","floor":3.0,"gold_loss":0.0,"damage_taken":0.0},{"damage_healed":0.0,"max_hp_gain":0.0,"max_hp_loss":0.0,"gold_gain":79.0,"event_name":"Golden Wing","player_choice":"Gained Gold","floor":14.0,"gold_loss":0.0,"damage_taken":0.0},{"damage_healed":0.0,"max_hp_gain":5.0,"max_hp_loss":0.0,"gold_gain":0.0,"event_name":"Forgotten Altar","player_choice":"Shed Blood","floor":19.0,"gold_loss":0.0,"damage_taken":26.0},{"damage_healed":0.0,"max_hp_gain":0.0,"max_hp_loss":40.0,"gold_gain":0.0,"event_name":"Ghosts","player_choice":"Became a Ghost","floor":21.0,"gold_loss":0.0,"damage_taken":0.0,"cards_obtained":["Ghostly","Ghostly","Ghostly"]},{"damage_healed":0,"gold_gain":275,"player_choice":"Desecrate","damage_taken":0,"max_hp_gain":0,"max_hp_loss":0,"event_name":"Golden Shrine","floor":36,"gold_loss":0,"cards_obtained":["Regret"]}],"is_beta":false,"boss_relics":[{"not_picked":["Cursed Key","Philosopher\u0027s Stone"],"picked":"Sozu"},{"not_picked":["Runic Dome","White Beast Statue"],"picked":"Busted Crown"}],"items_purged_floors":[12,22,25,41],"is_endless":false,"potions_floor_spawned":[1,2,7,20,23,27,28,31,37,38,40,48],"killed_by":"The Heart","ascension_level":20}