{"gold_per_floor":[115,115,134,51,67,67,100,100,127,127,8,8,8,23,23,95,95,110,110,31,31,31,31,31,31,109,23,37,56,56,91,91,163,163,178,178,178,188,288,288,305,305,357,385,396,425,439,472,472,472,472,472,472,193,228,228],"floor_reached":57,"playtime":3244,"items_purged":["Strike_R","Strike_R+1"],"score":3083,"play_id":"7bac5775-2874-4018-9a51-a75556fb99b1","local_time":"20190402123756","is_ascension_mode":true,"campfire_choices":[{"data":"Havoc","floor":6,"key":"SMITH"},{"data":"Warcry","floor":10,"key":"SMITH"},{"data":"True Grit","floor":15,"key":"SMITH"},{"floor":23,"key":"REST"},{"floor":25,"key":"REST"},{"data":"Corruption","floor":30,"key":"SMITH"},{"floor":32,"key":"REST"},{"floor":40,"key":"RECALL"},{"data":"Feel No Pain","floor":42,"key":"SMITH"},{"data":"Shrug It Off","floor":49,"key":"SMITH"},{"data":"Battle Trance","floor":53,"key":"SMITH"}],"neow_cost":"CURSE","seed_source_timestamp":1300806648862000,"circlet_count":0,"master_deck":["AscendersBane","Defend_R","Defend_R","Defend_R","Defend_R","Bash","Warcry+1","Havoc+1","Feel No Pain+1","Metallicize+1","True Grit+1","Corruption+1","Limit Break","Battle Trance+1","Necronomicurse","Sentinel","Flame Barrier","Metallicize+1","Shrug It Off+1","Exhume","True Grit","Fiend Fire","Disarm","Feel No Pain+1","Corruption+1","Violence","Reaper"],"relics":["Burning Blood","Dead Branch","Whetstone","Bag of Marbles","Philosopher\u0027s Stone","Necronomicon","Frozen Egg 2","Oddly Smooth Stone","Runic Cube","FossilizedHelix","The Courier","Mercury Hourglass","StoneCalendar","Art of War"],"potions_floor_usage":[7,31,33,56,56],"damage_taken":[{"damage":12,"enemies":"Jaw Worm","floor":1,"turns":3},{"damage":7,"enemies":"2 Louse","floor":3,"turns":6},{"damage":5,"enemies":"Small Slimes","floor":5,"turns":5},{"damage":0,"enemies":"Lagavulin","floor":7,"turns":5},{"damage":3,"enemies":"2 Fungi Beasts","floor":14,"turns":3},{"damage":32,"enemies":"Slime Boss","floor":16,"turns":10},{"damage":14,"enemies":"Shell Parasite","floor":18,"turns":8},{"damage":0,"enemies":"Spheric Guardian","floor":28,"turns":3},{"damage":12,"enemies":"3 Cultists","floor":29,"turns":3},{"damage":38,"enemies":"Slavers","floor":31,"turns":5},{"damage":0,"enemies":"Automaton","floor":33,"turns":6},{"damage":0,"enemies":"Orb Walker","floor":35,"turns":5},{"damage":0,"enemies":"3 Darklings","floor":38,"turns":5},{"damage":9,"enemies":"Mind Bloom Boss Battle","floor":39,"turns":3},{"damage":0,"enemies":"4 Shapes","floor":41,"turns":4},{"damage":0,"enemies":"Nemesis","floor":44,"turns":3},{"damage":0,"enemies":"Jaw Worm Horde","floor":45,"turns":4},{"damage":3,"enemies":"Reptomancer","floor":46,"turns":5},{"damage":0,"enemies":"Sphere and 2 Shapes","floor":47,"turns":4},{"damage":0,"enemies":"Giant Head","floor":48,"turns":5},{"damage":9,"enemies":"Time Eater","floor":50,"turns":7},{"damage":30,"enemies":"Donu and Deca","floor":51,"turns":7},{"damage":0,"enemies":"Shield and Spear","floor":55,"turns":6},{"damage":6,"enemies":"The Heart","floor":56,"turns":8}],"seed_played":"2699625248912354243","potions_obtained":[{"floor":3,"key":"FearPotion"},{"floor":5,"key":"Explosive Potion"},{"floor":28,"key":"PowerPotion"},{"floor":29,"key":"PowerPotion"},{"floor":35,"key":"AttackPotion"},{"floor":38,"key":"Dexterity Potion"},{"floor":45,"key":"Dexterity Potion"}],"is_trial":false,"path_per_floor":["M","?","M","$","M","R","E","?","T","R","$","?","?","M","R","B",null,"M","?","$","?","?","R","?","R","T","$","M","M","R","E","R","B",null,"M","?","?","M","?","R","M","R","T","E","M","E","M","E","R","B","B",null,"R","$","E","B",null],"character_chosen":"IRONCLAD","items_purchased":["Feel No Pain","Metallicize","Corruption","Sentinel","Corruption+1","Violence"],"campfire_rested":3,"item_purchase_floors":[4,11,20,27,54,54],"current_hp_per_floor":[62,62,61,61,62,62,68,68,68,68,68,45,45,48,48,22,62,54,33,33,33,33,57,36,60,60,60,66,60,60,28,52,58,75,80,80,76,76,73,73,76,76,76,76,76,76,76,76,76,73,49,69,69,69,75,76],"gold":228,"neow_bonus":"ONE_RARE_RELIC","is_prod":false,"is_daily":false,"chose_seed":false,"campfire_upgraded":7,"win_rate":0,"timestamp":1554197876,"path_taken":["M","?","M","$","M","R","E","?","T","R","$","?","?","M","R","BOSS","M","?","$","?","?","R","?","R","T","?","?","M","R","E","R","BOSS","M","?","?","M","?","R","M","R","T","E","M","E","M","E","R","BOSS","BOSS","R","$","E","BOSS"],"build_version":"2019-01-23","purchased_purges":2,"victory":true,"max_hp_per_floor":[75,75,75,75,75,75,75,75,75,75,75,75,75,75,75,75,75,75,80,80,80,80,80,80,80,80,80,80,80,80,80,80,80,80,80,80,76,76,76,76,76,76,76,76,76,76,76,76,76,76,76,76,76,76,76,76],"card_choices":[{"not_picked":["Pummel","Carnage"],"picked":"Warcry","floor":1},{"not_picked":["Reckless Charge","Searing Blow"],"picked":"Havoc","floor":3},{"not_picked":["Shockwave","Cleave","Headbutt"],"picked":"SKIP","floor":5},{"not_picked":["Blood for Blood","Pommel Strike","Fire Breathing"],"picked":"SKIP","floor":7},{"not_picked":["Sword Boomerang","Cleave"],"picked":"True Grit","floor":14},{"not_picked":["Dual Wield","Armaments","Cleave"],"picked":"SKIP","floor":18},{"not_picked":["Whirlwind","Cleave"],"picked":"Flame Barrier","floor":28},{"not_picked":["Dual Wield","Fire Breathing+1"],"picked":"Metallicize+1","floor":29},{"not_picked":["Wild Strike","Anger"],"picked":"Shrug It Off","floor":31},{"not_picked":["Offering","Reaper"],"picked":"Exhume","floor":33},{"not_picked":["Flex","Iron Wave"],"picked":"True Grit","floor":35},{"not_picked":["Perfected Strike+1","Clothesline","Twin Strike+1"],"picked":"SKIP","floor":38},{"not_picked":["Thunderclap","Intimidate"],"picked":"Fiend Fire","floor":41},{"not_picked":["Body Slam","Whirlwind","Perfected Strike+1"],"picked":"SKIP","floor":44},{"not_picked":["Power Through","Pommel Strike","Sever Soul"],"picked":"SKIP","floor":45},{"not_picked":["Searing Blow","Cleave+1"],"picked":"Disarm","floor":46},{"not_picked":["Flame Barrier","Sword Boomerang+1"],"picked":"Feel No Pain+1","floor":47},{"not_picked":["Wild Strike","Armaments","Anger+1"],"picked":"SKIP","floor":48},{"not_picked":["Body Slam","Berserk+1"],"picked":"Reaper","floor":55}],"player_experience":1094237,"relics_obtained":[{"floor":7,"key":"Whetstone"},{"floor":9,"key":"Bag of Marbles"},{"floor":24,"key":"Necronomicon"},{"floor":26,"key":"Frozen Egg 2"},{"floor":31,"key":"Oddly Smooth Stone"},{"floor":39,"key":"FossilizedHelix"},{"floor":44,"key":"The Courier"},{"floor":46,"key":"Mercury Hourglass"},{"floor":48,"key":"StoneCalendar"},{"floor":55,"key":"Art of War"}],"event_choices":[{"damage_healed":0,"gold_gain":0,"player_choice":"Leave","damage_taken":0,"max_hp_gain":0,"max_hp_loss":0,"event_name":"The Cleric","floor":2,"gold_loss":0},{"cards_removed":["Injury"],"damage_healed":0,"gold_gain":0,"player_choice":"Forget","damage_taken":0,"max_hp_gain":0,"max_hp_loss":0,"event_name":"Living Wall","floor":8,"gold_loss":0},{"damage_healed":0,"gold_gain":0,"player_choice":"Entered Light","damage_taken":23,"max_hp_gain":0,"max_hp_loss":0,"event_name":"Shining Light","floor":12,"gold_loss":0,"cards_upgraded":["Strike_R","Metallicize"]},{"damage_healed":0,"gold_gain":0,"player_choice":"Searched \u00270\u0027 times","damage_taken":0,"max_hp_gain":0,"max_hp_loss":0,"event_name":"Dead Adventurer","floor":13,"gold_loss":0},{"damage_healed":0,"gold_gain":0,"player_choice":"Shed Blood","damage_taken":26,"max_hp_gain":5,"max_hp_loss":0,"event_name":"Forgotten Altar","floor":19,"gold_loss":0},{"damage_healed":0,"gold_gain":0,"player_choice":"Ignored","damage_taken":0,"max_hp_gain":0,"max_hp_loss":0,"event_name":"Vampires","floor":21,"gold_loss":0},{"damage_healed":0,"gold_gain":0,"cards_transformed":["Strike_R","Strike_R"],"player_choice":"Became Test Subject","damage_taken":0,"max_hp_gain":0,"max_hp_loss":0,"event_name":"Drug Dealer","floor":22,"gold_loss":0,"cards_obtained":["Limit Break","Battle Trance"]},{"damage_healed":0,"gold_gain":0,"player_choice":"Obtained Book","damage_taken":21,"max_hp_gain":0,"max_hp_loss":0,"event_name":"Cursed Tome","floor":24,"gold_loss":0},{"cards_removed":["Strike_R"],"damage_healed":0,"gold_gain":0,"player_choice":"Removed Attack","damage_taken":0,"max_hp_gain":0,"max_hp_loss":0,"event_name":"Falling","floor":36,"gold_loss":0},{"damage_healed":0,"gold_gain":0,"player_choice":"Max HP","damage_taken":0,"max_hp_gain":0,"max_hp_loss":4,"event_name":"Winding Halls","floor":37,"gold_loss":0},{"damage_healed":0,"gold_gain":0,"player_choice":"Fight","damage_taken":0,"max_hp_gain":0,"max_hp_loss":0,"event_name":"MindBloom","floor":39,"gold_loss":0}],"is_beta":false,"boss_relics":[{"not_picked":["Eternal Feather","Astrolabe"],"picked":"Philosopher\u0027s Stone"},{"not_picked":["White Beast Statue","Velvet Choker"],"picked":"Runic Cube"}],"items_purged_floors":[11,54],"is_endless":false,"potions_floor_spawned":[3,5,28,29,35,38,41,45],"ascension_level":20}