{"gold_per_floor":[113,127,139,157,82,115,115,115,168,168,178,178,197,211,211,287,287,306,306,306,323,44,72,72,25,25,25,39,50,50,70,70,146,146,166,216,236,255,64,64,78,78,78,78,89,103,118,17,17,17],"floor_reached":51,"playtime":2186,"items_purged":["Force Field"],"score":1140,"play_id":"82a784bf-73e1-4b4f-95b7-bec5f699e3fa","local_time":"20190916183159","is_ascension_mode":true,"campfire_choices":[{"data":"Zap","floor":8.0,"key":"SMITH"},{"data":"Go for the Eyes","floor":10.0,"key":"SMITH"},{"floor":15.0,"key":"REST"},{"floor":24.0,"key":"REST"},{"floor":27.0,"key":"REST"},{"data":"FTL","floor":32.0,"key":"SMITH"},{"floor":40.0,"key":"REST"},{"floor":42.0,"key":"REST"},{"data":"Seek","floor":44.0,"key":"SMITH"},{"floor":49.0,"key":"REST"}],"neow_cost":"NONE","seed_source_timestamp":231756295583800,"circlet_count":0,"master_deck":["AscendersBane","Defend_B","Defend_B","Defend_B","Zap+1","Dualcast","Go for the Eyes+1","Auto Shields+1","Melter","Go for the Eyes","Scrape","Reinforced Body+1","Conserve Battery","Ball Lightning","All For One","Sweeping Beam","Electrodynamics+1","Apotheosis+1","Steam","Buffer+1","Gash","Defragment+1","FTL+1","Machine Learning+1","Defragment+1","BootSequence+1","Seek+1","Conserve Battery","Steam","Leap"],"special_seed":0,"relics":["Cracked Core","NeowsBlessing","Frozen Egg 2","Shuriken","Bronze Scales","Empty Cage","War Paint","Pocketwatch","Mercury Hourglass","Inserter","Darkstone Periapt"],"potions_floor_usage":[50,50],"damage_taken":[{"damage":0.0,"enemies":"Small Slimes","floor":1.0,"turns":1.0},{"damage":0.0,"enemies":"Jaw Worm","floor":2.0,"turns":1.0},{"damage":0.0,"enemies":"2 Louse","floor":3.0,"turns":1.0},{"damage":7.0,"enemies":"Exordium Wildlife","floor":4.0,"turns":3.0},{"damage":18.0,"enemies":"Gremlin Nob","floor":6.0,"turns":4.0},{"damage":13.0,"enemies":"Blue Slaver","floor":11.0,"turns":2.0},{"damage":0.0,"enemies":"Red Slaver","floor":13.0,"turns":3.0},{"damage":6.0,"enemies":"3 Louse","floor":14.0,"turns":3.0},{"damage":20.0,"enemies":"The Guardian","floor":16.0,"turns":11.0},{"damage":0.0,"enemies":"Spheric Guardian","floor":18.0,"turns":3.0},{"damage":30.0,"enemies":"Chosen","floor":21.0,"turns":5.0},{"damage":1.0,"enemies":"Gremlin Leader","floor":23.0,"turns":6.0},{"damage":5.0,"enemies":"Snake Plant","floor":28.0,"turns":5.0},{"damage":0.0,"enemies":"Centurion and Healer","floor":29.0,"turns":4.0},{"damage":0.0,"enemies":"Snecko","floor":31.0,"turns":5.0},{"damage":33.0,"enemies":"Automaton","floor":33.0,"turns":5.0},{"damage":20.0,"enemies":"3 Darklings","floor":35.0,"turns":4.0},{"damage":0.0,"enemies":"Orb Walker","floor":37.0,"turns":3.0},{"damage":0.0,"enemies":"Maw","floor":38.0,"turns":6.0},{"damage":15.0,"enemies":"Transient","floor":41.0,"turns":5.0},{"damage":4.0,"enemies":"4 Shapes","floor":45.0,"turns":3.0},{"damage":11.0,"enemies":"Spire Growth","floor":46.0,"turns":5.0},{"damage":15.0,"enemies":"3 Darklings","floor":47.0,"turns":3.0},{"damage":38,"enemies":"Donu and Deca","floor":50,"turns":9}],"seed_played":"-6759693035016896595","potions_obtained":[{"floor":1.0,"key":"SpeedPotion"},{"floor":2.0,"key":"EntropicBrew"},{"floor":3.0,"key":"Explosive Potion"},{"floor":11.0,"key":"Weak Potion"},{"floor":18.0,"key":"AttackPotion"},{"floor":31.0,"key":"Strength Potion"},{"floor":33.0,"key":"SpeedPotion"},{"floor":47.0,"key":"Dexterity Potion"}],"is_trial":false,"path_per_floor":["M","M","M","M","?","E","T","R","T","R","M","?","M","M","R","B",null,"M","?","?","M","$","E","R","$","T","R","M","M","T","M","R","B",null,"M","?","M","M","$","R","M","R","T","R","M","M","M","$","R","B",null],"character_chosen":"DEFECT","items_purchased":["Apotheosis","Steam","Gash","Seek","Block Potion","Leap","SpeedPotion"],"campfire_rested":6,"item_purchase_floors":[22,22,25,39,39,48,48],"current_hp_per_floor":[64,64,64,57,57,39,39,39,39,39,26,26,26,20,41,21,59,59,59,59,29,29,28,49,49,49,70,65,65,65,65,65,32,61,41,41,41,41,41,62,47,68,68,68,64,53,38,38,59,21],"gold":17,"neow_bonus":"THREE_ENEMY_KILL","is_prod":false,"is_daily":false,"chose_seed":false,"campfire_upgraded":4,"win_rate":0,"timestamp":1568626319,"path_taken":["M","M","M","M","?","E","?","R","T","R","M","?","M","M","R","BOSS","M","?","?","M","$","E","R","?","T","R","M","M","?","M","R","BOSS","M","?","M","M","$","R","M","R","T","R","M","M","M","$","R","BOSS"],"build_version":"2019-07-17","purchased_purges":1,"victory":true,"max_hp_per_floor":[71,71,71,71,71,71,71,71,71,71,71,71,71,71,71,71,71,71,71,71,71,71,71,71,71,71,71,71,71,71,71,71,71,71,71,71,71,71,71,71,71,71,71,71,71,71,71,71,71,71],"card_choices":[{"not_picked":["Genetic Algorithm","Doom and Gloom"],"picked":"Go for the Eyes","floor":1.0},{"not_picked":["Static Discharge","Gash"],"picked":"Auto Shields","floor":2.0},{"not_picked":["Barrage","Compile Driver"],"picked":"Melter","floor":3.0},{"not_picked":["Aggregate","Fusion"],"picked":"Go for the Eyes","floor":4.0},{"not_picked":["Hologram","Thunder Strike"],"picked":"Scrape","floor":6.0},{"not_picked":["Leap","Reprogram"],"picked":"Reinforced Body","floor":11.0},{"not_picked":["Melter","Barrage"],"picked":"Conserve Battery","floor":13.0},{"not_picked":["Double Energy","Compile Driver"],"picked":"Ball Lightning","floor":14.0},{"not_picked":["Biased Cognition+1","Hyperbeam"],"picked":"All For One","floor":16.0},{"not_picked":["Coolheaded","Rip and Tear+1"],"picked":"Sweeping Beam","floor":18.0},{"not_picked":["Blizzard","Barrage","Skim"],"picked":"SKIP","floor":21.0},{"not_picked":["Rebound","Consume"],"picked":"Buffer+1","floor":23.0},{"not_picked":["White Noise","Consume+1"],"picked":"Defragment+1","floor":28.0},{"not_picked":["Sweeping Beam+1","Redo","Cold Snap"],"picked":"SKIP","floor":29.0},{"not_picked":["Rip and Tear","Stack"],"picked":"FTL","floor":31.0},{"not_picked":["Rainbow","Meteor Strike"],"picked":"Machine Learning+1","floor":33.0},{"not_picked":["Streamline","FTL"],"picked":"Defragment+1","floor":35.0},{"not_picked":["Conserve Battery","Heatsinks+1"],"picked":"BootSequence+1","floor":37.0},{"not_picked":["Leap","Ball Lightning","FTL"],"picked":"SKIP","floor":38.0},{"not_picked":["Redo+1","Stack","Turbo+1"],"picked":"SKIP","floor":41.0},{"not_picked":["Tempest+1","Creative AI+1","Go for the Eyes"],"picked":"SKIP","floor":45.0},{"not_picked":["Rip and Tear","Turbo"],"picked":"Conserve Battery","floor":46.0},{"not_picked":["Turbo","Compile Driver"],"picked":"Steam","floor":47.0}],"player_experience":351174,"relics_obtained":[{"floor":6.0,"key":"Frozen Egg 2"},{"floor":7.0,"key":"Shuriken"},{"floor":9.0,"key":"Bronze Scales"},{"floor":23.0,"key":"War Paint"},{"floor":26.0,"key":"Pocketwatch"},{"floor":30.0,"key":"Mercury Hourglass"},{"floor":43.0,"key":"Darkstone Periapt"}],"event_choices":[{"cards_removed":["Strike_B"],"damage_healed":0.0,"max_hp_gain":0.0,"max_hp_loss":0.0,"gold_gain":0.0,"event_name":"The Cleric","player_choice":"Card Removal","floor":5.0,"gold_loss":75.0,"damage_taken":0.0},{"damage_healed":0.0,"max_hp_gain":0.0,"max_hp_loss":0.0,"gold_gain":0.0,"event_name":"Living Wall","player_choice":"Grow","floor":12.0,"gold_loss":0.0,"damage_taken":0.0,"cards_upgraded":["Reinforced Body"]},{"damage_healed":0.0,"max_hp_gain":0.0,"max_hp_loss":0.0,"gold_gain":0.0,"event_name":"Ghosts","player_choice":"Ignored","floor":19.0,"gold_loss":0.0,"damage_taken":0.0},{"damage_healed":0.0,"max_hp_gain":0.0,"max_hp_loss":0.0,"gold_gain":0.0,"cards_transformed":["Strike_B","Defend_B"],"event_name":"Drug Dealer","player_choice":"Became Test Subject","floor":20.0,"gold_loss":0.0,"damage_taken":0.0,"cards_obtained":["Force Field","Electrodynamics"]},{"damage_healed":0.0,"max_hp_gain":0.0,"max_hp_loss":0.0,"gold_gain":50.0,"event_name":"Golden Shrine","player_choice":"Pray","floor":36.0,"gold_loss":0.0,"damage_taken":0.0}],"is_beta":false,"boss_relics":[{"not_picked":["Orrery","Cursed Key"],"picked":"Empty Cage"},{"not_picked":["Snecko Eye","Pandora\u0027s Box"],"picked":"Inserter"}],"items_purged_floors":[22],"is_endless":false,"potions_floor_spawned":[1,2,3,11,16,18,31,33,41,45,46,47],"ascension_level":15}