{"gold_per_floor":[109,109,129,144,144,177,177,187,187,187,215,226,260,129,129,203,203,216,226,226,141,41,70,70,100,176,176,187,187,187],"floor_reached":30,"playtime":905,"items_purged":["Strike_R","Writhe"],"score":572,"play_id":"884d3e7f-6da7-4741-9afc-8d1f73baf154","local_time":"20190427120350","is_ascension_mode":true,"campfire_choices":[{"data":"Anger","floor":7,"key":"SMITH"},{"data":"Perfected Strike","floor":10,"key":"SMITH"},{"data":"True Grit","floor":15,"key":"SMITH"},{"data":"Immolate","floor":24,"key":"SMITH"},{"floor":27,"key":"REST"}],"neow_cost":"NONE","seed_source_timestamp":363078555392100,"circlet_count":0,"master_deck":["AscendersBane","Strike_R","Strike_R","Strike_R","Strike_R","Defend_R","Defend_R","Defend_R","Defend_R","Bash+1","Shrug It Off","Carnage+1","Perfected Strike+1","Anger+1","Reaper","Shrug It Off","True Grit+1","Immolate+1","Havoc+1","Inflame","Shockwave"],"relics":["Burning Blood","Pen Nib","Lantern","Dodecahedron","Nunchaku","Philosopher\u0027s Stone","Turnip","Self Forming Clay","Sundial","Paper Frog","Ornamental Fan","Nilry\u0027s Codex"],"potions_floor_usage":[13,23,30],"damage_taken":[{"damage":1,"enemies":"Small Slimes","floor":1,"turns":4},{"damage":0,"enemies":"2 Louse","floor":3,"turns":3},{"damage":4,"enemies":"Jaw Worm","floor":4,"turns":3},{"damage":30,"enemies":"Lagavulin","floor":6,"turns":7},{"damage":0,"enemies":"Large Slime","floor":8,"turns":4},{"damage":8,"enemies":"Gremlin Nob","floor":11,"turns":3},{"damage":13,"enemies":"3 Louse","floor":12,"turns":3},{"damage":22,"enemies":"Lagavulin","floor":13,"turns":4},{"damage":53,"enemies":"The Guardian","floor":16,"turns":13},{"damage":31,"enemies":"Shell Parasite","floor":18,"turns":4},{"damage":0,"enemies":"2 Thieves","floor":19,"turns":3},{"damage":1,"enemies":"Slavers","floor":23,"turns":2},{"damage":35,"enemies":"Gremlin Leader","floor":25,"turns":6},{"damage":14,"enemies":"Snake Plant","floor":28,"turns":3},{"damage":70,"enemies":"Slavers","floor":30,"turns":3}],"seed_played":"1088088485363738670","potions_obtained":[{"floor":1,"key":"Dexterity Potion"},{"floor":11,"key":"FearPotion"},{"floor":13,"key":"EssenceOfSteel"},{"floor":16,"key":"Swift Potion"},{"floor":23,"key":"Explosive Potion"},{"floor":25,"key":"Weak Potion"}],"is_trial":false,"path_per_floor":["M","?","M","M","?","E","R","M","T","R","E","M","E","$","R","B",null,"M","M","?","?","$","E","R","E","T","R","M","?","E"],"character_chosen":"IRONCLAD","items_purchased":["True Grit"],"campfire_rested":1,"item_purchase_floors":[14],"current_hp_per_floor":[73,73,75,75,75,51,51,57,57,57,59,64,54,54,54,7,58,37,49,49,49,49,54,54,43,43,65,61,40,0],"gold":187,"neow_bonus":"UPGRADE_CARD","is_prod":false,"is_daily":false,"chose_seed":false,"campfire_upgraded":4,"win_rate":0,"timestamp":1556355830,"path_taken":["M","?","M","M","?","E","R","M","T","R","E","M","E","?","R","BOSS","M","M","?","?","$","E","R","E","T","R","M","?","E"],"build_version":"2019-01-23","purchased_purges":2,"victory":false,"max_hp_per_floor":[75,75,75,75,75,75,75,75,75,75,75,75,75,75,75,75,75,75,75,75,75,75,75,75,75,75,75,75,75,75],"card_choices":[{"not_picked":["Blood for Blood","Armaments"],"picked":"Shrug It Off","floor":1},{"not_picked":["Havoc","Armaments"],"picked":"Carnage","floor":3},{"not_picked":["Body Slam","Wild Strike"],"picked":"Perfected Strike","floor":4},{"not_picked":["True Grit","Twin Strike"],"picked":"Anger","floor":6},{"not_picked":["Heavy Blade","Flex"],"picked":"Reaper","floor":8},{"not_picked":["Sever Soul","Headbutt"],"picked":"Shrug It Off","floor":11},{"not_picked":["Perfected Strike","Warcry","Searing Blow"],"picked":"SKIP","floor":12},{"not_picked":["Infernal Blade","Berserk","Twin Strike"],"picked":"SKIP","floor":13},{"not_picked":["Juggernaut","Double Tap"],"picked":"Immolate","floor":16},{"not_picked":["Warcry","Havoc","Infernal Blade+1"],"picked":"SKIP","floor":18},{"not_picked":["Clash","Iron Wave"],"picked":"Havoc+1","floor":19},{"not_picked":["Armaments","Dual Wield"],"picked":"Inflame","floor":23},{"not_picked":["True Grit+1","Wild Strike","Iron Wave+1"],"picked":"SKIP","floor":25},{"not_picked":["Clash","Second Wind+1"],"picked":"Shockwave","floor":28}],"player_experience":1236831,"relics_obtained":[{"floor":6,"key":"Pen Nib"},{"floor":9,"key":"Lantern"},{"floor":11,"key":"Dodecahedron"},{"floor":13,"key":"Nunchaku"},{"floor":23,"key":"Sundial"},{"floor":25,"key":"Paper Frog"},{"floor":26,"key":"Ornamental Fan"},{"floor":29,"key":"Nilry\u0027s Codex"}],"event_choices":[{"damage_healed":0,"gold_gain":0,"player_choice":"Ignored","damage_taken":0,"max_hp_gain":0,"max_hp_loss":0,"event_name":"Liars Game","floor":2,"gold_loss":0},{"damage_healed":0,"gold_gain":0,"player_choice":"Grow","damage_taken":0,"max_hp_gain":0,"max_hp_loss":0,"event_name":"Living Wall","floor":5,"gold_loss":0,"cards_upgraded":["Carnage"]},{"damage_healed":0,"gold_gain":0,"player_choice":"Opened","damage_taken":0,"relics_obtained":["Turnip"],"max_hp_gain":0,"max_hp_loss":0,"event_name":"The Mausoleum","floor":20,"gold_loss":0,"cards_obtained":["Writhe"]},{"damage_healed":0,"gold_gain":0,"player_choice":"Obtained Relic","damage_taken":0,"relics_obtained":["Self Forming Clay"],"max_hp_gain":0,"max_hp_loss":0,"event_name":"Addict","floor":21,"gold_loss":85},{"damage_healed":0,"gold_gain":0,"player_choice":"Obtained Book","damage_taken":21,"max_hp_gain":0,"max_hp_loss":0,"event_name":"Cursed Tome","floor":29,"gold_loss":0}],"is_beta":false,"boss_relics":[{"not_picked":["Mark of Pain","Coffee Dripper"],"picked":"Philosopher\u0027s Stone"}],"items_purged_floors":[14,22],"is_endless":false,"potions_floor_spawned":[1,11,13,16,23,25],"killed_by":"Slavers","ascension_level":20}