{"gold_per_floor":[114,114,114,127,52,84,84,115,115,130,130,162,174,193,193,268,268,280,0,0,0,0,0,11,11,11,11,11,25,25,41,41,114,114,130,130,143,60,74,74,107,107,107,52,71,97,97,97,97,97],"floor_reached":50,"playtime":4219,"items_purged":["Strike_R"],"score":1132,"play_id":"7f5bf304-d343-4b46-b26a-28e5dd26990b","local_time":"20191005131852","is_ascension_mode":true,"campfire_choices":[{"data":"Immolate","floor":7,"key":"SMITH"},{"data":"Disarm","floor":15,"key":"SMITH"},{"data":"Mayhem","floor":23,"key":"SMITH"},{"data":"Dark Embrace","floor":25,"key":"SMITH"},{"data":"Havoc","floor":27,"key":"SMITH"},{"floor":30,"key":"REST"},{"data":"Dual Wield","floor":32,"key":"SMITH"},{"data":"Demon Form","floor":40,"key":"SMITH"},{"data":"Corruption","floor":42,"key":"SMITH"},{"floor":47,"key":"RECALL"},{"data":"Demon Form","floor":49,"key":"SMITH"}],"neow_cost":"NONE","seed_source_timestamp":733783599261800,"circlet_count":0,"master_deck":["AscendersBane","Strike_R","Defend_R","Defend_R","Defend_R","Defend_R","Bash","Flame Barrier","Immolate+1","Havoc+1","Exhume","Clothesline","Disarm+1","Flame Barrier","Dual Wield+1","Dark Embrace+1","Corruption+1","Mayhem+1","Havoc+1","Demon Form+1","Feel No Pain+1","Whirlwind","Demon Form+1","Body Slam","Evolve+1","Feel No Pain+1"],"relics":["Burning Blood","NeowsBlessing","Mummified Hand","Orichalcum","Vajra","Boot","Cursed Key","Enchiridion","Runic Pyramid","Blood Vial","Shuriken"],"potions_floor_usage":[8,14,37,39,50],"damage_taken":[{"damage":0,"enemies":"Jaw Worm","floor":1,"turns":1},{"damage":0,"enemies":"Small Slimes","floor":4,"turns":1},{"damage":0,"enemies":"3 Sentries","floor":6,"turns":1},{"damage":8,"enemies":"Gremlin Nob","floor":8,"turns":3},{"damage":1,"enemies":"Cultist","floor":10,"turns":3},{"damage":22,"enemies":"Lagavulin","floor":12,"turns":8},{"damage":0,"enemies":"3 Louse","floor":13,"turns":1},{"damage":6,"enemies":"Lots of Slimes","floor":14,"turns":3},{"damage":42,"enemies":"The Guardian","floor":16,"turns":15},{"damage":12,"enemies":"Chosen","floor":18,"turns":4},{"damage":3,"enemies":"Shell Parasite","floor":24,"turns":4},{"damage":16,"enemies":"Chosen and Byrds","floor":29,"turns":6},{"damage":16,"enemies":"Snake Plant","floor":31,"turns":3},{"damage":7,"enemies":"Automaton","floor":33,"turns":5},{"damage":9,"enemies":"Orb Walker","floor":35,"turns":3},{"damage":22,"enemies":"3 Darklings","floor":37,"turns":3},{"damage":0,"enemies":"Jaw Worm Horde","floor":39,"turns":2},{"damage":27,"enemies":"Reptomancer","floor":41,"turns":6},{"damage":0,"enemies":"Writhing Mass","floor":45,"turns":2},{"damage":4,"enemies":"Nemesis","floor":46,"turns":5},{"damage":48,"enemies":"Awakened One","floor":50,"turns":4}],"seed_played":"-3635256520441469102","potions_obtained":[{"floor":1,"key":"SteroidPotion"},{"floor":4,"key":"Fire Potion"},{"floor":6,"key":"Energy Potion"},{"floor":12,"key":"SkillPotion"},{"floor":16,"key":"Fire Potion"},{"floor":31,"key":"SkillPotion"},{"floor":35,"key":"Block Potion"},{"floor":37,"key":"Dexterity Potion"},{"floor":41,"key":"Strength Potion"}],"is_trial":false,"path_per_floor":["M","?","?","M","?","E","R","E","T","M","?","E","M","M","R","B",null,"M","$","$","?","$","R","M","R","T","R","T","M","R","M","R","B",null,"M","?","M","$","M","R","E","R","T","$","M","E","R","$","R","B"],"character_chosen":"IRONCLAD","items_purchased":["Mayhem","Whirlwind","Body Slam"],"campfire_rested":1,"item_purchase_floors":[19,38,44],"current_hp_per_floor":[74,74,74,75,75,75,75,73,73,75,75,59,65,65,65,29,64,58,58,58,37,37,37,40,40,40,40,40,30,52,42,42,41,67,64,64,48,48,54,54,33,33,33,33,41,45,45,45,45,0],"gold":97,"neow_bonus":"THREE_ENEMY_KILL","is_prod":false,"is_daily":false,"chose_seed":false,"campfire_upgraded":9,"win_rate":0,"timestamp":1570270732,"path_taken":["M","?","?","?","?","E","R","E","T","M","?","E","M","M","R","BOSS","M","?","$","?","?","R","M","R","T","R","?","M","R","?","R","BOSS","M","?","M","?","M","R","E","R","T","$","?","E","R","$","R","BOSS"],"build_version":"2019-07-17","purchased_purges":1,"victory":false,"max_hp_per_floor":[75,75,75,75,75,75,75,75,75,75,75,75,75,75,75,75,75,75,75,75,75,75,75,75,75,75,75,75,75,75,75,75,75,75,75,75,75,75,75,75,75,75,75,75,75,75,75,75,75,75],"card_choices":[{"not_picked":["Power Through","Inflame"],"picked":"Flame Barrier","floor":1},{"not_picked":["Anger","Armaments"],"picked":"Havoc","floor":4},{"not_picked":["Rage","Dual Wield","Wild Strike"],"picked":"SKIP","floor":6},{"not_picked":["Perfected Strike","Limit Break"],"picked":"Exhume","floor":8},{"not_picked":["Combust","Rupture"],"picked":"Clothesline","floor":10},{"not_picked":["Pommel Strike","Heavy Blade"],"picked":"Disarm","floor":12},{"not_picked":["Sword Boomerang","Pummel"],"picked":"Flame Barrier","floor":13},{"not_picked":["Anger","Bloodletting"],"picked":"Dual Wield","floor":14},{"not_picked":["Brutality","Immolate"],"picked":"Dark Embrace","floor":16},{"not_picked":["Body Slam","Sword Boomerang"],"picked":"Corruption","floor":18},{"not_picked":["Pommel Strike","Shrug It Off"],"picked":"Havoc","floor":24},{"not_picked":["Warcry","Blood for Blood","True Grit"],"picked":"SKIP","floor":29},{"not_picked":["Iron Wave","Rupture","Havoc"],"picked":"SKIP","floor":31},{"not_picked":["Exhume","Fiend Fire"],"picked":"Demon Form","floor":33},{"not_picked":["Disarm","Sever Soul","Perfected Strike"],"picked":"SKIP","floor":35},{"not_picked":["Sword Boomerang+1","Thunderclap+1"],"picked":"Feel No Pain+1","floor":37},{"not_picked":["Wild Strike","Anger+1","Armaments"],"picked":"SKIP","floor":39},{"not_picked":["Wild Strike","Anger+1","Armaments"],"picked":"SKIP","floor":39},{"not_picked":["Wild Strike","Anger+1","Armaments"],"picked":"SKIP","floor":39},{"not_picked":["Sword Boomerang","Sentinel+1"],"picked":"Demon Form","floor":41},{"not_picked":["Clash","Pommel Strike+1"],"picked":"Evolve+1","floor":45},{"not_picked":["Rampage","Body Slam"],"picked":"Feel No Pain+1","floor":46}],"player_experience":1344171,"relics_obtained":[{"floor":6,"key":"Mummified Hand"},{"floor":8,"key":"Orichalcum"},{"floor":9,"key":"Vajra"},{"floor":12,"key":"Boot"},{"floor":21,"key":"Enchiridion"},{"floor":41,"key":"Blood Vial"},{"floor":46,"key":"Shuriken"}],"event_choices":[{"cards_removed":["Strike_R"],"damage_healed":0,"gold_gain":0,"player_choice":"Forget","damage_taken":0,"max_hp_gain":0,"max_hp_loss":0,"event_name":"Living Wall","floor":2,"gold_loss":0},{"damage_healed":0,"gold_gain":0,"cards_transformed":["Strike_R"],"player_choice":"Transformed","damage_taken":0,"max_hp_gain":0,"max_hp_loss":0,"event_name":"Transmorgrifier","floor":3,"gold_loss":0,"cards_obtained":["Immolate"]},{"cards_removed":["Strike_R"],"damage_healed":0,"gold_gain":0,"player_choice":"Card Removal","damage_taken":0,"max_hp_gain":0,"max_hp_loss":0,"event_name":"The Cleric","floor":5,"gold_loss":75},{"damage_healed":0,"gold_gain":0,"player_choice":"Forge","damage_taken":0,"max_hp_gain":0,"max_hp_loss":0,"event_name":"Accursed Blacksmith","floor":11,"gold_loss":0,"cards_upgraded":["Havoc"]},{"damage_healed":0,"gold_gain":0,"player_choice":"Obtained Book","damage_taken":21,"max_hp_gain":0,"max_hp_loss":0,"event_name":"Cursed Tome","floor":21,"gold_loss":0},{"cards_removed":["Writhe"],"damage_healed":0,"gold_gain":0,"player_choice":"Purged","damage_taken":0,"max_hp_gain":0,"max_hp_loss":0,"event_name":"Purifier","floor":36,"gold_loss":0}],"is_beta":false,"boss_relics":[{"not_picked":["Eternal Feather","Black Blood"],"picked":"Cursed Key"},{"not_picked":["Pandora\u0027s Box","Coffee Dripper"],"picked":"Runic Pyramid"}],"items_purged_floors":[19],"is_endless":false,"potions_floor_spawned":[1,4,6,12,16,31,35,37,41,46],"killed_by":"Awakened One","ascension_level":20}