{"gold_per_floor":[115,170,180,190,1,1,32,32,56,85,85,95,105,124,124,198,198,210,210,226,226,153,191,203,215,227,239,251,263,325,356,368,458,470,500,512],"floor_reached":36,"playtime":2042,"items_purged":["Strike_B"],"score":780,"play_id":"2f112533-0b70-4f6b-85b3-e213974af5d4","local_time":"20191004021036","is_ascension_mode":true,"campfire_choices":[{"data":"Zap","floor":6.0,"key":"SMITH"},{"data":"Glacier","floor":8.0,"key":"SMITH"},{"floor":15.0,"key":"REST"},{"data":"Seek","floor":24.0,"key":"SMITH"},{"floor":29,"key":"REST"},{"data":"Capacitor","floor":32,"key":"SMITH"}],"neow_cost":"NONE","seed_source_timestamp":980883564169700,"circlet_count":0,"master_deck":["AscendersBane","Strike_B","Strike_B","Strike_B","Defend_B","Defend_B","Defend_B","Defend_B","Zap+1","Dualcast","Rebound","Glacier+1","Cold Snap","Capacitor","Steam","Defragment+1","Barrage","Self Repair","Capacitor+1","Seek+1","Go for the Eyes+1","Barrage+1"],"special_seed":0,"relics":["Cracked Core","Potion Belt","Ancient Tea Set","Kunai","Centennial Puzzle","Juzu Bracelet","Nuclear Battery","MawBank","Anchor","Art of War","Emotion Chip","Nilry\u0027s Codex","Inserter"],"potions_floor_usage":[35,35],"damage_taken":[{"damage":1.0,"enemies":"Cultist","floor":1.0,"turns":3.0},{"damage":3.0,"enemies":"2 Louse","floor":3.0,"turns":2.0},{"damage":2.0,"enemies":"Small Slimes","floor":4.0,"turns":5.0},{"damage":37.0,"enemies":"Lagavulin","floor":7.0,"turns":9.0},{"damage":8.0,"enemies":"3 Sentries","floor":10.0,"turns":11.0},{"damage":0.0,"enemies":"2 Fungi Beasts","floor":12.0,"turns":5.0},{"damage":5.0,"enemies":"Large Slime","floor":13.0,"turns":5.0},{"damage":8.0,"enemies":"Exordium Wildlife","floor":14.0,"turns":7.0},{"damage":30.0,"enemies":"Hexaghost","floor":16.0,"turns":11.0},{"damage":0.0,"enemies":"Chosen","floor":18.0,"turns":6.0},{"damage":13.0,"enemies":"3 Byrds","floor":20.0,"turns":7.0},{"damage":6.0,"enemies":"Slavers","floor":23.0,"turns":7.0},{"damage":0,"enemies":"Colosseum Slavers","floor":28,"turns":4},{"damage":16,"enemies":"Snake Plant","floor":31,"turns":5},{"damage":17,"enemies":"Collector","floor":33,"turns":13},{"damage":15,"enemies":"3 Darklings","floor":35,"turns":9},{"damage":62,"enemies":"3 Shapes","floor":36,"turns":5}],"seed_played":"-6831682152819202735","potions_obtained":[{"floor":4.0,"key":"Dexterity Potion"},{"floor":10.0,"key":"Poison Potion"},{"floor":12.0,"key":"Regen Potion"},{"floor":16.0,"key":"Strength Potion"},{"floor":20.0,"key":"SkillPotion"},{"floor":35,"key":"LiquidBronze"}],"is_trial":false,"path_per_floor":["M","T","M","M","$","R","E","R","T","E","?","M","M","M","R","B",null,"M","$","M","?","?","E","R","?","T","?","?","R","?","M","R","B",null,"M","M"],"character_chosen":"DEFECT","items_purchased":["Capacitor","Steam"],"campfire_rested":2,"item_purchase_floors":[5,5],"current_hp_per_floor":[63,63,60,58,58,58,21,21,21,13,13,13,8,22,43,20,58,65,65,59,59,59,60,60,60,60,39,46,67,67,58,58,48,65,57,0],"gold":512,"neow_bonus":"RANDOM_COMMON_RELIC","is_prod":false,"is_daily":false,"chose_seed":false,"campfire_upgraded":4,"win_rate":0,"timestamp":1570122636,"path_taken":["M","?","M","M","$","R","E","R","T","E","?","M","M","M","R","BOSS","M","$","M","?","?","E","R","?","T","?","?","R","?","M","R","BOSS","M","M"],"build_version":"2019-07-17","purchased_purges":1,"victory":false,"max_hp_per_floor":[71,71,71,71,71,71,71,71,71,71,71,71,71,71,71,71,71,71,71,71,71,71,71,71,71,71,71,71,71,71,71,71,71,71,71,71],"card_choices":[{"not_picked":["Consume","Blizzard"],"picked":"Rebound","floor":1.0},{"not_picked":["Ball Lightning","Steam"],"picked":"Glacier","floor":3.0},{"not_picked":["Ball Lightning","Hologram"],"picked":"Cold Snap","floor":4.0},{"not_picked":["Reboot","Hologram","Doom and Gloom"],"picked":"SKIP","floor":7.0},{"not_picked":["Chill","Turbo"],"picked":"Defragment","floor":10.0},{"not_picked":["Go for the Eyes","Turbo"],"picked":"Barrage","floor":12.0},{"not_picked":["Streamline","Double Energy"],"picked":"Self Repair","floor":13.0},{"not_picked":["Leap","Blizzard"],"picked":"Capacitor","floor":14.0},{"not_picked":["Thunder Strike","Buffer"],"picked":"Seek","floor":16.0},{"not_picked":["Beam Cell+1","Conserve Battery+1"],"picked":"Go for the Eyes+1","floor":18.0},{"not_picked":["FTL","Ball Lightning"],"picked":"Barrage+1","floor":20.0},{"not_picked":["Reinforced Body+1","Undo","Streamline"],"picked":"SKIP","floor":23.0},{"not_picked":["Hologram","Hello World","Barrage"],"picked":"SKIP","floor":31},{"not_picked":["Go for the Eyes","Tempest","Turbo"],"picked":"SKIP","floor":35}],"player_experience":575528,"relics_obtained":[{"floor":2.0,"key":"Ancient Tea Set"},{"floor":7.0,"key":"Kunai"},{"floor":9.0,"key":"Centennial Puzzle"},{"floor":10.0,"key":"Juzu Bracelet"},{"floor":23.0,"key":"Art of War"},{"floor":26.0,"key":"Emotion Chip"},{"floor":27.0,"key":"Nilry\u0027s Codex"}],"event_choices":[{"damage_healed":0.0,"max_hp_gain":0.0,"max_hp_loss":0.0,"gold_gain":0.0,"event_name":"Living Wall","player_choice":"Grow","floor":11.0,"gold_loss":0.0,"damage_taken":0.0,"cards_upgraded":["Defragment"]},{"damage_healed":0.0,"max_hp_gain":0.0,"max_hp_loss":0.0,"gold_gain":0.0,"event_name":"The Mausoleum","player_choice":"Opened","floor":21.0,"gold_loss":0.0,"damage_taken":0.0,"relics_obtained":["MawBank"],"cards_obtained":["Writhe"]},{"damage_healed":0.0,"max_hp_gain":0.0,"max_hp_loss":0.0,"gold_gain":0.0,"event_name":"Addict","player_choice":"Obtained Relic","floor":22.0,"gold_loss":85.0,"damage_taken":0.0,"relics_obtained":["Anchor"]},{"cards_removed":["Writhe"],"damage_healed":0.0,"max_hp_gain":0.0,"max_hp_loss":0.0,"gold_gain":0.0,"event_name":"Back to Basics","player_choice":"Elegance","floor":25.0,"gold_loss":0.0,"damage_taken":0.0},{"damage_healed":0.0,"max_hp_gain":0.0,"max_hp_loss":0.0,"gold_gain":0.0,"event_name":"Cursed Tome","player_choice":"Obtained Book","floor":27.0,"gold_loss":0.0,"damage_taken":21.0},{"damage_healed":0,"gold_gain":0,"player_choice":"Fight","damage_taken":0,"max_hp_gain":0,"max_hp_loss":0,"event_name":"Colosseum","floor":28,"gold_loss":0},{"damage_healed":0,"gold_gain":0,"player_choice":"Fled From Nobs","damage_taken":0,"max_hp_gain":0,"max_hp_loss":0,"event_name":"Colosseum","floor":28,"gold_loss":0},{"damage_healed":0,"gold_gain":50,"player_choice":"Pray","damage_taken":0,"max_hp_gain":0,"max_hp_loss":0,"event_name":"Golden Shrine","floor":30,"gold_loss":0}],"is_beta":false,"boss_relics":[{"not_picked":["Fusion Hammer","Busted Crown"],"picked":"Nuclear Battery"},{"not_picked":["Empty Cage","Philosopher\u0027s Stone"],"picked":"Inserter"}],"items_purged_floors":[5],"is_endless":false,"potions_floor_spawned":[4,10,12,16,20,35],"killed_by":"3 Shapes","ascension_level":20}