{"gold_per_floor":[112,112,128,140,140,174,174,203,203,217,6,81,109,129,129,129],"floor_reached":16,"playtime":544,"items_purged":[],"score":240,"play_id":"8cf999b4-8873-4da7-869f-8090487cc037","local_time":"20190501201236","is_ascension_mode":true,"campfire_choices":[{"floor":7,"key":"REST"},{"data":"Heavy Blade","floor":15,"key":"SMITH"}],"neow_cost":"NONE","seed_source_timestamp":738389765264600,"circlet_count":0,"master_deck":["AscendersBane","Strike_R","Strike_R","Strike_R","Strike_R","Strike_R","Defend_R","Defend_R","Defend_R","Defend_R+1","Bash+1","Battle Trance","Headbutt+1","Pommel Strike","Rampage","Spot Weakness","Twin Strike","Inflame","Impervious","Sword Boomerang","Heavy Blade+1"],"relics":["Burning Blood","Prayer Wheel","Dodecahedron","Ornamental Fan","Lee\u0027s Waffle","Anchor"],"potions_floor_usage":[6,16],"damage_taken":[{"damage":1,"enemies":"Small Slimes","floor":1,"turns":4},{"damage":3,"enemies":"2 Louse","floor":3,"turns":2},{"damage":7,"enemies":"Jaw Worm","floor":4,"turns":3},{"damage":32,"enemies":"Lagavulin","floor":6,"turns":5},{"damage":32,"enemies":"Gremlin Nob","floor":8,"turns":4},{"damage":3,"enemies":"Looter","floor":10,"turns":3},{"damage":30,"enemies":"3 Sentries","floor":13,"turns":7},{"damage":2,"enemies":"2 Fungi Beasts","floor":14,"turns":3},{"damage":60,"enemies":"The Guardian","floor":16,"turns":9}],"seed_played":"1797851973394706833","potions_obtained":[{"floor":1,"key":"LiquidBronze"},{"floor":4,"key":"SkillPotion"},{"floor":10,"key":"EssenceOfSteel"}],"is_trial":false,"path_per_floor":["M","?","M","M","?","E","R","E","T","M","$","?","E","M","R","B"],"character_chosen":"IRONCLAD","items_purchased":["Lee\u0027s Waffle"],"campfire_rested":1,"item_purchase_floors":[11],"current_hp_per_floor":[73,78,80,79,55,29,53,27,27,30,87,76,52,56,56,0],"gold":129,"neow_bonus":"UPGRADE_CARD","is_prod":false,"is_daily":false,"chose_seed":false,"campfire_upgraded":1,"win_rate":0,"timestamp":1556730756,"path_taken":["M","?","M","M","?","E","R","E","T","M","$","?","E","M","R","BOSS"],"build_version":"2019-01-23","purchased_purges":0,"victory":false,"max_hp_per_floor":[75,80,80,80,80,80,80,80,80,80,87,87,87,87,87,87],"card_choices":[{"not_picked":["Second Wind","Armaments"],"picked":"Battle Trance","floor":1},{"not_picked":["Cleave","Evolve"],"picked":"Headbutt","floor":3},{"not_picked":["Fire Breathing","Cleave"],"picked":"Pommel Strike","floor":4},{"not_picked":["Metallicize","Havoc"],"picked":"Rampage","floor":6},{"not_picked":["Sentinel","Evolve"],"picked":"Spot Weakness","floor":8},{"not_picked":["Wild Strike","Clothesline"],"picked":"Twin Strike","floor":10},{"not_picked":["Flex","Pommel Strike"],"picked":"Inflame","floor":10},{"not_picked":["Hemokinesis","Twin Strike"],"picked":"Impervious","floor":13},{"not_picked":["Fire Breathing","Headbutt"],"picked":"Sword Boomerang","floor":14},{"not_picked":["Blood for Blood","Infernal Blade"],"picked":"Heavy Blade","floor":14}],"player_experience":1285826,"relics_obtained":[{"floor":6,"key":"Prayer Wheel"},{"floor":8,"key":"Dodecahedron"},{"floor":9,"key":"Ornamental Fan"},{"floor":13,"key":"Anchor"}],"event_choices":[{"damage_healed":0,"gold_gain":0,"player_choice":"Donut","damage_taken":0,"max_hp_gain":5,"max_hp_loss":0,"event_name":"Big Fish","floor":2,"gold_loss":0},{"damage_healed":0,"gold_gain":0,"player_choice":"Entered Light","damage_taken":24,"max_hp_gain":0,"max_hp_loss":0,"event_name":"Shining Light","floor":5,"gold_loss":0,"cards_upgraded":["Defend_R","Headbutt"]},{"damage_healed":0,"gold_gain":75,"player_choice":"Gather Gold","damage_taken":11,"max_hp_gain":0,"max_hp_loss":0,"event_name":"World of Goop","floor":12,"gold_loss":0}],"is_beta":false,"boss_relics":[],"items_purged_floors":[],"is_endless":false,"potions_floor_spawned":[1,4,10],"killed_by":"The Guardian","ascension_level":20}