{"gold_per_floor":[113,132,132,82,82,126,126,160,183,183,223,244,260,340,340,435,435,450,450,463,483,483,483,483],"floor_reached":24,"playtime":1945,"items_purged":[],"score":356,"play_id":"a9cb3dcc-53af-4f3b-a551-2e5dd1de5eb2","local_time":"20190403103423","is_ascension_mode":true,"campfire_choices":[{"floor":7,"key":"REST"},{"data":"Fusion","floor":10,"key":"SMITH"},{"data":"Recycle","floor":15,"key":"SMITH"},{"floor":23,"key":"REST"}],"neow_cost":"NONE","seed_source_timestamp":1381113541370600,"circlet_count":0,"master_deck":["AscendersBane","Strike_B+1","Strike_B","Strike_B+1","Defend_B","Defend_B","Defend_B","Defend_B","Zap","Dualcast","Fusion+1","Ball Lightning","Sweeping Beam","White Noise","Creative AI","Conserve Battery","Recycle+1","Amplify","Coolheaded"],"relics":["Cracked Core","Centennial Puzzle","Golden Idol","FaceOfCleric","Ancient Tea Set","FossilizedHelix","Strawberry","DataDisk","Whetstone","Philosopher\u0027s Stone"],"potions_floor_usage":[14,16,16,20,22,22],"damage_taken":[{"damage":0,"enemies":"2 Louse","floor":1,"turns":2},{"damage":7,"enemies":"Small Slimes","floor":2,"turns":3},{"damage":25,"enemies":"Lagavulin","floor":6,"turns":5},{"damage":21,"enemies":"Gremlin Nob","floor":8,"turns":4},{"damage":10,"enemies":"3 Sentries","floor":11,"turns":5},{"damage":0,"enemies":"Cultist","floor":12,"turns":3},{"damage":0,"enemies":"Blue Slaver","floor":13,"turns":3},{"damage":18,"enemies":"3 Sentries","floor":14,"turns":7},{"damage":9,"enemies":"The Guardian","floor":16,"turns":8},{"damage":7,"enemies":"Chosen","floor":18,"turns":4},{"damage":30,"enemies":"3 Byrds","floor":20,"turns":2},{"damage":24,"enemies":"Centurion and Healer","floor":21,"turns":12},{"damage":0,"enemies":"Snake Plant","floor":22,"turns":2},{"damage":38,"enemies":"Slavers","floor":24,"turns":3}],"seed_played":"-3309061008838224588","potions_obtained":[{"floor":11,"key":"Swift Potion"},{"floor":12,"key":"EssenceOfSteel"},{"floor":14,"key":"EssenceOfSteel"},{"floor":19,"key":"LiquidBronze"},{"floor":19,"key":"SmokeBomb"},{"floor":20,"key":"SkillPotion"}],"is_trial":false,"path_per_floor":["M","M","?","?","?","E","R","E","T","R","E","M","M","?","R","B",null,"M","?","M","M","M","R","E"],"character_chosen":"DEFECT","items_purchased":[],"campfire_rested":2,"item_purchase_floors":[],"current_hp_per_floor":[68,61,61,61,61,37,58,38,45,45,36,37,38,21,21,13,66,60,60,31,8,9,35,0],"gold":483,"neow_bonus":"RANDOM_COMMON_RELIC","is_prod":false,"is_daily":false,"chose_seed":false,"campfire_upgraded":2,"win_rate":0,"timestamp":1554276863,"path_taken":["M","M","?","?","?","E","R","E","T","R","E","?","M","?","R","BOSS","M","?","M","M","M","R","E"],"build_version":"2019-01-23","purchased_purges":0,"victory":false,"max_hp_per_floor":[75,75,69,69,69,70,70,71,78,78,79,80,81,82,82,83,83,84,84,85,86,87,87,87],"card_choices":[{"not_picked":["Turbo","Barrage"],"picked":"Fusion","floor":1},{"not_picked":["Beam Cell","Skim"],"picked":"Ball Lightning","floor":2},{"not_picked":["Storm","Conserve Battery"],"picked":"Sweeping Beam","floor":6},{"not_picked":["Reprogram","Rebound"],"picked":"White Noise","floor":8},{"not_picked":["Gash","Compile Driver"],"picked":"Creative AI","floor":11},{"not_picked":["Ball Lightning","Gash","Consume"],"picked":"SKIP","floor":12},{"not_picked":["Static Discharge","Hologram"],"picked":"Conserve Battery","floor":13},{"not_picked":["Steam Power","Sweeping Beam"],"picked":"Recycle","floor":14},{"not_picked":["Meteor Strike","Creative AI"],"picked":"Amplify","floor":16},{"not_picked":["Sweeping Beam","Compile Driver","FTL"],"picked":"SKIP","floor":18},{"not_picked":["Fusion","Streamline","Recycle"],"picked":"SKIP","floor":20},{"not_picked":["White Noise","Barrage"],"picked":"Coolheaded","floor":21}],"player_experience":1097481,"relics_obtained":[{"floor":6,"key":"Ancient Tea Set"},{"floor":8,"key":"FossilizedHelix"},{"floor":9,"key":"Strawberry"},{"floor":11,"key":"DataDisk"},{"floor":14,"key":"Whetstone"}],"event_choices":[{"damage_healed":0,"gold_gain":0,"player_choice":"Lose Max HP","damage_taken":0,"relics_obtained":["Golden Idol"],"max_hp_gain":0,"max_hp_loss":6,"event_name":"Golden Idol","floor":3,"gold_loss":0},{"cards_removed":["Strike_B"],"damage_healed":0,"gold_gain":0,"player_choice":"Card Removal","damage_taken":0,"max_hp_gain":0,"max_hp_loss":0,"event_name":"The Cleric","floor":4,"gold_loss":50},{"damage_healed":0,"gold_gain":0,"player_choice":"Trade","damage_taken":0,"relics_obtained":["FaceOfCleric"],"max_hp_gain":0,"max_hp_loss":0,"event_name":"FaceTrader","floor":5,"gold_loss":0},{"damage_healed":0,"gold_gain":0,"player_choice":"Searched \u00271\u0027 times","damage_taken":0,"max_hp_gain":0,"max_hp_loss":0,"event_name":"Dead Adventurer","floor":14,"gold_loss":0},{"damage_healed":0,"gold_gain":0,"player_choice":"Got Potions","damage_taken":0,"max_hp_gain":0,"max_hp_loss":0,"event_name":"Lab","floor":19,"gold_loss":0}],"is_beta":false,"boss_relics":[{"not_picked":["Sozu","Tiny House"],"picked":"Philosopher\u0027s Stone"}],"items_purged_floors":[],"is_endless":false,"potions_floor_spawned":[11,12,13,14,20],"killed_by":"Slavers","ascension_level":13}