{"gold_per_floor":[119,119,135,60,70,35,35,364,364,21,34,34,59,59,59,130,130,149,177,195,195,110,110,142,142,168,184,195,195,227,88,88,162,162,179,401,411,511,523,523,554,554,554,554,554,565,597,597,597,597],"floor_reached":50,"playtime":3120,"items_purged":["Strike_R","Strike_R"],"score":1135,"play_id":"d3dce723-d449-40d6-9779-c5074ce652c8","local_time":"20191008150419","is_ascension_mode":true,"campfire_choices":[{"data":"Bash","floor":7,"key":"SMITH"},{"data":"Heavy Blade","floor":12,"key":"SMITH"},{"floor":15,"key":"REST"},{"data":"Immolate","floor":23,"key":"SMITH"},{"data":"Clothesline","floor":25,"key":"SMITH"},{"floor":29,"key":"REST"},{"data":"Inflame","floor":32,"key":"SMITH"},{"data":"True Grit","floor":40,"key":"SMITH"},{"data":"Uppercut","floor":42,"key":"SMITH"},{"data":"Heavy Blade","floor":44,"key":"SMITH"},{"floor":49,"key":"REST"}],"neow_cost":"NONE","seed_source_timestamp":20219086283957,"circlet_count":0,"master_deck":["AscendersBane","Strike_R","Strike_R","Strike_R","Defend_R","Defend_R+1","Defend_R","Defend_R","Bash+1","Twin Strike+1","Battle Trance+1","Disarm+1","Heavy Blade+1","Shrug It Off","Immolate+1","Heavy Blade+1","Rupture+1","Clothesline+1","Heavy Blade+1","Uppercut+1","Inflame+1","Shrug It Off","True Grit+1","Barricade","Uppercut","Ghostly Armor"],"relics":["Burning Blood","Juzu Bracelet","Old Coin","Sundial","Oddly Smooth Stone","Red Skull","Bird Faced Urn","Snecko Eye","Red Mask","Mummified Hand","War Paint","Happy Flower","MawBank","Sozu","Turnip","Strawberry","Blue Candle","Vajra","Anchor"],"potions_floor_usage":[8,18,19,33,50,50],"damage_taken":[{"damage":18,"enemies":"Cultist","floor":1,"turns":5},{"damage":14,"enemies":"Jaw Worm","floor":3,"turns":4},{"damage":3,"enemies":"Small Slimes","floor":5,"turns":4},{"damage":25,"enemies":"Lagavulin","floor":8,"turns":6},{"damage":4,"enemies":"2 Fungi Beasts","floor":11,"turns":5},{"damage":31,"enemies":"Gremlin Nob","floor":13,"turns":4},{"damage":14,"enemies":"The Guardian","floor":16,"turns":8},{"damage":6,"enemies":"3 Byrds","floor":18,"turns":6},{"damage":8,"enemies":"Masked Bandits","floor":19,"turns":2},{"damage":8,"enemies":"Chosen","floor":20,"turns":4},{"damage":25,"enemies":"Gremlin Leader","floor":24,"turns":5},{"damage":4,"enemies":"Centurion and Healer","floor":27,"turns":3},{"damage":28,"enemies":"Chosen and Byrds","floor":28,"turns":5},{"damage":4,"enemies":"Book of Stabbing","floor":30,"turns":3},{"damage":36,"enemies":"Champ","floor":33,"turns":9},{"damage":0,"enemies":"Orb Walker","floor":35,"turns":2},{"damage":1,"enemies":"3 Shapes","floor":37,"turns":3},{"damage":0,"enemies":"Mind Bloom Boss Battle","floor":38,"turns":4},{"damage":13,"enemies":"Spire Growth","floor":39,"turns":3},{"damage":43,"enemies":"Reptomancer","floor":41,"turns":7},{"damage":13,"enemies":"Transient","floor":46,"turns":6},{"damage":13,"enemies":"Giant Head","floor":47,"turns":5},{"damage":108,"enemies":"Time Eater","floor":50,"turns":12}],"seed_played":"-5274291687513216098","potions_obtained":[{"floor":3,"key":"AttackPotion"},{"floor":13,"key":"Fire Potion"},{"floor":16,"key":"Strength Potion"},{"floor":24,"key":"AttackPotion"},{"floor":27,"key":"SteroidPotion"},{"floor":28,"key":"BloodPotion"},{"floor":33,"key":"BloodPotion"}],"is_trial":false,"path_per_floor":["M","$","M","$","M","?","R","E","T","$","M","R","E","?","R","B",null,"M","?","M","?","?","R","E","R","T","M","M","R","E","$","R","B",null,"M","?","M","?","M","R","E","R","T","R","T","M","E","?","R","B"],"character_chosen":"IRONCLAD","items_purchased":["Oddly Smooth Stone","Red Skull","True Grit"],"campfire_rested":3,"item_purchase_floors":[10,10,31],"current_hp_per_floor":[56,56,48,48,51,69,69,50,50,50,52,52,27,4,26,18,61,61,59,57,57,57,57,40,40,40,44,22,44,48,48,48,40,66,74,74,75,75,68,68,40,40,40,40,40,39,38,38,62,0],"gold":597,"neow_bonus":"RANDOM_COMMON_RELIC","is_prod":false,"is_daily":false,"chose_seed":false,"campfire_upgraded":8,"win_rate":0,"timestamp":1570539859,"path_taken":["M","?","M","$","M","?","R","E","T","$","M","R","E","?","R","BOSS","M","?","M","?","?","R","E","R","T","M","M","R","E","$","R","BOSS","M","?","M","?","M","R","E","R","T","R","?","M","E","?","R","BOSS"],"build_version":"2019-07-17","purchased_purges":2,"victory":false,"max_hp_per_floor":[75,75,75,75,75,75,75,75,75,75,75,75,75,75,75,75,75,75,75,75,75,75,75,75,75,75,75,75,75,75,75,75,75,75,75,75,75,75,75,75,82,82,82,82,82,82,82,82,82,82],"card_choices":[{"not_picked":["Havoc","Intimidate"],"picked":"Twin Strike","floor":1},{"not_picked":["Armaments","Havoc"],"picked":"Battle Trance","floor":3},{"not_picked":["Intimidate","Warcry","Clash"],"picked":"SKIP","floor":5},{"not_picked":["Flex","Whirlwind"],"picked":"Disarm","floor":8},{"not_picked":["True Grit","Warcry"],"picked":"Heavy Blade","floor":11},{"not_picked":["Metallicize","Sword Boomerang"],"picked":"Shrug It Off","floor":13},{"not_picked":["Brutality","Limit Break"],"picked":"Immolate","floor":16},{"not_picked":["Anger","Wild Strike"],"picked":"Heavy Blade","floor":18},{"not_picked":["Armaments","Perfected Strike+1"],"picked":"Rupture+1","floor":19},{"not_picked":["Iron Wave","True Grit"],"picked":"Clothesline","floor":20},{"not_picked":["Anger","Battle Trance+1","Berserk"],"picked":"SKIP","floor":24},{"not_picked":["Clash","Wild Strike+1"],"picked":"Uppercut","floor":27},{"not_picked":["Pommel Strike","Warcry"],"picked":"Inflame","floor":28},{"not_picked":["Sword Boomerang","Twin Strike"],"picked":"Shrug It Off","floor":30},{"not_picked":["Exhume","Double Tap"],"picked":"Barricade","floor":33},{"not_picked":["True Grit","Fire Breathing+1","Pummel"],"picked":"SKIP","floor":35},{"not_picked":["Iron Wave","Clothesline","Thunderclap"],"picked":"SKIP","floor":37},{"not_picked":["Sentinel+1","Warcry","Rage"],"picked":"SKIP","floor":39},{"not_picked":["Battle Trance","Clothesline"],"picked":"Uppercut","floor":41},{"not_picked":["Combust+1","Anger","Clothesline"],"picked":"SKIP","floor":46},{"not_picked":["Headbutt","Iron Wave+1","Seeing Red"],"picked":"SKIP","floor":47}],"player_experience":1165523,"relics_obtained":[{"floor":8,"key":"Old Coin"},{"floor":9,"key":"Sundial"},{"floor":13,"key":"Bird Faced Urn"},{"floor":19,"key":"Red Mask"},{"floor":24,"key":"War Paint"},{"floor":26,"key":"Happy Flower"},{"floor":30,"key":"MawBank"},{"floor":38,"key":"Turnip"},{"floor":41,"key":"Strawberry"},{"floor":43,"key":"Blue Candle"},{"floor":45,"key":"Vajra"},{"floor":47,"key":"Anchor"}],"event_choices":[{"damage_healed":18,"gold_gain":0,"player_choice":"Healed","damage_taken":0,"max_hp_gain":0,"max_hp_loss":0,"event_name":"The Cleric","floor":6,"gold_loss":35},{"damage_healed":0,"gold_gain":0,"player_choice":"Entered Light","damage_taken":23,"max_hp_gain":0,"max_hp_loss":0,"event_name":"Shining Light","floor":14,"gold_loss":0,"cards_upgraded":["Twin Strike","Defend_R"]},{"damage_healed":0,"gold_gain":0,"player_choice":"Fought Bandits","damage_taken":0,"max_hp_gain":0,"max_hp_loss":0,"event_name":"Masked Bandits","floor":19,"gold_loss":0},{"damage_healed":0,"gold_gain":0,"player_choice":"Copied","damage_taken":0,"max_hp_gain":0,"max_hp_loss":0,"event_name":"Duplicator","floor":21,"gold_loss":0,"cards_obtained":["Heavy Blade"]},{"damage_healed":0,"gold_gain":0,"player_choice":"Obtained Relic","damage_taken":0,"relics_obtained":["Mummified Hand"],"max_hp_gain":0,"max_hp_loss":0,"event_name":"Addict","floor":22,"gold_loss":85},{"damage_healed":0,"gold_gain":222,"player_choice":"Wore Mask","damage_taken":0,"max_hp_gain":0,"max_hp_loss":0,"event_name":"Tomb of Lord Red Mask","floor":36,"gold_loss":0},{"damage_healed":0,"gold_gain":0,"player_choice":"Fight","damage_taken":0,"max_hp_gain":0,"max_hp_loss":0,"event_name":"MindBloom","floor":38,"gold_loss":0},{"damage_healed":0,"gold_gain":0,"player_choice":"1 cards matched","damage_taken":0,"max_hp_gain":0,"max_hp_loss":0,"event_name":"Match and Keep!","floor":48,"gold_loss":0,"cards_obtained":["Ghostly Armor"]}],"is_beta":false,"boss_relics":[{"not_picked":["Eternal Feather","Black Star"],"picked":"Snecko Eye"},{"not_picked":["Orrery","Runic Cube"],"picked":"Sozu"}],"items_purged_floors":[4,31],"is_endless":false,"potions_floor_spawned":[3,13,16,24,27,28,33,37,41,47],"killed_by":"Time Eater","ascension_level":19}