{"gold_per_floor":[114,28,45,61,61,91,108,108,108,108,137,137,150,161,161,234,234,248,248,238,248,263,263],"floor_reached":23,"playtime":1214,"items_purged":[],"score":363,"play_id":"02924329-50e8-454c-8e66-594110784da1","local_time":"20190916011901","is_ascension_mode":true,"campfire_choices":[{"floor":8,"key":"REST"},{"data":"Zap","floor":10,"key":"SMITH"},{"data":"Undo","floor":15,"key":"SMITH"}],"neow_cost":"CURSE","seed_source_timestamp":171292753979000,"circlet_count":0,"master_deck":["AscendersBane","Strike_B","Strike_B","Strike_B","Strike_B","Defend_B","Defend_B","Defend_B","Defend_B","Zap+1","Dualcast","Injury","Go for the Eyes","Defragment","Ball Lightning+1","Cold Snap+1","Undo+1","Defragment","Cold Snap","Parasite","Conserve Battery","Self Repair","Amplify","Cold Snap","Ghostly","Ghostly","Ghostly","Ghostly","Ghostly"],"relics":["Cracked Core","Girya","Art of War","Bag of Preparation","Bottled Lightning","Sozu"],"potions_floor_usage":[6,7,16],"damage_taken":[{"damage":10,"enemies":"Small Slimes","floor":1,"turns":3},{"damage":4,"enemies":"Jaw Worm","floor":3,"turns":4},{"damage":0,"enemies":"2 Louse","floor":4,"turns":2},{"damage":19,"enemies":"Lagavulin","floor":6,"turns":7},{"damage":7,"enemies":"Lots of Slimes","floor":7,"turns":2},{"damage":19,"enemies":"Gremlin Nob","floor":11,"turns":4},{"damage":0,"enemies":"Blue Slaver","floor":13,"turns":4},{"damage":0,"enemies":"Looter","floor":14,"turns":3},{"damage":22,"enemies":"Hexaghost","floor":16,"turns":11},{"damage":33,"enemies":"3 Byrds","floor":18,"turns":6},{"damage":1,"enemies":"2 Thieves","floor":20,"turns":4},{"damage":1,"enemies":"Centurion and Healer","floor":21,"turns":12},{"damage":14,"enemies":"Cultist and Chosen","floor":22,"turns":9},{"damage":28,"enemies":"Gremlin Leader","floor":23,"turns":2}],"seed_played":"3427090093876431099","potions_obtained":[{"floor":1,"key":"Explosive Potion"},{"floor":4,"key":"Regen Potion"},{"floor":13,"key":"Explosive Potion"},{"floor":16,"key":"FocusPotion"}],"is_trial":false,"path_per_floor":["M","$","M","M","?","E","M","R","T","R","E","?","M","M","R","B",null,"M","?","M","M","M","E"],"character_chosen":"DEFECT","items_purchased":["Defragment","Ball Lightning"],"campfire_rested":1,"item_purchase_floors":[2,2],"current_hp_per_floor":[58,58,54,54,39,34,27,49,49,49,30,48,48,48,48,33,65,46,37,37,37,23,0],"gold":263,"neow_bonus":"ONE_RARE_RELIC","is_prod":false,"is_daily":false,"chose_seed":false,"campfire_upgraded":2,"win_rate":0,"timestamp":1568564341,"path_taken":["M","$","M","M","?","E","M","R","T","R","E","?","M","M","R","BOSS","M","?","M","M","M","E"],"build_version":"2019-07-17","purchased_purges":0,"victory":false,"max_hp_per_floor":[75,75,75,75,75,75,75,75,75,75,75,75,75,75,75,75,75,75,37,37,37,37,37],"card_choices":[{"not_picked":["Gash","Blizzard"],"picked":"Go for the Eyes","floor":1},{"not_picked":["Reinforced Body","Chill"],"picked":"Cold Snap","floor":3},{"not_picked":["Consume","Rebound"],"picked":"Undo","floor":4},{"not_picked":["Redo","Coolheaded"],"picked":"Defragment","floor":6},{"not_picked":["Redo","Hello World"],"picked":"Cold Snap","floor":7},{"not_picked":["Barrage","Turbo","Stack"],"picked":"SKIP","floor":11},{"not_picked":["Double Energy","Barrage"],"picked":"Conserve Battery","floor":13},{"not_picked":["Double Energy","Hyperbeam"],"picked":"Self Repair","floor":14},{"not_picked":["Reboot","Buffer"],"picked":"Amplify","floor":16},{"not_picked":["Hologram","Go for the Eyes"],"picked":"Cold Snap","floor":18},{"not_picked":["Beam Cell","Self Repair","Gash"],"picked":"SKIP","floor":20},{"not_picked":["Amplify","Go for the Eyes","Gash"],"picked":"SKIP","floor":21},{"not_picked":["Turbo","Gash","Redo"],"picked":"SKIP","floor":22}],"player_experience":338328,"relics_obtained":[{"floor":6,"key":"Art of War"},{"floor":9,"key":"Bag of Preparation"},{"floor":11,"key":"Bottled Lightning"}],"event_choices":[{"damage_healed":0,"gold_gain":0,"player_choice":"Entered Light","damage_taken":15,"max_hp_gain":0,"max_hp_loss":0,"event_name":"Shining Light","floor":5,"gold_loss":0,"cards_upgraded":["Cold Snap","Ball Lightning"]},{"damage_healed":18,"gold_gain":0,"player_choice":"Healed and dodged fight","damage_taken":0,"max_hp_gain":0,"max_hp_loss":0,"event_name":"Mushrooms","floor":12,"gold_loss":0,"cards_obtained":["Parasite"]},{"damage_healed":0,"gold_gain":0,"player_choice":"Became a Ghost","damage_taken":0,"max_hp_gain":0,"max_hp_loss":38,"event_name":"Ghosts","floor":19,"gold_loss":0,"cards_obtained":["Ghostly","Ghostly","Ghostly","Ghostly","Ghostly"]}],"is_beta":false,"boss_relics":[{"not_picked":["Calling Bell","Philosopher\u0027s Stone"],"picked":"Sozu"}],"items_purged_floors":[],"is_endless":false,"potions_floor_spawned":[1,4,13,16,18,20],"killed_by":"Gremlin Leader","ascension_level":13}