{"gold_per_floor":[112,127,141,155,169,169,181,197,197,209,227,227,13,32,32,130,130,149,161,181,201,201,201,221,252,252,252,143,153,169,215,215,311,361,375,390,102,121,134,134,234,254,279,294,81,95,122,177,177,177],"floor_reached":51,"playtime":5418,"items_purged":["Strike_G","Strike_G","Strike_G"],"score":784,"play_id":"6149ecdc-5eaa-495b-8db5-51ccf02da231","local_time":"20190111231651","is_ascension_mode":true,"campfire_choices":[{"data":"Neutralize","floor":6.0,"key":"SMITH"},{"data":"Leg Sweep","floor":12.0,"key":"SMITH"},{"data":"Cloak And Dagger","floor":15.0,"key":"SMITH"},{"data":"Concentrate","floor":23.0,"key":"SMITH"},{"data":"Storm of Steel","floor":27.0,"key":"SMITH"},{"floor":32.0,"key":"REST"},{"data":"Apotheosis","floor":40.0,"key":"SMITH"},{"floor":49.0,"key":"REST"}],"neow_cost":"NONE","seed_source_timestamp":0,"circlet_count":0,"master_deck":["Defend_G","Defend_G","Defend_G","Defend_G+1","Defend_G","Strike_G","Strike_G","Survivor","Neutralize+1","Escape Plan","Poisoned Stab","Accuracy","Leg Sweep+1","Blur","Deflect","Storm of Steel+1","Infinite Blades","Cloak And Dagger+1","A Thousand Cuts","Blade Dance+1","Concentrate+1","Leg Sweep","Backstab+1","Bullet Time","Blur+1","Apotheosis+1","Finisher+1","Slice+1","Footwork","Madness"],"special_seed":0,"relics":["Ring of the Snake","Meat on the Bone","Runic Pyramid","Bag of Preparation","Molten Egg 2","Bronze Scales","Tiny House","Unceasing Top","Blood Vial","Kunai","Snake Skull"],"potions_floor_usage":[50,50],"damage_taken":[{"damage":2.0,"enemies":"Cultist","floor":1.0,"turns":4.0},{"damage":1.0,"enemies":"Small Slimes","floor":2.0,"turns":4.0},{"damage":3.0,"enemies":"Jaw Worm","floor":3.0,"turns":6.0},{"damage":4.0,"enemies":"2 Fungi Beasts","floor":4.0,"turns":5.0},{"damage":14.0,"enemies":"Exordium Wildlife","floor":5.0,"turns":6.0},{"damage":9.0,"enemies":"Lots of Slimes","floor":7.0,"turns":4.0},{"damage":11.0,"enemies":"2 Fungi Beasts","floor":8.0,"turns":5.0},{"damage":1.0,"enemies":"Exordium Wildlife","floor":10.0,"turns":9.0},{"damage":1.0,"enemies":"Red Slaver","floor":11.0,"turns":6.0},{"damage":1.0,"enemies":"2 Fungi Beasts","floor":14.0,"turns":6.0},{"damage":26.0,"enemies":"The Guardian","floor":16.0,"turns":18.0},{"damage":4.0,"enemies":"Shell Parasite","floor":18.0,"turns":7.0},{"damage":8.0,"enemies":"2 Thieves","floor":19.0,"turns":4.0},{"damage":10.0,"enemies":"Shelled Parasite and Fungi","floor":20.0,"turns":5.0},{"damage":19.0,"enemies":"Snecko","floor":21.0,"turns":6.0},{"damage":16.0,"enemies":"3 Cultists","floor":24.0,"turns":5.0},{"damage":34.0,"enemies":"Slavers","floor":25.0,"turns":7.0},{"damage":6.0,"enemies":"Cultist and Chosen","floor":29.0,"turns":6.0},{"damage":1.0,"enemies":"Centurion and Healer","floor":30.0,"turns":6.0},{"damage":47.0,"enemies":"Collector","floor":33.0,"turns":12.0},{"damage":10.0,"enemies":"3 Shapes","floor":35.0,"turns":6.0},{"damage":8.0,"enemies":"Orb Walker","floor":36.0,"turns":4.0},{"damage":33.0,"enemies":"Transient","floor":38.0,"turns":5.0},{"damage":9.0,"enemies":"Sphere and 2 Shapes","floor":39.0,"turns":4.0},{"damage":8.0,"enemies":"Mind Bloom Boss Battle","floor":41.0,"turns":9.0},{"damage":0.0,"enemies":"Jaw Worm Horde","floor":42.0,"turns":4.0},{"damage":0.0,"enemies":"Transient","floor":44.0,"turns":5.0},{"damage":0.0,"enemies":"Sphere and 2 Shapes","floor":46.0,"turns":4.0},{"damage":28.0,"enemies":"Reptomancer","floor":47.0,"turns":11.0},{"damage":55,"enemies":"Donu and Deca","floor":50,"turns":14}],"seed_played":"1117985877945527809","potions_obtained":[{"floor":1.0,"key":"Energy Potion"},{"floor":3.0,"key":"FearPotion"},{"floor":8.0,"key":"AttackPotion"},{"floor":16.0,"key":"Energy Potion"},{"floor":19.0,"key":"Weak Potion"},{"floor":24.0,"key":"Ancient Potion"},{"floor":33.0,"key":"SteroidPotion"},{"floor":34.0,"key":"EssenceOfSteel"},{"floor":38.0,"key":"SkillPotion"},{"floor":42.0,"key":"EssenceOfSteel"}],"is_trial":false,"path_per_floor":["M","M","M","M","M","R","M","M","T","M","M","R","$","M","R","B",null,"M","M","M","M","?","R","M","E","T","R","$","M","M","T","R","B",null,"M","M","$","M","M","R","?","M","T","M","$","M","E","T","R","B",null],"character_chosen":"THE_SILENT","items_purchased":["Storm of Steel","Infinite Blades","Leg Sweep","Apotheosis","Madness"],"campfire_rested":2,"item_purchase_floors":[13,13,28,37,45],"current_hp_per_floor":[75,74,71,67,53,53,44,33,33,44,43,43,43,42,42,28,77,73,65,55,48,48,48,44,22,22,22,22,28,39,39,62,27,82,72,64,64,43,46,46,50,50,50,52,52,54,40,40,64,23],"gold":177,"neow_bonus":"TEN_PERCENT_HP_BONUS","is_prod":false,"is_daily":false,"chose_seed":false,"campfire_upgraded":6,"win_rate":0,"timestamp":1547216211,"path_taken":["M","M","M","M","M","R","M","M","T","?","M","R","$","M","R","BOSS","M","M","M","M","?","R","M","E","T","R","$","M","M","?","R","BOSS","M","M","$","M","M","R","?","M","T","M","$","M","E","?","R","BOSS"],"build_version":"2019-01-10","purchased_purges":3,"victory":true,"max_hp_per_floor":[77,77,77,77,77,77,77,77,77,77,77,77,77,77,77,77,77,77,77,77,77,77,77,77,77,77,77,77,77,77,77,77,77,82,82,82,82,82,82,82,82,82,82,82,82,82,82,82,82,82],"card_choices":[{"not_picked":["Choke","PiercingWail"],"picked":"Escape Plan","floor":1.0},{"not_picked":["Acrobatics","Bane","Poisoned Stab"],"picked":"SKIP","floor":2.0},{"not_picked":["Setup","Sucker Punch"],"picked":"Poisoned Stab","floor":3.0},{"not_picked":["Tactician","Dodge and Roll"],"picked":"Accuracy","floor":4.0},{"not_picked":["Sucker Punch","Outmaneuver","Flying Knee"],"picked":"SKIP","floor":5.0},{"not_picked":["Underhanded Strike","Heel Hook"],"picked":"Leg Sweep","floor":7.0},{"not_picked":["Caltrops","Deadly Poison"],"picked":"Blur","floor":8.0},{"not_picked":["Dagger Spray","Endless Agony","Flying Knee"],"picked":"SKIP","floor":10.0},{"not_picked":["Dagger Throw","Sucker Punch"],"picked":"Deflect","floor":11.0},{"not_picked":["Heel Hook","Setup"],"picked":"Cloak And Dagger","floor":14.0},{"not_picked":["Corpse Explosion","Venomology"],"picked":"A Thousand Cuts","floor":16.0},{"not_picked":["Tactician","Finisher"],"picked":"Blade Dance+1","floor":18.0},{"not_picked":["Dagger Spray","Quick Slash"],"picked":"Concentrate","floor":19.0},{"not_picked":["PiercingWail","Masterful Stab","Deadly Poison"],"picked":"SKIP","floor":20.0},{"not_picked":["Distraction","Backstab","Slice"],"picked":"SKIP","floor":21.0},{"not_picked":["Outmaneuver+1","Bane+1","Sucker Punch"],"picked":"SKIP","floor":24.0},{"not_picked":["Eviscerate","Backflip","Bouncing Flask+1"],"picked":"SKIP","floor":25.0},{"not_picked":["Reflex","Prepared"],"picked":"Backstab+1","floor":29.0},{"not_picked":["Sucker Punch+1","Escape Plan","Dagger Spray+1"],"picked":"SKIP","floor":30.0},{"not_picked":["Unload+1","Storm of Steel"],"picked":"Bullet Time","floor":33.0},{"not_picked":["Blade Dance","Masterful Stab+1","Backflip"],"picked":"SKIP","floor":35.0},{"not_picked":["Bane+1","Calculated Gamble"],"picked":"Blur+1","floor":36.0},{"not_picked":["Dodge and Roll","Catalyst"],"picked":"Finisher+1","floor":38.0},{"not_picked":["Dagger Spray+1","Predator+1"],"picked":"Slice+1","floor":39.0},{"not_picked":["Poisoned Stab+1","Acrobatics+1"],"picked":"Footwork","floor":41.0},{"not_picked":["Accuracy","Backflip","Backstab+1"],"picked":"SKIP","floor":42.0},{"not_picked":["Slice+1","Finisher+1","Deflect"],"picked":"SKIP","floor":44.0},{"not_picked":["A Thousand Cuts","Catalyst","Footwork"],"picked":"SKIP","floor":46.0},{"not_picked":["Blur","Catalyst+1","Bane+1"],"picked":"SKIP","floor":47.0}],"player_experience":300788,"relics_obtained":[{"floor":9.0,"key":"Meat on the Bone"},{"floor":25.0,"key":"Bag of Preparation"},{"floor":26.0,"key":"Molten Egg 2"},{"floor":31.0,"key":"Bronze Scales"},{"floor":41.0,"key":"Unceasing Top"},{"floor":43.0,"key":"Blood Vial"},{"floor":47.0,"key":"Kunai"},{"floor":48.0,"key":"Snake Skull"}],"event_choices":[{"damage_healed":0.0,"max_hp_gain":0.0,"max_hp_loss":0.0,"gold_gain":0.0,"event_name":"Ghosts","player_choice":"Ignored","floor":22.0,"gold_loss":0.0,"damage_taken":0.0},{"damage_healed":0.0,"max_hp_gain":0.0,"max_hp_loss":0.0,"gold_gain":0.0,"event_name":"MindBloom","player_choice":"Fight","floor":41.0,"gold_loss":0.0,"damage_taken":0.0}],"is_beta":false,"boss_relics":[{"not_picked":["Runic Dome","Empty Cage"],"picked":"Runic Pyramid"},{"not_picked":["HoveringKite","Pandora\u0027s Box"],"picked":"Tiny House"}],"items_purged_floors":[28,37,45],"is_endless":false,"potions_floor_spawned":[1,3,8,16,19,24,33,38,42],"ascension_level":4}