{"gold_per_floor":[216,83,83,102,126,126,166,166,166,166,186,211,211,232,232,322,322,341,12,25,25,49,49,65,65,65,65,65,65,65,65,65,65],"floor_reached":33,"playtime":1139,"items_purged":["Strike_R","Strike_R"],"score":490,"play_id":"3df5e51c-5c16-4c75-9742-bb40bc17b634","local_time":"20190324120852","is_ascension_mode":true,"campfire_choices":[{"data":"Searing Blow","floor":6,"key":"SMITH"},{"data":"Searing Blow+1","floor":8,"key":"SMITH"},{"floor":13,"key":"REST"},{"data":"Searing Blow+3","floor":15,"key":"SMITH"},{"floor":23,"key":"REST"},{"data":"Searing Blow+4","floor":25,"key":"SMITH"},{"data":"Searing Blow+5","floor":27,"key":"SMITH"},{"floor":32,"key":"REST"}],"neow_cost":"NONE","seed_source_timestamp":523525229399800,"circlet_count":0,"master_deck":["AscendersBane","Defend_R","Defend_R","Defend_R","Defend_R","Bash","Searing Blow+6","Shrug It Off","Armaments","Clothesline","True Grit","Thunderclap","Brutality+1","Headbutt","Metallicize+1","Shame","Dark Embrace+1","Flame Barrier","Demon Form+1"],"relics":["Burning Blood","Golden Idol","Frozen Egg 2","Happy Flower","Cursed Key","Bronze Scales","Nilry\u0027s Codex","Meat on the Bone"],"potions_floor_usage":[7,11,22,33],"damage_taken":[{"damage":19,"enemies":"Jaw Worm","floor":1,"turns":6},{"damage":8,"enemies":"Small Slimes","floor":4,"turns":4},{"damage":1,"enemies":"Cultist","floor":5,"turns":3},{"damage":44,"enemies":"3 Sentries","floor":7,"turns":11},{"damage":11,"enemies":"3 Louse","floor":11,"turns":3},{"damage":12,"enemies":"Exordium Thugs","floor":12,"turns":5},{"damage":0,"enemies":"Exordium Wildlife","floor":14,"turns":4},{"damage":25,"enemies":"Slime Boss","floor":16,"turns":7},{"damage":7,"enemies":"2 Thieves","floor":18,"turns":4},{"damage":8,"enemies":"Spheric Guardian","floor":20,"turns":3},{"damage":23,"enemies":"Snake Plant","floor":22,"turns":4},{"damage":13,"enemies":"Sentry and Sphere","floor":24,"turns":4},{"damage":64,"enemies":"Collector","floor":33,"turns":7}],"seed_played":"-1845343200971939011","potions_obtained":[{"floor":1,"key":"SteroidPotion"},{"floor":5,"key":"Ancient Potion"},{"floor":7,"key":"AttackPotion"},{"floor":11,"key":"Weak Potion"},{"floor":16,"key":"GamblersBrew"},{"floor":20,"key":"SkillPotion"},{"floor":24,"key":"Ancient Potion"}],"is_trial":false,"path_per_floor":["M","$","?","M","M","R","E","R","T","?","M","M","R","M","R","B",null,"M","$","M","?","M","R","M","R","T","R","T","$","?","?","R","B"],"character_chosen":"IRONCLAD","items_purchased":["Shrug It Off","Bronze Scales","Headbutt"],"campfire_rested":3,"item_purchase_floors":[2,19,19],"current_hp_per_floor":[55,55,55,53,58,58,20,20,20,20,15,9,29,35,35,16,55,54,54,52,31,14,34,27,27,27,27,27,27,27,27,47,0],"gold":65,"neow_bonus":"HUNDRED_GOLD","is_prod":false,"is_daily":false,"chose_seed":false,"campfire_upgraded":5,"win_rate":0,"timestamp":1553418532,"path_taken":["M","$","?","M","M","R","E","R","T","?","M","?","R","M","R","BOSS","M","$","M","?","M","R","M","R","T","R","?","?","?","?","R","BOSS"],"build_version":"2019-01-23","purchased_purges":2,"victory":false,"max_hp_per_floor":[75,75,68,68,68,68,68,68,68,68,68,68,68,68,68,68,68,68,68,68,68,68,68,68,68,68,68,68,68,68,68,68,68],"card_choices":[{"not_picked":["Whirlwind","Dual Wield"],"picked":"Searing Blow","floor":1},{"not_picked":["Thunderclap","Evolve"],"picked":"Armaments","floor":4},{"not_picked":["Sword Boomerang","Body Slam"],"picked":"Clothesline","floor":5},{"not_picked":["Feel No Pain","Cleave","Flex"],"picked":"SKIP","floor":7},{"not_picked":["Clothesline","Heavy Blade"],"picked":"True Grit","floor":11},{"not_picked":["Pommel Strike","Heavy Blade","Spot Weakness"],"picked":"SKIP","floor":12},{"not_picked":["Warcry","Clothesline"],"picked":"Thunderclap","floor":14},{"not_picked":["Reaper","Berserk+1"],"picked":"Brutality+1","floor":16},{"not_picked":["Thunderclap","Clothesline","Flex"],"picked":"SKIP","floor":18},{"not_picked":["Body Slam","Cleave","Power Through"],"picked":"SKIP","floor":20},{"not_picked":["True Grit","Burning Pact"],"picked":"Metallicize+1","floor":22},{"not_picked":["Uppercut","Warcry","Pommel Strike"],"picked":"SKIP","floor":24}],"player_experience":1006399,"relics_obtained":[{"floor":7,"key":"Frozen Egg 2"},{"floor":9,"key":"Happy Flower"},{"floor":21,"key":"Nilry\u0027s Codex"},{"floor":26,"key":"Meat on the Bone"}],"event_choices":[{"damage_healed":0,"gold_gain":0,"player_choice":"Lose Max HP","damage_taken":0,"relics_obtained":["Golden Idol"],"max_hp_gain":0,"max_hp_loss":7,"event_name":"Golden Idol","floor":3,"gold_loss":0},{"damage_healed":0,"gold_gain":0,"player_choice":"Upgraded","damage_taken":0,"max_hp_gain":0,"max_hp_loss":0,"event_name":"Upgrade Shrine","floor":10,"gold_loss":0,"cards_upgraded":["Searing Blow"]},{"damage_healed":0,"gold_gain":0,"player_choice":"Obtained Book","damage_taken":21,"max_hp_gain":0,"max_hp_loss":0,"event_name":"Cursed Tome","floor":21,"gold_loss":0},{"damage_healed":0,"gold_gain":0,"cards_transformed":["Strike_R","Strike_R"],"player_choice":"Became Test Subject","damage_taken":0,"max_hp_gain":0,"max_hp_loss":0,"event_name":"Drug Dealer","floor":30,"gold_loss":0,"cards_obtained":["Dark Embrace","Flame Barrier"]},{"damage_healed":0,"gold_gain":0,"cards_transformed":["Strike_R"],"player_choice":"Transformed","damage_taken":0,"max_hp_gain":0,"max_hp_loss":0,"event_name":"Transmorgrifier","floor":31,"gold_loss":0,"cards_obtained":["Demon Form"]}],"is_beta":false,"boss_relics":[{"not_picked":["Fusion Hammer","Black Blood"],"picked":"Cursed Key"}],"items_purged_floors":[2,19],"is_endless":false,"potions_floor_spawned":[1,5,7,11,16,18,20,24],"killed_by":"Collector","ascension_level":20}