{"gold_per_floor":[111,61,81,81,81,81,101,101,101,24,37,54,54,66,66,167,167,186,205,50,60,78,78,104,104,128,141,152,152],"floor_reached":29,"playtime":2681,"items_purged":[],"score":311,"play_id":"2741f1e4-3305-4fdc-8054-e195db91af1f","local_time":"20180807202235","is_ascension_mode":true,"campfire_choices":[{"data":"Go for the Eyes","floor":6,"key":"SMITH"},{"data":"Hologram","floor":13,"key":"SMITH"},{"data":"Creative AI","floor":15,"key":"SMITH"},{"floor":23,"key":"REST"},{"floor":25,"key":"REST"}],"neow_cost":"NONE","seed_source_timestamp":208256913123420,"circlet_count":0,"master_deck":["Strike_B","Strike_B","Defend_B","Defend_B","Defend_B","Zap+1","Dualcast","Go for the Eyes+1","BootSequence","Sweeping Beam","Capacitor","Hologram+1","Genetic Algorithm","Creative AI+1","Electrodynamics","Leap+1","Chill+1","Defragment","Go for the Eyes","Amplify"],"relics":["Cracked Core","NeowsBlessing","Question Card","Empty Cage","Blood Vial","Dodecahedron","Bronze Scales"],"potions_floor_usage":[22,28,28,29],"damage_taken":[{"damage":0,"enemies":"Small Slimes","floor":1,"turns":1},{"damage":0,"enemies":"2 Louse","floor":3,"turns":1},{"damage":0,"enemies":"Cultist","floor":7,"turns":1},{"damage":3,"enemies":"Large Slime","floor":11,"turns":5},{"damage":8,"enemies":"Lots of Slimes","floor":12,"turns":3},{"damage":6,"enemies":"Exordium Wildlife","floor":14,"turns":4},{"damage":23,"enemies":"Hexaghost","floor":16,"turns":10},{"damage":0,"enemies":"3 Byrds","floor":18,"turns":2},{"damage":28,"enemies":"Spheric Guardian","floor":19,"turns":4},{"damage":4,"enemies":"Chosen and Byrds","floor":21,"turns":6},{"damage":16,"enemies":"Sentry and Sphere","floor":22,"turns":7},{"damage":15,"enemies":"Slavers","floor":24,"turns":5},{"damage":41,"enemies":"3 Cultists","floor":27,"turns":6},{"damage":0,"enemies":"Centurion and Healer","floor":28,"turns":6},{"damage":24,"enemies":"Snecko","floor":29,"turns":6}],"seed_played":"-2655106332000423121","potions_obtained":[{"floor":1,"key":"Strength Potion"},{"floor":12,"key":"PowerPotion"},{"floor":16,"key":"Energy Potion"},{"floor":22,"key":"SteroidPotion"}],"is_trial":false,"path_per_floor":["M","?","M","?","?","R","M","$","T","$","M","M","R","M","R","B",null,"M","M","$","M","M","R","E","R","T","M","M"],"character_chosen":"DEFECT","items_purchased":["Capacitor","Blood Vial"],"campfire_rested":2,"item_purchase_floors":[10,20],"current_hp_per_floor":[68,68,68,73,73,73,73,73,73,73,70,62,62,56,56,33,68,68,40,40,38,24,48,35,59,59,20,22,0],"gold":152,"neow_bonus":"THREE_ENEMY_KILL","is_prod":false,"is_daily":false,"chose_seed":false,"campfire_upgraded":3,"win_rate":0,"timestamp":1533640955,"path_taken":["M","?","M","?","?","R","?","$","T","$","M","M","R","M","R","BOSS","M","M","$","M","M","R","E","R","T","?","M","M"],"build_version":"2018-08-02","purchased_purges":0,"victory":false,"max_hp_per_floor":[75,75,75,80,80,80,80,80,80,80,80,80,80,80,80,80,80,80,80,80,80,80,80,80,80,80,80,80,80],"card_choices":[{"not_picked":["BootSequence","Conserve Battery"],"picked":"Go for the Eyes","floor":1},{"not_picked":["Chaos","Chill"],"picked":"BootSequence","floor":3},{"not_picked":["Compile Driver","Rip and Tear"],"picked":"Sweeping Beam","floor":7},{"not_picked":["Turbo","Rebound","Barrage"],"picked":"Hologram","floor":11},{"not_picked":["Hologram","Static Discharge","Cold Snap"],"picked":"Genetic Algorithm","floor":12},{"not_picked":["Tempest","Aggregate","Scrape"],"picked":"Creative AI","floor":14},{"not_picked":["Meteor Strike","Biased Cognition","Echo Form"],"picked":"Electrodynamics","floor":16},{"not_picked":["Go for the Eyes","Blizzard+1","Lockon"],"picked":"Leap+1","floor":18},{"not_picked":["Static Discharge+1","Steam","Consume"],"picked":"Chill+1","floor":19},{"not_picked":["Force Field","Cold Snap","Leap"],"picked":"Defragment","floor":21},{"not_picked":["Sweeping Beam","Rebound","Streamline"],"picked":"Go for the Eyes","floor":22},{"not_picked":["Steam Power","Fusion","Doom and Gloom+1"],"picked":"Amplify","floor":24},{"not_picked":["Redo","Steam","Coolheaded+1","Cold Snap"],"picked":"SKIP","floor":27},{"not_picked":["Coolheaded","Stack+1","Electrodynamics","Compile Driver"],"picked":"SKIP","floor":28}],"player_experience":149658,"relics_obtained":[{"floor":9,"key":"Question Card"},{"floor":24,"key":"Dodecahedron"},{"floor":26,"key":"Bronze Scales"}],"event_choices":[{"event_name":"The Cleric","player_choice":"Card Removal","floor":2,"damage_taken":0},{"event_name":"Big Fish","player_choice":"Donut","floor":4,"damage_taken":0},{"event_name":"Accursed Blacksmith","player_choice":"Forge","floor":5,"damage_taken":0}],"is_beta":false,"boss_relics":[{"not_picked":["Lizard Tail","White Beast Statue"],"picked":"Empty Cage"}],"items_purged_floors":[],"is_endless":false,"potions_floor_spawned":[1,12,16,21,22,27],"killed_by":"Snecko","ascension_level":6}