{"path_per_floor":["M","M","?","?","?","E","M","R","T","M","R","M","?","M","R","B",null,"M","$","?","M","?","R","M","?","T","?","R","M","M","M","R"],"character_chosen":"DEFECT","items_purchased":[],"gold_per_floor":[117,134,134,134,134,174,189,189,189,204,204,222,251,265,265,389,389,405,330,330,344,444,444,467,467,467,467,467,481,500,520,520,520],"floor_reached":33,"campfire_rested":2,"playtime":8472,"item_purchase_floors":[],"current_hp_per_floor":[75,75,57,57,62,35,30,30,30,28,52,49,28,28,28,15,80,77,77,77,80,80,80,80,64,64,64,64,59,34,38,62,0],"items_purged":["Strike_B"],"gold":520,"score":249,"play_id":"18df51e4-e0eb-4b83-9594-8b214403fb37","local_time":"20180602223745","is_prod":false,"is_daily":false,"chose_seed":false,"is_ascension_mode":false,"campfire_upgraded":4,"win_rate":0.0,"timestamp":1527971865,"campfire_choices":[{"data":"Loop","floor":8.0,"key":"SMITH"},{"floor":11.0,"key":"REST"},{"data":"Zap","floor":15.0,"key":"SMITH"},{"data":"Biased Cognition","floor":23,"key":"SMITH"},{"data":"Trip","floor":28,"key":"SMITH"},{"floor":32,"key":"REST"}],"path_taken":["M","M","?","?","?","E","M","R","T","M","R","?","?","M","R","BOSS","M","$","?","M","?","R","M","?","T","?","R","M","M","M","R","BOSS"],"build_version":"2018-05-31","seed_source_timestamp":0,"purchased_purges":1,"victory":false,"master_deck":["Strike_B","Strike_B","Strike_B","Defend_B","Defend_B","Defend_B","Defend_B","Zap+1","Dualcast","Loop+1","Trip+1","Hologram","Leap","Melter","Self Repair","Biased Cognition+1","Electrodynamics","Ball Lightning+1","Glacier","Conserve Battery","Reprogram"],"max_hp_per_floor":[75,75,75,75,80,80,80,80,80,80,80,80,80,80,80,80,80,80,80,80,80,80,80,80,80,80,80,80,80,80,80,80,80],"relics":["Cracked Core","Golden Idol","Bottled Tornado","Boot","Odd Mushroom","Sozu","Toolbox"],"card_choices":[{"not_picked":["Aggregate","Go for the Eyes","Force Field"],"picked":"SKIP","floor":1.0},{"not_picked":["Beam Cell","Barrage"],"picked":"Loop","floor":2.0},{"not_picked":["Streamline","Stack"],"picked":"Hologram","floor":6.0},{"not_picked":["Rip and Tear","Beam Cell"],"picked":"Leap","floor":7.0},{"not_picked":["Sweeping Beam","Steam"],"picked":"Melter","floor":10.0},{"not_picked":["FTL","Blizzard","Force Field"],"picked":"SKIP","floor":12.0},{"not_picked":["Barrage","Steam Power"],"picked":"Self Repair","floor":13.0},{"not_picked":["Beam Cell","Sweeping Beam"],"picked":"Biased Cognition","floor":14.0},{"not_picked":["Seek","Machine Learning"],"picked":"Electrodynamics","floor":16.0},{"not_picked":["Go for the Eyes","Storm+1"],"picked":"Ball Lightning+1","floor":18.0},{"not_picked":["Steam+1","Auto Shields"],"picked":"Glacier","floor":21.0},{"not_picked":["Streamline","Doom and Gloom","Barrage"],"picked":"SKIP","floor":24},{"not_picked":["Darkness","Auto Shields","Rip and Tear"],"picked":"SKIP","floor":29},{"not_picked":["Reinforced Body","Sweeping Beam"],"picked":"Reprogram","floor":30},{"not_picked":["Gash","Hello World+1","Stack"],"picked":"SKIP","floor":31}],"player_experience":211349,"potions_floor_usage":[30],"damage_taken":[{"damage":0.0,"enemies":"Small Slimes","floor":1.0,"turns":3.0},{"damage":0.0,"enemies":"2 Louse","floor":2.0,"turns":2.0},{"damage":27.0,"enemies":"3 Sentries","floor":6.0,"turns":9.0},{"damage":5.0,"enemies":"Jaw Worm","floor":7.0,"turns":4.0},{"damage":2.0,"enemies":"Blue Slaver","floor":10.0,"turns":4.0},{"damage":3.0,"enemies":"Exordium Thugs","floor":12.0,"turns":3.0},{"damage":21.0,"enemies":"The Mushroom Lair","floor":13.0,"turns":4.0},{"damage":7.0,"enemies":"Large Slime","floor":14.0,"turns":5.0},{"damage":20.0,"enemies":"Hexaghost","floor":16.0,"turns":9.0},{"damage":3.0,"enemies":"2 Thieves","floor":18.0,"turns":2.0},{"damage":0.0,"enemies":"Spheric Guardian","floor":21.0,"turns":3.0},{"damage":2,"enemies":"3 Cultists","floor":24,"turns":3},{"damage":12,"enemies":"Snake Plant","floor":29,"turns":3},{"damage":32,"enemies":"Cultist and Chosen","floor":30,"turns":5},{"damage":3,"enemies":"Sentry and Sphere","floor":31,"turns":3},{"damage":70,"enemies":"Automaton","floor":33,"turns":6}],"relics_obtained":[{"floor":6.0,"key":"Bottled Tornado"},{"floor":9.0,"key":"Boot"},{"floor":13.0,"key":"Odd Mushroom"},{"floor":26,"key":"Toolbox"}],"event_choices":[{"event_name":"Golden Idol","player_choice":"Take Damage","floor":3.0,"damage_taken":0.0},{"event_name":"Match and Keep!","player_choice":"1 cards matched","floor":4.0,"damage_taken":0.0},{"event_name":"Big Fish","player_choice":"Donut","floor":5.0,"damage_taken":0.0},{"event_name":"Mushrooms","player_choice":"Fought Mushrooms","floor":13.0,"damage_taken":0.0},{"event_name":"Vampires","player_choice":"Ignored","floor":20.0,"damage_taken":0.0},{"event_name":"Golden Shrine","player_choice":"Pray","floor":22,"damage_taken":0},{"event_name":"Cursed Tome","player_choice":"Obtained Book","floor":25,"damage_taken":0},{"event_name":"Match and Keep!","player_choice":"1 cards matched","floor":27,"damage_taken":0}],"boss_relics":[],"items_purged_floors":[],"potions_floor_spawned":[1,10,13,14,16,18,21,29],"seed_played":"-1823135068442453464","killed_by":"Automaton","ascension_level":0,"potions_obtained":[{"floor":1.0,"key":"Swift Potion"},{"floor":10.0,"key":"Dexterity Potion"},{"floor":13.0,"key":"Dexterity Potion"},{"floor":14.0,"key":"GamblersBrew"},{"floor":16.0,"key":"Block Potion"}],"is_trial":false}