{"gold_per_floor":[112,112,112,37,54,54,54,54,132,150,150,169,169,188,188,283,283,297,297,309,329,149,149,24,24,24,40,40,59,59,69,69,69],"floor_reached":33,"playtime":2120,"items_purged":["Strike_B","Strike_B","Strike_B"],"score":237,"play_id":"b9ecf5ff-2dca-4e23-a0c9-d775d5d1f92f","local_time":"20180624230901","is_ascension_mode":false,"campfire_choices":[{"data":"Zap","floor":6,"key":"SMITH"},{"data":"Dualcast","floor":8,"key":"SMITH"},{"data":"Reboot","floor":11,"key":"SMITH"},{"data":"Self Repair","floor":13,"key":"SMITH"},{"floor":15,"key":"REST"},{"data":"Defragment","floor":23,"key":"SMITH"},{"data":"Capacitor","floor":25,"key":"SMITH"},{"data":"Rainbow","floor":28,"key":"SMITH"},{"data":"Chaos","floor":30,"key":"SMITH"},{"data":"Defragment","floor":32,"key":"SMITH"}],"neow_cost":"NONE","seed_source_timestamp":55011914019698,"circlet_count":0,"master_deck":["Defend_B","Defend_B","Defend_B","Defend_B","Zap+1","Dualcast+1","Reboot+1","Self Repair+1","Rainbow+1","Defragment+1","Lockon","Auto Shields+1","Capacitor+1","Chaos+1","Defragment+1"],"relics":["Cracked Core","Regal Pillow","Kunai","White Beast Statue","Cables"],"potions_floor_usage":[16,18,20,21,27,31,33,33],"damage_taken":[{"damage":0,"enemies":"Small Slimes","floor":1,"turns":2},{"damage":1,"enemies":"Jaw Worm","floor":5,"turns":4},{"damage":1,"enemies":"2 Louse","floor":10,"turns":2},{"damage":8,"enemies":"Exordium Wildlife","floor":12,"turns":3},{"damage":21,"enemies":"Exordium Thugs","floor":14,"turns":6},{"damage":40,"enemies":"The Guardian","floor":16,"turns":12},{"damage":0,"enemies":"Chosen","floor":18,"turns":5},{"damage":1,"enemies":"Shell Parasite","floor":20,"turns":6},{"damage":29,"enemies":"Snake Plant","floor":21,"turns":6},{"damage":0,"enemies":"Centurion and Healer","floor":27,"turns":6},{"damage":10,"enemies":"3 Cultists","floor":29,"turns":6},{"damage":15,"enemies":"Sentry and Sphere","floor":31,"turns":5},{"damage":77,"enemies":"Collector","floor":33,"turns":7}],"seed_played":"-1312934032273756270","potions_obtained":[{"floor":5,"key":"Weak Potion"},{"floor":12,"key":"Strength Potion"},{"floor":14,"key":"FearPotion"},{"floor":16,"key":"SkillPotion"},{"floor":18,"key":"SkillPotion"},{"floor":20,"key":"GamblersBrew"},{"floor":21,"key":"Regen Potion"},{"floor":27,"key":"PowerPotion"},{"floor":31,"key":"AttackPotion"}],"is_trial":false,"path_per_floor":["M","?","?","$","M","R","$","R","T","M","R","M","R","M","R","B",null,"M","?","M","M","$","R","$","R","T","M","R","M","R","M","R"],"character_chosen":"DEFECT","items_purchased":["Capacitor"],"campfire_rested":1,"item_purchase_floors":[22],"current_hp_per_floor":[75,63,68,68,67,67,67,67,67,73,73,72,72,61,80,50,80,80,80,80,61,61,61,61,61,61,71,71,71,71,66,66,0],"gold":69,"neow_bonus":"TRANSFORM_CARD","is_prod":false,"is_daily":false,"chose_seed":false,"campfire_upgraded":9,"win_rate":0,"timestamp":1529874541,"path_taken":["M","?","?","$","M","R","?","R","T","M","R","M","R","M","R","BOSS","M","?","M","M","$","R","$","R","T","M","R","M","R","M","R","BOSS"],"build_version":"2018-06-21v2","purchased_purges":3,"victory":false,"max_hp_per_floor":[75,75,80,80,80,80,80,80,80,80,80,80,80,80,80,80,80,80,80,80,80,80,80,80,80,80,80,80,80,80,80,80,80],"card_choices":[{"not_picked":["Rebound","Coolheaded","Stack"],"picked":"SKIP","floor":1},{"not_picked":["Stack","Coolheaded"],"picked":"Self Repair","floor":5},{"not_picked":["Steam Power","Skim","Cold Snap"],"picked":"SKIP","floor":10},{"not_picked":["Steam Power","Skim","Cold Snap"],"picked":"SKIP","floor":10},{"not_picked":["Rebound","BootSequence","Sunder"],"picked":"SKIP","floor":12},{"not_picked":["Steam Power","Melter","Stack"],"picked":"SKIP","floor":14},{"not_picked":["Seek","Biased Cognition"],"picked":"Rainbow","floor":16},{"not_picked":["Redo","Chill"],"picked":"Defragment","floor":18},{"not_picked":["Go for the Eyes","BootSequence"],"picked":"Lockon","floor":20},{"not_picked":["Scrape","Static Discharge"],"picked":"Auto Shields+1","floor":21},{"not_picked":["Barrage","Hello World+1","Turbo"],"picked":"SKIP","floor":27},{"not_picked":["Barrage","Hello World+1","Turbo"],"picked":"SKIP","floor":27},{"not_picked":["Go for the Eyes","Cold Snap"],"picked":"Chaos","floor":29},{"not_picked":["Reprogram","Ball Lightning+1"],"picked":"Defragment","floor":31}],"player_experience":267631,"relics_obtained":[{"floor":9,"key":"Kunai"},{"floor":26,"key":"Cables"}],"event_choices":[{"event_name":"Scrap Ooze","player_choice":"success","floor":2,"damage_taken":12},{"event_name":"Big Fish","player_choice":"Donut","floor":3,"damage_taken":0},{"event_name":"Vampires","player_choice":"Ignored","floor":19,"damage_taken":0}],"boss_relics":[{"not_picked":["Runic Dome","Black Star"],"picked":"White Beast Statue"}],"items_purged_floors":[4,22,24],"is_endless":false,"potions_floor_spawned":[5,12,14,16,18,20,21,27,29,31],"killed_by":"Collector","ascension_level":0}