{"gold_per_floor":[109,123,123,142,142,142,174,174,197,261,278,278,36,36,36,36],"floor_reached":16,"playtime":702,"items_purged":["Strike_R"],"score":196,"play_id":"b626db13-d693-4c88-b83b-8e879241c83f","local_time":"20190320173256","is_ascension_mode":true,"campfire_choices":[{"data":"Headbutt","floor":6,"key":"SMITH"},{"data":"Rage","floor":8,"key":"SMITH"},{"data":"Iron Wave","floor":12,"key":"SMITH"},{"data":"Anger","floor":15,"key":"SMITH"}],"neow_cost":"PERCENT_DAMAGE","seed_source_timestamp":197779996372900,"circlet_count":0,"master_deck":["AscendersBane","Strike_R","Strike_R","Strike_R","Defend_R","Defend_R","Defend_R","Defend_R","Bash+1","Headbutt+1","Rage+1","Shrug It Off","Iron Wave+1","Shrug It Off","Anger+1"],"relics":["Burning Blood","Torii","Ancient Tea Set","Art of War","Smiling Mask","Oddly Smooth Stone","Golden Idol"],"potions_floor_usage":[7,7],"damage_taken":[{"damage":9,"enemies":"Jaw Worm","floor":1,"turns":4},{"damage":1,"enemies":"Cultist","floor":2,"turns":3},{"damage":2,"enemies":"Small Slimes","floor":4,"turns":5},{"damage":30,"enemies":"Gremlin Nob","floor":7,"turns":4},{"damage":14,"enemies":"3 Sentries","floor":10,"turns":12},{"damage":1,"enemies":"2 Fungi Beasts","floor":11,"turns":4},{"damage":29,"enemies":"Hexaghost","floor":16,"turns":9}],"seed_played":"-6678583180384208497","potions_obtained":[{"floor":1,"key":"SkillPotion"},{"floor":4,"key":"PowerPotion"},{"floor":11,"key":"Energy Potion"}],"is_trial":false,"path_per_floor":["M","M","?","M","?","R","E","R","T","?","M","R","$","?","R","B"],"character_chosen":"IRONCLAD","items_purchased":["Oddly Smooth Stone","Anger"],"campfire_rested":0,"item_purchase_floors":[13,13],"current_hp_per_floor":[47,52,52,56,56,56,32,32,32,24,29,29,29,29,29,0],"gold":36,"neow_bonus":"ONE_RARE_RELIC","is_prod":false,"is_daily":false,"chose_seed":false,"campfire_upgraded":4,"win_rate":0,"timestamp":1553092376,"path_taken":["M","M","?","?","?","R","E","R","T","?","M","R","$","?","R","BOSS"],"build_version":"2019-01-23","purchased_purges":1,"victory":false,"max_hp_per_floor":[75,75,75,75,75,75,75,75,75,75,75,75,75,68,68,68],"card_choices":[{"not_picked":["Blood for Blood","Rage"],"picked":"Headbutt","floor":1},{"not_picked":["Sentinel","Body Slam"],"picked":"Rage","floor":2},{"not_picked":["Sword Boomerang","Sentinel"],"picked":"Shrug It Off","floor":4},{"not_picked":["Wild Strike","Body Slam"],"picked":"Iron Wave","floor":7},{"not_picked":["Reckless Charge","Thunderclap"],"picked":"Shrug It Off","floor":10},{"not_picked":["Heavy Blade","Dark Embrace","Sword Boomerang"],"picked":"SKIP","floor":11}],"player_experience":963225,"relics_obtained":[{"floor":7,"key":"Ancient Tea Set"},{"floor":9,"key":"Art of War"},{"floor":10,"key":"Smiling Mask"}],"event_choices":[{"cards_removed":["Strike_R"],"damage_healed":0,"gold_gain":0,"player_choice":"Offered Basic","damage_taken":0,"max_hp_gain":0,"max_hp_loss":0,"event_name":"Bonfire Elementals","floor":3,"gold_loss":0},{"damage_healed":0,"gold_gain":0,"player_choice":"Grow","damage_taken":0,"max_hp_gain":0,"max_hp_loss":0,"event_name":"Living Wall","floor":5,"gold_loss":0,"cards_upgraded":["Bash"]},{"damage_healed":0,"gold_gain":30,"player_choice":"Searched \u00273\u0027 times","damage_taken":0,"max_hp_gain":0,"max_hp_loss":0,"event_name":"Dead Adventurer","floor":10,"gold_loss":0},{"damage_healed":0,"gold_gain":0,"player_choice":"Lose Max HP","damage_taken":0,"relics_obtained":["Golden Idol"],"max_hp_gain":0,"max_hp_loss":7,"event_name":"Golden Idol","floor":14,"gold_loss":0}],"is_beta":false,"boss_relics":[],"items_purged_floors":[13],"is_endless":false,"potions_floor_spawned":[1,4,11],"killed_by":"Hexaghost","ascension_level":20}