{"gold_per_floor":[116,116,129,129,129,129,28,28,28,62,80,80,104,104,104,200,200,214,239,47,47,66,66,66],"floor_reached":24,"playtime":1160,"items_purged":["Strike_B","Strike_B"],"score":427,"play_id":"b45f3a11-fe3e-45bd-89d3-e96551e48fc0","local_time":"20190414103111","is_ascension_mode":true,"campfire_choices":[{"data":"Zap","floor":6,"key":"SMITH"},{"data":"Dualcast","floor":8,"key":"SMITH"},{"data":"Go for the Eyes","floor":12,"key":"SMITH"},{"data":"Beam Cell","floor":15,"key":"SMITH"},{"floor":23,"key":"REST"}],"neow_cost":"NONE","seed_source_timestamp":530959832634900,"circlet_count":0,"master_deck":["AscendersBane","Defend_B","Defend_B","Defend_B","Defend_B","Zap+1","Dualcast+1","Gash","Streamline","Streamline","Beam Cell+1","Go for the Eyes+1","Conserve Battery","Reboot","Beam Cell","Undo","Discovery","Leap"],"relics":["Cracked Core","NeowsBlessing","Golden Idol","Question Card","Regal Pillow","Nuclear Battery"],"potions_floor_usage":[16,19,19,24],"damage_taken":[{"damage":0,"enemies":"Jaw Worm","floor":1,"turns":1},{"damage":0,"enemies":"2 Louse","floor":3,"turns":1},{"damage":0,"enemies":"Lagavulin","floor":10,"turns":1},{"damage":0,"enemies":"Cultist","floor":11,"turns":2},{"damage":7,"enemies":"Looter","floor":13,"turns":3},{"damage":66,"enemies":"Hexaghost","floor":16,"turns":11},{"damage":15,"enemies":"Shell Parasite","floor":18,"turns":5},{"damage":21,"enemies":"3 Byrds","floor":19,"turns":4},{"damage":12,"enemies":"Shelled Parasite and Fungi","floor":22,"turns":5},{"damage":41,"enemies":"Snecko","floor":24,"turns":9}],"seed_played":"-7667749726437367093","potions_obtained":[{"floor":1,"key":"EssenceOfSteel"},{"floor":13,"key":"Regen Potion"},{"floor":16,"key":"Fire Potion"},{"floor":18,"key":"SkillPotion"},{"floor":19,"key":"GamblersBrew"},{"floor":21,"key":"Energy Potion"}],"is_trial":false,"path_per_floor":["M","?","M","?","?","R","$","R","T","E","M","R","M","?","R","B",null,"M","M","$","?","M","R","M"],"character_chosen":"DEFECT","items_purchased":["Streamline","Discovery"],"campfire_rested":1,"item_purchase_floors":[7,20],"current_hp_per_floor":[64,64,64,57,57,57,57,57,57,57,57,57,50,55,55,1,52,37,16,16,16,4,39,0],"gold":66,"neow_bonus":"THREE_ENEMY_KILL","is_prod":false,"is_daily":false,"chose_seed":false,"campfire_upgraded":4,"win_rate":0,"timestamp":1555227071,"path_taken":["M","?","M","?","?","R","$","R","T","E","M","R","?","?","R","BOSS","M","M","$","?","?","R","M"],"build_version":"2019-01-23","purchased_purges":2,"victory":false,"max_hp_per_floor":[71,64,64,64,64,64,64,64,64,64,64,64,64,69,69,69,69,69,69,69,69,69,69,69],"card_choices":[{"not_picked":["Steam Power","Conserve Battery"],"picked":"Gash","floor":1},{"not_picked":["Rebound","Heatsinks"],"picked":"Streamline","floor":3},{"not_picked":["Coolheaded","Reboot","Auto Shields"],"picked":"Beam Cell","floor":10},{"not_picked":["Chaos","Reinforced Body","Static Discharge"],"picked":"Go for the Eyes","floor":11},{"not_picked":["Compile Driver","Recycle","Redo"],"picked":"Conserve Battery","floor":13},{"not_picked":["Thunder Strike","Amplify","Rainbow"],"picked":"Reboot","floor":16},{"not_picked":["Rip and Tear","Fusion","Streamline"],"picked":"Beam Cell","floor":18},{"not_picked":["Double Energy","Force Field","Hello World"],"picked":"Undo","floor":19},{"not_picked":["Streamline","Barrage","Sweeping Beam"],"picked":"Leap","floor":22}],"player_experience":1161370,"relics_obtained":[{"floor":9,"key":"Question Card"},{"floor":10,"key":"Regal Pillow"}],"event_choices":[{"damage_healed":0,"gold_gain":0,"player_choice":"Lose Max HP","damage_taken":0,"relics_obtained":["Golden Idol"],"max_hp_gain":0,"max_hp_loss":7,"event_name":"Golden Idol","floor":2,"gold_loss":0},{"cards_removed":["Strike_B"],"damage_healed":0,"gold_gain":0,"player_choice":"Card Removal","damage_taken":7,"max_hp_gain":0,"max_hp_loss":0,"event_name":"Golden Wing","floor":4,"gold_loss":0},{"cards_removed":["Strike_B"],"damage_healed":0,"gold_gain":0,"player_choice":"Offered Basic","damage_taken":0,"max_hp_gain":0,"max_hp_loss":0,"event_name":"Bonfire Elementals","floor":5,"gold_loss":0},{"damage_healed":0,"gold_gain":0,"player_choice":"Donut","damage_taken":0,"max_hp_gain":5,"max_hp_loss":0,"event_name":"Big Fish","floor":14,"gold_loss":0},{"damage_healed":0,"gold_gain":0,"player_choice":"Got Potions","damage_taken":0,"max_hp_gain":0,"max_hp_loss":0,"event_name":"Lab","floor":21,"gold_loss":0}],"is_beta":false,"boss_relics":[{"not_picked":["Calling Bell","Velvet Choker"],"picked":"Nuclear Battery"}],"items_purged_floors":[7,20],"is_endless":false,"potions_floor_spawned":[1,13,16,18,19],"killed_by":"Snecko","ascension_level":19}