{"gold_per_floor":[111,129,148,168,188,214,230,230,282,282,282,309,309,321,321,397,397,412,412,430,46,46,46,76,1,72,119,119,136,156,181,181,259,259,273,328,12,32,32,32,63,363,410,360,375,386,413,430,430,430,430,430,430,28,61,61],"floor_reached":57,"playtime":3169,"items_purged":["Strike_G","Strike_G+1","Strike_G+1","Riddle With Holes"],"score":3174,"play_id":"0af690b2-23c0-47ff-9e50-54b9c2f9ac06","local_time":"20190423135559","is_ascension_mode":true,"campfire_choices":[{"floor":8,"key":"REST"},{"floor":10,"key":"REST"},{"data":"Catalyst","floor":13,"key":"SMITH"},{"data":"Noxious Fumes","floor":15,"key":"SMITH"},{"floor":23,"key":"REST"},{"floor":28,"key":"RECALL"},{"floor":32,"key":"REST"},{"floor":40,"key":"REST"},{"floor":49,"key":"REST"},{"floor":53,"key":"REST"}],"neow_cost":"NONE","seed_source_timestamp":21846442536700,"circlet_count":0,"master_deck":["AscendersBane","Defend_G+1","Defend_G+1","Defend_G+1","Defend_G+1","Defend_G+1","Survivor","Neutralize","Bouncing Flask","Noxious Fumes+1","Catalyst+1","Dodge and Roll","Leg Sweep","Backflip+1","Calculated Gamble+1","Footwork","Corpse Explosion","Deadly Poison","Noxious Fumes","PiercingWail","Escape Plan","Leg Sweep","Doppelganger","Backflip","Acrobatics+1","Catalyst","PiercingWail","Bullet Time"],"relics":["Ring of the Snake","Boot","The Courier","Art of War","Smiling Mask","Fusion Hammer","War Paint","Regal Pillow","Sundial","Kunai","Bag of Preparation","Oddly Smooth Stone","Sozu","Thread and Needle","Calipers","Centennial Puzzle","Gambling Chip","Snake Skull","Pantograph","Bottled Flame"],"potions_floor_usage":[4,12,20,31,41,56],"damage_taken":[{"damage":4,"enemies":"Jaw Worm","floor":1,"turns":6},{"damage":4,"enemies":"Small Slimes","floor":2,"turns":3},{"damage":3,"enemies":"2 Louse","floor":3,"turns":4},{"damage":7,"enemies":"Exordium Thugs","floor":4,"turns":5},{"damage":4,"enemies":"Exordium Wildlife","floor":5,"turns":3},{"damage":30,"enemies":"Gremlin Nob","floor":6,"turns":4},{"damage":0,"enemies":"Looter","floor":7,"turns":3},{"damage":1,"enemies":"Lagavulin","floor":12,"turns":7},{"damage":22,"enemies":"Lots of Slimes","floor":14,"turns":7},{"damage":0,"enemies":"Hexaghost","floor":16,"turns":7},{"damage":1,"enemies":"2 Thieves","floor":18,"turns":5},{"damage":3,"enemies":"3 Byrds","floor":20,"turns":5},{"damage":16,"enemies":"Gremlin Leader","floor":24,"turns":6},{"damage":8,"enemies":"Snecko","floor":29,"turns":5},{"damage":0,"enemies":"3 Cultists","floor":30,"turns":4},{"damage":0,"enemies":"Book of Stabbing","floor":31,"turns":5},{"damage":0,"enemies":"Automaton","floor":33,"turns":8},{"damage":0,"enemies":"Orb Walker","floor":35,"turns":4},{"damage":44,"enemies":"2 Orb Walkers","floor":36,"turns":4},{"damage":0,"enemies":"3 Darklings","floor":38,"turns":6},{"damage":9,"enemies":"Reptomancer","floor":41,"turns":6},{"damage":0,"enemies":"Spire Growth","floor":45,"turns":6},{"damage":0,"enemies":"Writhing Mass","floor":46,"turns":6},{"damage":2,"enemies":"Nemesis","floor":47,"turns":5},{"damage":0,"enemies":"3 Darklings","floor":48,"turns":2},{"damage":0,"enemies":"Time Eater","floor":50,"turns":8},{"damage":0,"enemies":"Donu and Deca","floor":51,"turns":7},{"damage":24,"enemies":"Shield and Spear","floor":55,"turns":5},{"damage":64,"enemies":"The Heart","floor":56,"turns":7}],"seed_played":"-1021235478455481485","potions_obtained":[{"floor":1,"key":"GamblersBrew"},{"floor":3,"key":"SteroidPotion"},{"floor":7,"key":"Poison Potion"},{"floor":14,"key":"SkillPotion"},{"floor":20,"key":"Regen Potion"},{"floor":29,"key":"Ancient Potion"},{"floor":30,"key":"Swift Potion"},{"floor":31,"key":"EssenceOfSteel"}],"is_trial":false,"path_per_floor":["M","M","M","M","M","E","M","R","T","R","?","E","R","M","R","B",null,"M","?","M","$","?","R","E","?","T","T","R","M","M","E","R","B",null,"M","?","$","M","?","R","E","?","T","$","M","M","E","M","R","B","B",null,"R","$","E","B",null],"character_chosen":"THE_SILENT","items_purchased":["Noxious Fumes","War Paint","Regal Pillow","Calipers","Snake Skull","Pantograph"],"campfire_rested":7,"item_purchase_floors":[21,21,21,37,54,54],"current_hp_per_floor":[55,51,48,41,37,7,7,26,26,45,45,44,44,22,22,22,55,54,54,51,51,51,66,50,50,50,50,50,42,42,57,66,66,66,66,22,22,22,22,56,47,47,47,47,47,47,45,45,66,66,66,66,66,66,42,2],"gold":61,"neow_bonus":"RANDOM_COMMON_RELIC","is_prod":false,"is_daily":false,"chose_seed":false,"campfire_upgraded":2,"win_rate":0,"timestamp":1556016959,"path_taken":["M","M","M","M","M","E","M","R","T","R","?","E","R","M","R","BOSS","M","?","M","$","?","R","E","?","T","?","R","M","M","E","R","BOSS","M","?","$","M","?","R","E","?","T","$","M","M","E","?","R","BOSS","BOSS","R","$","E","BOSS"],"build_version":"2019-01-23","purchased_purges":4,"victory":true,"max_hp_per_floor":[66,66,66,66,66,66,66,66,66,66,66,66,66,66,66,66,66,66,66,66,66,66,66,66,66,66,66,66,66,66,66,66,66,66,66,66,66,66,66,66,66,66,66,66,66,66,66,66,66,66,66,66,66,66,66,66],"card_choices":[{"not_picked":["Setup","PiercingWail"],"picked":"Riddle With Holes","floor":1},{"not_picked":["Acrobatics","Terror"],"picked":"Bouncing Flask","floor":2},{"not_picked":["Outmaneuver","Slice"],"picked":"Noxious Fumes","floor":3},{"not_picked":["Outmaneuver","Terror"],"picked":"Catalyst","floor":4},{"not_picked":["Underhanded Strike","Concentrate"],"picked":"Dodge and Roll","floor":5},{"not_picked":["Tactician","Finisher"],"picked":"Leg Sweep","floor":6},{"not_picked":["Blur","Flying Knee"],"picked":"Backflip","floor":7},{"not_picked":["Storm of Steel","Bane"],"picked":"Calculated Gamble","floor":12},{"not_picked":["Deadly Poison","Crippling Poison"],"picked":"Footwork","floor":14},{"not_picked":["A Thousand Cuts","Grand Finale"],"picked":"Corpse Explosion","floor":16},{"not_picked":["Tactician","Infinite Blades"],"picked":"Deadly Poison","floor":18},{"not_picked":["Outmaneuver","Dagger Throw","Infinite Blades"],"picked":"SKIP","floor":20},{"not_picked":["Terror","All Out Attack","Sucker Punch"],"picked":"SKIP","floor":24},{"not_picked":["Backstab+1","Dagger Throw+1"],"picked":"PiercingWail","floor":29},{"not_picked":["Outmaneuver","Caltrops"],"picked":"Escape Plan","floor":30},{"not_picked":["Dagger Throw","Setup"],"picked":"Leg Sweep","floor":31},{"not_picked":["Storm of Steel","Grand Finale"],"picked":"Doppelganger","floor":33},{"not_picked":["Skewer+1","Slice+1","Eviscerate"],"picked":"SKIP","floor":35},{"not_picked":["Doppelganger","Setup","Dagger Spray"],"picked":"SKIP","floor":38},{"not_picked":["Finisher+1","Cloak And Dagger"],"picked":"Backflip","floor":41},{"not_picked":["Dagger Throw","Outmaneuver"],"picked":"Acrobatics+1","floor":45},{"not_picked":["A Thousand Cuts","Backflip+1"],"picked":"Catalyst","floor":46},{"not_picked":["Predator+1","Dagger Spray"],"picked":"PiercingWail","floor":47},{"not_picked":["Accuracy","Bane","Dagger Spray"],"picked":"SKIP","floor":48},{"not_picked":["Deadly Poison","Cloak And Dagger"],"picked":"Bullet Time","floor":55}],"player_experience":1227144,"relics_obtained":[{"floor":6,"key":"The Courier"},{"floor":9,"key":"Art of War"},{"floor":12,"key":"Smiling Mask"},{"floor":24,"key":"Sundial"},{"floor":26,"key":"Kunai"},{"floor":27,"key":"Bag of Preparation"},{"floor":31,"key":"Oddly Smooth Stone"},{"floor":36,"key":"Thread and Needle"},{"floor":41,"key":"Centennial Puzzle"},{"floor":47,"key":"Gambling Chip"},{"floor":55,"key":"Bottled Flame"}],"event_choices":[{"damage_healed":0,"gold_gain":0,"player_choice":"Fled","damage_taken":0,"max_hp_gain":0,"max_hp_loss":0,"event_name":"Scrap Ooze","floor":11,"gold_loss":0},{"damage_healed":0,"gold_gain":0,"player_choice":"Ignored","damage_taken":0,"max_hp_gain":0,"max_hp_loss":0,"event_name":"Vampires","floor":19,"gold_loss":0},{"damage_healed":0,"gold_gain":0,"player_choice":"Simplicity","damage_taken":0,"max_hp_gain":0,"max_hp_loss":0,"event_name":"Back to Basics","floor":22,"gold_loss":0,"cards_upgraded":["Defend_G","Defend_G","Defend_G","Defend_G","Defend_G","Strike_G","Strike_G","Strike_G","Strike_G"]},{"cards_removed":["Strike_G"],"damage_healed":0,"gold_gain":0,"player_choice":"Gave Gold","damage_taken":0,"max_hp_gain":0,"max_hp_loss":0,"event_name":"Beggar","floor":25,"gold_loss":75},{"damage_healed":0,"gold_gain":0,"player_choice":"Fight","damage_taken":0,"max_hp_gain":0,"max_hp_loss":0,"event_name":"Mysterious Sphere","floor":36,"gold_loss":0},{"cards_removed":["Strike_G"],"damage_healed":0,"gold_gain":0,"player_choice":"Removed Attack","damage_taken":0,"max_hp_gain":0,"max_hp_loss":0,"event_name":"Falling","floor":39,"gold_loss":0},{"damage_healed":0,"gold_gain":300,"player_choice":"Gold","damage_taken":0,"max_hp_gain":0,"max_hp_loss":0,"event_name":"Wheel of Change","floor":42,"gold_loss":0}],"is_beta":false,"boss_relics":[{"not_picked":["Ring of the Serpent","Runic Pyramid"],"picked":"Fusion Hammer"},{"not_picked":["Black Star","WristBlade"],"picked":"Sozu"}],"items_purged_floors":[21,37,44,54],"is_endless":false,"potions_floor_spawned":[1,3,7,14,16,20,29,30,31,36,41,48],"ascension_level":20}