{"gold_per_floor":[118,128,61,61,75,75,75,75,99,99,115,134,134,152,152,247,247,259,115,115,129,147,47,47,66,66,78,94,111,111,125,125,229,229,248,123,134,134,149,149,183,198,198,198,198,208,223,223],"floor_reached":48,"playtime":3678,"items_purged":["Strike_G","Strike_G","Strike_G+1"],"score":508,"play_id":"0ab18410-7af6-47d8-8b0d-84b9f7e50472","local_time":"20180911151656","is_ascension_mode":true,"campfire_choices":[{"data":"Blur","floor":6,"key":"SMITH"},{"data":"Dagger Throw","floor":8,"key":"SMITH"},{"data":"Caltrops","floor":10,"key":"SMITH"},{"data":"Deflect","floor":15,"key":"SMITH"},{"floor":30,"key":"REST"},{"floor":32,"key":"REST"},{"data":"Bouncing Flask","floor":40,"key":"SMITH"},{"floor":44,"key":"REST"}],"neow_cost":"NONE","seed_source_timestamp":18680774947478,"circlet_count":0,"master_deck":["Defend_G+1","Defend_G+1","Defend_G+1","Defend_G+1","Strike_G+1","Neutralize+1","Dagger Throw+1","Blur+1","Caltrops+1","Caltrops+1","Terror","Distraction","Deflect+1","Venomology","Bouncing Flask+1","Underhanded Strike","Calculated Gamble","Die Die Die","Tools of the Trade","Crippling Poison","Distraction+1","Blur","Bullet Time","Backflip+1","Underhanded Strike+1","Dodge and Roll+1","Secret Weapon","Caltrops+1","Prepared+1"],"relics":["Ring of the Snake","Happy Flower","Black Star","Pear","Orichalcum","PreservedInsect","Sundial"],"potions_floor_usage":[18,18,21,22,22,25,27,28,28,33,33,33,35,41,41,41,41,42,47,47],"damage_taken":[{"damage":1,"enemies":"2 Louse","floor":1,"turns":3},{"damage":0,"enemies":"Cultist","floor":2,"turns":3},{"damage":1,"enemies":"Jaw Worm","floor":5,"turns":5},{"damage":6,"enemies":"Exordium Wildlife","floor":11,"turns":4},{"damage":0,"enemies":"Large Slime","floor":12,"turns":4},{"damage":5,"enemies":"2 Fungi Beasts","floor":14,"turns":3},{"damage":33,"enemies":"The Guardian","floor":16,"turns":10},{"damage":14,"enemies":"Spheric Guardian","floor":18,"turns":6},{"damage":0,"enemies":"Chosen","floor":21,"turns":4},{"damage":13,"enemies":"Centurion and Healer","floor":22,"turns":8},{"damage":3,"enemies":"Chosen and Byrds","floor":25,"turns":6},{"damage":22,"enemies":"Shelled Parasite and Fungi","floor":27,"turns":4},{"damage":9,"enemies":"Snake Plant","floor":28,"turns":4},{"damage":9,"enemies":"Centurion and Healer","floor":29,"turns":9},{"damage":4,"enemies":"Chosen and Byrds","floor":31,"turns":5},{"damage":14,"enemies":"Champ","floor":33,"turns":21},{"damage":28,"enemies":"3 Darklings","floor":35,"turns":4},{"damage":2,"enemies":"Orb Walker","floor":37,"turns":7},{"damage":6,"enemies":"Maw","floor":39,"turns":10},{"damage":34,"enemies":"2 Orb Walkers","floor":41,"turns":6},{"damage":18,"enemies":"Spire Growth","floor":42,"turns":6},{"damage":23,"enemies":"Sphere and 2 Shapes","floor":46,"turns":6},{"damage":7,"enemies":"Reptomancer","floor":47,"turns":8},{"damage":6,"enemies":"Transient","floor":48,"turns":2}],"seed_played":"-2377282875667487818","potions_obtained":[{"floor":1,"key":"SpeedPotion"},{"floor":2,"key":"Poison Potion"},{"floor":12,"key":"Weak Potion"},{"floor":21,"key":"Weak Potion"},{"floor":27,"key":"Poison Potion"},{"floor":31,"key":"Block Potion"},{"floor":33,"key":"LiquidBronze"},{"floor":37,"key":"Fire Potion"},{"floor":41,"key":"FairyPotion"},{"floor":46,"key":"Fire Potion"}],"is_trial":false,"path_per_floor":["M","M","$","?","M","R","?","R","T","R","M","M","?","M","R","B",null,"M","$","?","M","M","$","?","M","T","M","M","M","R","M","R","B",null,"M","$","M","?","M","R","E","M","T","R","?","M","M"],"character_chosen":"THE_SILENT","items_purchased":["Caltrops","Bouncing Flask"],"campfire_rested":3,"item_purchase_floors":[3,19],"current_hp_per_floor":[69,69,69,74,73,73,73,73,73,73,67,67,67,62,62,29,75,61,61,61,61,48,48,48,45,55,33,24,15,40,36,61,62,85,57,57,55,55,49,49,15,8,8,33,33,10,3,0],"gold":223,"neow_bonus":"UPGRADE_CARD","is_prod":false,"is_daily":false,"chose_seed":false,"campfire_upgraded":5,"win_rate":0,"timestamp":1536646616,"path_taken":["M","M","$","?","M","R","?","R","T","R","M","?","?","M","R","BOSS","M","$","?","M","M","?","?","M","T","?","M","M","R","M","R","BOSS","M","$","M","?","?","R","E","M","T","R","?","M","M","?"],"build_version":"2018-09-06","purchased_purges":3,"victory":false,"max_hp_per_floor":[70,70,70,75,75,75,75,75,75,75,75,75,75,75,75,75,75,75,75,75,75,75,75,75,75,85,85,85,85,85,85,85,85,85,85,85,85,85,85,85,85,85,85,85,85,85,85,85],"card_choices":[{"not_picked":["Slice","Predator"],"picked":"Dagger Throw","floor":1},{"not_picked":["Backflip","All Out Attack"],"picked":"Blur","floor":2},{"not_picked":["Dodge and Roll","Adrenaline"],"picked":"Caltrops","floor":5},{"not_picked":["Bane","Prepared"],"picked":"Terror","floor":11},{"not_picked":["Tactician","Heel Hook"],"picked":"Distraction","floor":12},{"not_picked":["Tactician","Cloak And Dagger"],"picked":"Deflect","floor":14},{"not_picked":["Doppelganger","Die Die Die"],"picked":"Venomology","floor":16},{"not_picked":["Deadly Poison","Dagger Throw","Bane"],"picked":"SKIP","floor":18},{"not_picked":["Quick Slash","Poisoned Stab","Dagger Spray"],"picked":"SKIP","floor":21},{"not_picked":["Slice","Blade Dance+1","Cloak And Dagger"],"picked":"SKIP","floor":22},{"not_picked":["Flying Knee","Cloak And Dagger"],"picked":"Tools of the Trade","floor":25},{"not_picked":["Cloak And Dagger","Prepared"],"picked":"Crippling Poison","floor":27},{"not_picked":["Underhanded Strike","Bane"],"picked":"Distraction+1","floor":28},{"not_picked":["Flying Knee","Riddle With Holes","Endless Agony"],"picked":"SKIP","floor":29},{"not_picked":["Crippling Poison","Terror"],"picked":"Blur","floor":31},{"not_picked":["Unload","Phantasmal Killer"],"picked":"Bullet Time","floor":33},{"not_picked":["Reflex","Riddle With Holes+1"],"picked":"Backflip+1","floor":35},{"not_picked":["Bane","Infinite Blades","Poisoned Stab"],"picked":"SKIP","floor":37},{"not_picked":["PiercingWail","Terror"],"picked":"Underhanded Strike+1","floor":39},{"not_picked":["Venomology","Cloak And Dagger"],"picked":"Dodge and Roll+1","floor":41},{"not_picked":["Outmaneuver","PiercingWail","Deadly Poison"],"picked":"SKIP","floor":42},{"not_picked":["Transmutation","Dark Shackles"],"picked":"Secret Weapon","floor":45},{"not_picked":["Slice+1","Underhanded Strike+1"],"picked":"Caltrops+1","floor":46},{"not_picked":["Crippling Poison","Underhanded Strike+1"],"picked":"Prepared+1","floor":47}],"player_experience":248441,"relics_obtained":[{"floor":9,"key":"Happy Flower"},{"floor":26,"key":"Pear"},{"floor":41,"key":"Orichalcum"},{"floor":41,"key":"PreservedInsect"},{"floor":43,"key":"Sundial"}],"event_choices":[{"event_name":"Big Fish","player_choice":"Donut","floor":4,"damage_taken":0},{"event_name":"Accursed Blacksmith","player_choice":"Forge","floor":7,"damage_taken":0},{"event_name":"Living Wall","player_choice":"Grow","floor":13,"damage_taken":0},{"event_name":"Drug Dealer","player_choice":"Became Test Subject","floor":20,"damage_taken":0},{"event_name":"Back to Basics","player_choice":"Simplicity","floor":24,"damage_taken":0},{"event_name":"SecretPortal","player_choice":"Rejected Portal.","floor":38,"damage_taken":0},{"event_name":"SensoryStone","player_choice":"Memory 1","floor":45,"damage_taken":0}],"is_beta":false,"boss_relics":[{"not_picked":["Snecko Eye","Ectoplasm"],"picked":"Black Star"},{"not_picked":["WristBlade","Philosopher\u0027s Stone","Calling Bell"]}],"items_purged_floors":[19,23,36],"is_endless":false,"potions_floor_spawned":[1,2,12,21,22,25,27,31,33,37,41,46],"killed_by":"Transient","ascension_level":1}