{"gold_per_floor":[113,124,144,163,180,180,180,9,32,32,60,88,100,130,142,231,243,271,294,306,233,245],"floor_reached":22,"playtime":999,"items_purged":["Strike_R"],"score":376,"play_id":"2f6caf54-6797-458b-bb50-4c396586a4d8","local_time":"20191007111231","is_ascension_mode":true,"campfire_choices":[{"data":"Uppercut","floor":6,"key":"SMITH"},{"data":"Discovery","floor":10,"key":"SMITH"},{"data":"Clothesline","floor":13,"key":"SMITH"},{"data":"Armaments","floor":15,"key":"SMITH"}],"neow_cost":"NONE","seed_source_timestamp":902229908399100,"circlet_count":0,"master_deck":["AscendersBane","Strike_R","Strike_R","Strike_R","Strike_R","Defend_R","Defend_R","Defend_R","Defend_R","Bash+1","Uppercut+1","Pommel Strike","Armaments+1","Discovery+1","Clothesline+1","Impervious","Ghostly Armor","Offering","Entrench"],"relics":["Burning Blood","Red Skull","MawBank","Cursed Key","Nilry\u0027s Codex","Smiling Mask"],"potions_floor_usage":[5,12],"damage_taken":[{"damage":9,"enemies":"Jaw Worm","floor":1,"turns":4},{"damage":1,"enemies":"Cultist","floor":2,"turns":3},{"damage":15,"enemies":"2 Louse","floor":3,"turns":3},{"damage":17,"enemies":"Exordium Wildlife","floor":4,"turns":5},{"damage":8,"enemies":"3 Louse","floor":5,"turns":3},{"damage":22,"enemies":"Gremlin Nob","floor":11,"turns":4},{"damage":16,"enemies":"Exordium Thugs","floor":12,"turns":4},{"damage":4,"enemies":"2 Fungi Beasts","floor":14,"turns":2},{"damage":21,"enemies":"Hexaghost","floor":16,"turns":9},{"damage":42,"enemies":"3 Byrds","floor":18,"turns":8},{"damage":6,"enemies":"2 Thieves","floor":19,"turns":3},{"damage":18,"enemies":"Cultist and Chosen","floor":22,"turns":3}],"seed_played":"-7653294614459840360","potions_obtained":[{"floor":1,"key":"Energy Potion"},{"floor":4,"key":"SkillPotion"},{"floor":11,"key":"Strength Potion"}],"is_trial":false,"path_per_floor":["M","M","M","M","M","R","?","$","T","R","E","M","R","M","R","B",null,"M","M","?","?","M"],"character_chosen":"IRONCLAD","items_purchased":["Discovery"],"campfire_rested":0,"item_purchase_floors":[8],"current_hp_per_floor":[65,70,61,50,48,48,48,48,48,48,32,22,22,24,24,9,59,23,23,2,2,0],"gold":245,"neow_bonus":"UPGRADE_CARD","is_prod":false,"is_daily":false,"chose_seed":false,"campfire_upgraded":4,"win_rate":0,"timestamp":1570435951,"path_taken":["M","M","M","M","M","R","?","?","T","R","E","?","R","M","R","BOSS","M","M","?","?","M"],"build_version":"2019-07-17","purchased_purges":1,"victory":false,"max_hp_per_floor":[75,75,75,75,75,75,75,75,75,75,75,75,75,75,75,75,75,75,75,75,75,75],"card_choices":[{"not_picked":["Iron Wave","Sword Boomerang"],"picked":"Uppercut","floor":1},{"not_picked":["Clash","Flex","Rupture"],"picked":"SKIP","floor":2},{"not_picked":["Metallicize","Rupture","Fire Breathing"],"picked":"SKIP","floor":3},{"not_picked":["Sentinel","Thunderclap"],"picked":"Pommel Strike","floor":4},{"not_picked":["Intimidate","Body Slam"],"picked":"Armaments","floor":5},{"not_picked":["Heavy Blade","Thunderclap"],"picked":"Clothesline","floor":11},{"not_picked":["Headbutt","Perfected Strike"],"picked":"Impervious","floor":12},{"not_picked":["Carnage","Metallicize"],"picked":"Ghostly Armor","floor":14},{"not_picked":["Limit Break","Dark Embrace"],"picked":"Offering","floor":16},{"not_picked":["Clothesline","Rampage","Clash"],"picked":"SKIP","floor":18},{"not_picked":["Clothesline","Inflame"],"picked":"Entrench","floor":19}],"player_experience":1348390,"relics_obtained":[{"floor":9,"key":"Red Skull"},{"floor":11,"key":"MawBank"},{"floor":20,"key":"Nilry\u0027s Codex"}],"event_choices":[{"damage_healed":0,"gold_gain":0,"player_choice":"Ignored","damage_taken":0,"max_hp_gain":0,"max_hp_loss":0,"event_name":"Shining Light","floor":7,"gold_loss":0},{"damage_healed":0,"gold_gain":0,"player_choice":"Obtained Book","damage_taken":21,"max_hp_gain":0,"max_hp_loss":0,"event_name":"Cursed Tome","floor":20,"gold_loss":0},{"damage_healed":0,"gold_gain":0,"player_choice":"Obtained Relic","damage_taken":0,"relics_obtained":["Smiling Mask"],"max_hp_gain":0,"max_hp_loss":0,"event_name":"Addict","floor":21,"gold_loss":85}],"is_beta":false,"boss_relics":[{"not_picked":["White Beast Statue","Runic Cube"],"picked":"Cursed Key"}],"items_purged_floors":[8],"is_endless":false,"potions_floor_spawned":[1,4,11],"killed_by":"Cultist and Chosen","ascension_level":20}