{"gold_per_floor":[111,111,111,111,127,153,153,186,186,515,515,525,558,577,577,652,652,664,504,504,516,530,530,557,557,583,602,602,637,637,666,666,744,744,755,772,267,489,500,529,529,563,614,714,714,162,162,192,192,192,192,192,192,31,61,61],"floor_reached":57,"playtime":4543,"items_purged":["Bloodletting","Strike_R","Injury"],"score":2904,"play_id":"509489ba-fc0f-4ec7-b08b-45fd0ad3248c","local_time":"20190331120323","is_ascension_mode":true,"campfire_choices":[{"floor":7,"key":"REST"},{"data":"Corruption","floor":11,"key":"SMITH"},{"data":"Iron Wave","floor":15,"key":"SMITH"},{"data":"Shockwave","floor":23,"key":"SMITH"},{"data":"Whirlwind","floor":25,"key":"SMITH"},{"data":"Feel No Pain","floor":30,"key":"SMITH"},{"floor":32,"key":"REST"},{"floor":45,"key":"RECALL"},{"data":"Juggernaut","floor":49,"key":"SMITH"},{"data":"Jack Of All Trades","floor":53,"key":"SMITH"}],"neow_cost":"NONE","seed_source_timestamp":1124624091853100,"circlet_count":0,"master_deck":["AscendersBane","Strike_R+1","Strike_R+1","Strike_R+1","Defend_R","Defend_R","Defend_R","Defend_R","Bash","Headbutt+1","Shockwave+1","Pommel Strike","Headbutt","Corruption+1","Flame Barrier","Whirlwind+1","Iron Wave+1","Reaper","Uppercut+1","Feel No Pain+1","Battle Trance+1","Heavy Blade+1","True Grit","Clothesline","Exhume","Immolate","Inflame+1","Enlightenment","Shrug It Off","Juggernaut+1","Spot Weakness+1","True Grit","Corruption","Apotheosis","Jack Of All Trades+1","Mayhem","Flame Barrier+1"],"relics":["Burning Blood","Bag of Marbles","Self Forming Clay","Question Card","Sundial","Old Coin","Whetstone","Snecko Eye","PreservedInsect","Dream Catcher","Red Mask","Oddly Smooth Stone","Cursed Key","Gremlin Horn","Kunai","Lantern","Du-Vu Doll","Calipers","FossilizedHelix","Pen Nib","Happy Flower"],"potions_floor_usage":[6,16,24,56,56],"damage_taken":[{"damage":9,"enemies":"Small Slimes","floor":1,"turns":4},{"damage":9,"enemies":"Jaw Worm","floor":5,"turns":3},{"damage":24,"enemies":"Gremlin Nob","floor":6,"turns":4},{"damage":24,"enemies":"3 Sentries","floor":8,"turns":10},{"damage":6,"enemies":"Gremlin Nob","floor":10,"turns":3},{"damage":0,"enemies":"2 Louse","floor":12,"turns":2},{"damage":12,"enemies":"Lagavulin","floor":13,"turns":7},{"damage":7,"enemies":"Red Slaver","floor":14,"turns":4},{"damage":33,"enemies":"The Guardian","floor":16,"turns":12},{"damage":3,"enemies":"3 Byrds","floor":18,"turns":5},{"damage":0,"enemies":"Chosen","floor":21,"turns":2},{"damage":4,"enemies":"Centurion and Healer","floor":22,"turns":5},{"damage":38,"enemies":"Gremlin Leader","floor":24,"turns":9},{"damage":7,"enemies":"3 Cultists","floor":27,"turns":5},{"damage":0,"enemies":"Masked Bandits","floor":29,"turns":2},{"damage":21,"enemies":"Slavers","floor":31,"turns":4},{"damage":20,"enemies":"Automaton","floor":33,"turns":10},{"damage":0,"enemies":"3 Darklings","floor":35,"turns":2},{"damage":0,"enemies":"3 Shapes","floor":36,"turns":1},{"damage":0,"enemies":"Maw","floor":39,"turns":5},{"damage":8,"enemies":"Reptomancer","floor":40,"turns":4},{"damage":5,"enemies":"Giant Head","floor":42,"turns":5},{"damage":0,"enemies":"Mind Bloom Boss Battle","floor":44,"turns":3},{"damage":0,"enemies":"Nemesis","floor":48,"turns":5},{"damage":0,"enemies":"Awakened One","floor":50,"turns":6},{"damage":3,"enemies":"Time Eater","floor":51,"turns":9},{"damage":17,"enemies":"Shield and Spear","floor":55,"turns":5},{"damage":14,"enemies":"The Heart","floor":56,"turns":7}],"seed_played":"-3072363042806875030","potions_obtained":[{"floor":4,"key":"Regen Potion"},{"floor":4,"key":"SpeedPotion"},{"floor":8,"key":"Explosive Potion"},{"floor":14,"key":"PowerPotion"},{"floor":21,"key":"Weak Potion"},{"floor":24,"key":"Weak Potion"},{"floor":27,"key":"Ancient Potion"}],"is_trial":false,"path_per_floor":["M","?","?","?","M","E","R","E","T","E","R","M","E","M","R","B",null,"M","$","?","M","M","R","E","R","T","M","?","?","R","E","R","B",null,"M","M","$","?","M","E","?","E","T","?","R","$","?","E","R","B","B",null,"R","$","E","B",null],"character_chosen":"IRONCLAD","items_purchased":["Feel No Pain","Enlightenment","Shrug It Off","Gremlin Horn","Calipers","True Grit","Corruption","Pen Nib"],"campfire_rested":2,"item_purchase_floors":[19,37,37,37,46,46,46,54],"current_hp_per_floor":[65,65,42,42,39,33,55,37,37,37,37,43,37,36,36,9,59,66,66,66,72,75,75,57,57,57,62,41,47,47,32,56,48,72,78,80,80,80,80,78,76,76,76,76,76,76,66,76,76,76,76,76,76,76,76,76],"gold":61,"neow_bonus":"RANDOM_COMMON_RELIC","is_prod":false,"is_daily":false,"chose_seed":false,"campfire_upgraded":7,"win_rate":0,"timestamp":1554023003,"path_taken":["M","?","?","?","M","E","R","E","T","E","R","M","E","?","R","BOSS","M","$","?","?","M","R","E","R","T","M","?","?","R","E","R","BOSS","M","M","$","?","M","E","?","E","T","?","R","$","?","E","R","BOSS","BOSS","R","$","E","BOSS"],"build_version":"2019-01-23","purchased_purges":3,"victory":true,"max_hp_per_floor":[75,75,75,75,75,75,75,75,75,75,75,75,75,75,75,75,75,75,75,75,75,75,75,75,75,75,75,80,80,80,80,80,80,80,80,80,80,80,80,80,76,76,76,76,76,76,76,76,76,76,76,76,76,76,76,76],"card_choices":[{"not_picked":["True Grit","Warcry"],"picked":"Headbutt","floor":1},{"not_picked":["Clash","Heavy Blade"],"picked":"Pommel Strike","floor":5},{"not_picked":["Clothesline","Sword Boomerang"],"picked":"Headbutt","floor":6},{"not_picked":["Blood for Blood","Cleave"],"picked":"Corruption","floor":8},{"not_picked":["Rage","Pommel Strike","Cleave"],"picked":"Flame Barrier","floor":10},{"not_picked":["Shockwave","Intimidate","Offering"],"picked":"Whirlwind","floor":12},{"not_picked":["Pommel Strike","Whirlwind","Cleave"],"picked":"Bloodletting","floor":13},{"not_picked":["Perfected Strike","Havoc","Combust"],"picked":"Iron Wave","floor":14},{"not_picked":["Bludgeon","Fiend Fire","Double Tap"],"picked":"Reaper","floor":16},{"not_picked":["Havoc","Pommel Strike+1","Shrug It Off"],"picked":"Uppercut","floor":18},{"not_picked":["Uppercut","Thunderclap","Burning Pact"],"picked":"Battle Trance+1","floor":21},{"not_picked":["Thunderclap","Anger","Clash"],"picked":"Heavy Blade+1","floor":22},{"not_picked":["Seeing Red","Thunderclap","Berserk"],"picked":"True Grit","floor":24},{"not_picked":["True Grit","Whirlwind","Twin Strike","Flex"],"picked":"SKIP","floor":27},{"not_picked":["Sever Soul","Combust","Reckless Charge"],"picked":"Clothesline","floor":29},{"not_picked":["Bloodletting","Thunderclap","Berserk"],"picked":"Exhume","floor":31},{"not_picked":["Reaper","Impervious","Barricade"],"picked":"Immolate","floor":33},{"not_picked":["Clothesline+1","Blood for Blood","Thunderclap","Heavy Blade"],"picked":"SKIP","floor":35},{"not_picked":["Iron Wave","Headbutt","Havoc"],"picked":"Inflame+1","floor":36},{"not_picked":["Inflame+1","Headbutt","Metallicize+1","Havoc"],"picked":"SKIP","floor":39},{"not_picked":["Inflame+1","Headbutt","Metallicize+1","Havoc"],"picked":"SKIP","floor":39},{"not_picked":["Clothesline","Power Through","True Grit"],"picked":"Juggernaut","floor":40},{"not_picked":["Sword Boomerang","Wild Strike+1","Havoc","Feed"],"picked":"SKIP","floor":42},{"not_picked":["Whirlwind","Uppercut","Rampage"],"picked":"Spot Weakness+1","floor":44},{"not_picked":["Mayhem","Mind Blast","Flash of Steel"],"picked":"Apotheosis","floor":47},{"not_picked":["Violence","Thinking Ahead","Dramatic Entrance"],"picked":"Jack Of All Trades","floor":47},{"not_picked":["Secret Technique","Mind Blast","Panacea"],"picked":"Mayhem","floor":47},{"not_picked":["Carnage","Reckless Charge","Ghostly Armor"],"picked":"Flame Barrier+1","floor":48},{"not_picked":["Power Through+1","Thunderclap","Cleave","Pommel Strike"],"picked":"SKIP","floor":55}],"player_experience":1074279,"relics_obtained":[{"floor":6,"key":"Self Forming Clay"},{"floor":8,"key":"Question Card"},{"floor":9,"key":"Sundial"},{"floor":10,"key":"Old Coin"},{"floor":13,"key":"Whetstone"},{"floor":24,"key":"PreservedInsect"},{"floor":26,"key":"Dream Catcher"},{"floor":29,"key":"Red Mask"},{"floor":31,"key":"Oddly Smooth Stone"},{"floor":40,"key":"Kunai"},{"floor":42,"key":"Lantern"},{"floor":44,"key":"Du-Vu Doll"},{"floor":48,"key":"FossilizedHelix"},{"floor":55,"key":"Happy Flower"}],"event_choices":[{"damage_healed":0,"gold_gain":0,"cards_transformed":["Strike_R"],"player_choice":"Change","damage_taken":0,"max_hp_gain":0,"max_hp_loss":0,"event_name":"Living Wall","floor":2,"gold_loss":0,"cards_obtained":["Shockwave"]},{"damage_healed":0,"gold_gain":0,"player_choice":"Entered Light","damage_taken":23,"max_hp_gain":0,"max_hp_loss":0,"event_name":"Shining Light","floor":3,"gold_loss":0,"cards_upgraded":["Strike_R","Strike_R"]},{"damage_healed":0,"gold_gain":0,"player_choice":"Got Potions","damage_taken":0,"max_hp_gain":0,"max_hp_loss":0,"event_name":"Lab","floor":4,"gold_loss":0},{"damage_healed":0,"gold_gain":0,"player_choice":"Forge","damage_taken":0,"max_hp_gain":0,"max_hp_loss":0,"event_name":"Accursed Blacksmith","floor":20,"gold_loss":0,"cards_upgraded":["Uppercut"]},{"damage_healed":0,"gold_gain":0,"player_choice":"Shed Blood","damage_taken":26,"max_hp_gain":5,"max_hp_loss":0,"event_name":"Forgotten Altar","floor":28,"gold_loss":0},{"damage_healed":0,"gold_gain":0,"player_choice":"Fought Bandits","damage_taken":0,"max_hp_gain":0,"max_hp_loss":0,"event_name":"Masked Bandits","floor":29,"gold_loss":0},{"damage_healed":0,"gold_gain":222,"player_choice":"Wore Mask","damage_taken":0,"max_hp_gain":0,"max_hp_loss":0,"event_name":"Tomb of Lord Red Mask","floor":38,"gold_loss":0},{"damage_healed":0,"gold_gain":0,"player_choice":"Max HP","damage_taken":0,"max_hp_gain":0,"max_hp_loss":4,"event_name":"Winding Halls","floor":41,"gold_loss":0},{"damage_healed":0,"gold_gain":0,"player_choice":"Fight","damage_taken":0,"max_hp_gain":0,"max_hp_loss":0,"event_name":"MindBloom","floor":44,"gold_loss":0},{"damage_healed":0,"gold_gain":0,"player_choice":"Memory 3","damage_taken":10,"max_hp_gain":0,"max_hp_loss":0,"event_name":"SensoryStone","floor":47,"gold_loss":0}],"is_beta":false,"boss_relics":[{"not_picked":["Velvet Choker","Mark of Pain"],"picked":"Snecko Eye"},{"not_picked":["Tiny House","White Beast Statue"],"picked":"Cursed Key"}],"items_purged_floors":[19,37,46],"is_endless":false,"potions_floor_spawned":[8,10,13,14,21,24,27,33,35,36,42],"ascension_level":20}