{"gold_per_floor":[115,40,57,73,73,73,106,125,125,138,170,150,150,170,170,244,244,261,273,188,202,202,202,233,233,233,233,252,8,27,60,60,137,137,156,156,56,75,85,85,101,101,155,155,189,199,217,107,107,107],"floor_reached":51,"playtime":4723,"items_purged":["Parasite","Strike_G","Strike_G"],"score":1349,"play_id":"97f3a3b6-acf9-45a1-afef-b7a885bc4baa","local_time":"20190813153644","is_ascension_mode":true,"campfire_choices":[{"data":"Cloak And Dagger","floor":6,"key":"SMITH"},{"data":"Malaise","floor":13,"key":"SMITH"},{"floor":15,"key":"REST"},{"floor":23,"key":"REST"},{"data":"Doppelganger","floor":25,"key":"SMITH"},{"floor":27,"key":"REST"},{"floor":32,"key":"REST"},{"floor":40,"key":"REST"},{"data":"Cloak And Dagger","floor":42,"key":"SMITH"},{"floor":49,"key":"REST"}],"neow_cost":"CURSE","seed_source_timestamp":19130713213743,"circlet_count":0,"master_deck":["AscendersBane","Strike_G","Strike_G","Defend_G","Defend_G","Defend_G","Defend_G","Defend_G","Survivor","Neutralize","All Out Attack","Cloak And Dagger+1","Dash+1","Malaise+1","Riddle With Holes","Flying Knee","Deflect","Backflip","Doppelganger+1","Blade Dance+1","Slice","Escape Plan+1","PiercingWail+1","Backstab","Noxious Fumes","Leg Sweep","Cloak And Dagger+1","Crippling Poison","Corpse Explosion","Flying Knee+1","Acrobatics+1","Parasite","Accuracy","Backflip+1"],"relics":["Ring of the Snake","Regal Pillow","Bottled Lightning","Kunai","Philosopher\u0027s Stone","Pen Nib","Sundial","Bag of Preparation","The Courier","Calipers","Busted Crown","Lantern","Pear"],"potions_floor_usage":[10,14,16,19,24,31,45,46,50,50],"damage_taken":[{"damage":18,"enemies":"Jaw Worm","floor":1,"turns":9},{"damage":0,"enemies":"2 Louse","floor":3,"turns":3},{"damage":0,"enemies":"Cultist","floor":4,"turns":4},{"damage":10,"enemies":"3 Sentries","floor":7,"turns":10},{"damage":0,"enemies":"2 Fungi Beasts","floor":8,"turns":5},{"damage":5,"enemies":"Exordium Wildlife","floor":10,"turns":6},{"damage":22,"enemies":"Lagavulin","floor":11,"turns":9},{"damage":17,"enemies":"Exordium Thugs","floor":14,"turns":6},{"damage":9,"enemies":"Hexaghost","floor":16,"turns":16},{"damage":7,"enemies":"Chosen","floor":18,"turns":8},{"damage":27,"enemies":"3 Byrds","floor":19,"turns":7},{"damage":27,"enemies":"Sentry and Sphere","floor":21,"turns":6},{"damage":23,"enemies":"Slavers","floor":24,"turns":6},{"damage":10,"enemies":"3 Cultists","floor":28,"turns":6},{"damage":17,"enemies":"Chosen and Byrds","floor":30,"turns":6},{"damage":17,"enemies":"Gremlin Leader","floor":31,"turns":9},{"damage":0,"enemies":"Automaton","floor":33,"turns":15},{"damage":0,"enemies":"Orb Walker","floor":35,"turns":4},{"damage":18,"enemies":"3 Darklings","floor":38,"turns":4},{"damage":14,"enemies":"Maw","floor":39,"turns":10},{"damage":38,"enemies":"Spire Growth","floor":41,"turns":8},{"damage":26,"enemies":"Giant Head","floor":45,"turns":12},{"damage":15,"enemies":"Writhing Mass","floor":46,"turns":9},{"damage":0,"enemies":"4 Shapes","floor":47,"turns":4},{"damage":23,"enemies":"Time Eater","floor":50,"turns":23}],"seed_played":"-121157456966672365","potions_obtained":[{"floor":1,"key":"Poison Potion"},{"floor":7,"key":"LiquidBronze"},{"floor":11,"key":"GamblersBrew"},{"floor":12,"key":"Regen Potion"},{"floor":16,"key":"EssenceOfSteel"},{"floor":18,"key":"Strength Potion"},{"floor":21,"key":"GamblersBrew"},{"floor":31,"key":"Ancient Potion"},{"floor":33,"key":"Fruit Juice"},{"floor":45,"key":"SkillPotion"},{"floor":46,"key":"FearPotion"}],"is_trial":false,"path_per_floor":["M","$","M","M","?","R","E","M","T","M","E","?","R","M","R","B",null,"M","M","?","M","T","R","E","R","T","R","M","$","M","E","R","B",null,"M","?","$","M","M","R","M","R","T","?","E","M","M","?","R","B",null],"character_chosen":"THE_SILENT","items_purchased":["Noxious Fumes","Leg Sweep","Dexterity Potion"],"campfire_rested":6,"item_purchase_floors":[29,29,29],"current_hp_per_floor":[53,53,53,53,53,53,43,43,43,38,16,16,16,13,50,41,67,60,33,33,6,6,43,20,20,20,57,47,47,30,13,50,50,69,69,69,69,51,37,71,33,33,33,58,47,32,32,32,68,45],"gold":107,"neow_bonus":"TWENTY_PERCENT_HP_BONUS","is_prod":false,"is_daily":false,"chose_seed":false,"campfire_upgraded":4,"win_rate":0,"timestamp":1565703404,"path_taken":["M","$","M","M","?","R","E","M","T","M","E","?","R","M","R","BOSS","M","?","?","M","?","R","E","R","T","R","M","$","M","E","R","BOSS","M","?","$","M","M","R","M","R","T","?","E","M","?","?","R","BOSS"],"build_version":"2019-07-17","purchased_purges":3,"victory":true,"max_hp_per_floor":[78,75,75,75,75,75,75,75,75,75,75,75,75,75,75,75,75,75,75,75,75,75,75,75,75,75,75,75,75,75,75,75,75,75,75,71,71,71,71,71,71,71,71,58,73,73,73,73,73,73],"card_choices":[{"not_picked":["Caltrops","Tactician"],"picked":"All Out Attack","floor":1},{"not_picked":["Well Laid Plans","Catalyst"],"picked":"Cloak And Dagger","floor":3},{"not_picked":["Distraction","Sucker Punch"],"picked":"Dash","floor":4},{"not_picked":["Underhanded Strike","Deadly Poison"],"picked":"Malaise","floor":7},{"not_picked":["PiercingWail","Reflex"],"picked":"Riddle With Holes","floor":8},{"not_picked":["Blade Dance","Flechettes"],"picked":"Flying Knee","floor":10},{"not_picked":["Acrobatics","Accuracy"],"picked":"Deflect","floor":11},{"not_picked":["Tactician","Reflex"],"picked":"Backflip","floor":14},{"not_picked":["Bullet Time","Phantasmal Killer"],"picked":"Doppelganger","floor":16},{"not_picked":["All Out Attack","Underhanded Strike"],"picked":"Blade Dance+1","floor":18},{"not_picked":["Backflip","Quick Slash"],"picked":"Slice","floor":19},{"not_picked":["Backflip","Slice"],"picked":"Escape Plan+1","floor":21},{"not_picked":["Riddle With Holes","Sucker Punch"],"picked":"PiercingWail","floor":24},{"not_picked":["Bane","Riddle With Holes"],"picked":"Backstab","floor":28},{"not_picked":["Bane","Finisher"],"picked":"Cloak And Dagger","floor":30},{"not_picked":["PiercingWail","Doppelganger"],"picked":"Crippling Poison","floor":31},{"not_picked":["Grand Finale","Venomology"],"picked":"Corpse Explosion","floor":33},{"not_picked":[],"picked":"Flying Knee+1","floor":35},{"not_picked":["Leg Sweep"],"picked":"SKIP","floor":38},{"not_picked":[],"picked":"Acrobatics+1","floor":39},{"not_picked":["Dodge and Roll"],"picked":"SKIP","floor":41},{"not_picked":["Concentrate"],"picked":"SKIP","floor":45},{"not_picked":[],"picked":"Accuracy","floor":46},{"not_picked":[],"picked":"Backflip+1","floor":47}],"player_experience":865591,"relics_obtained":[{"floor":7,"key":"Regal Pillow"},{"floor":9,"key":"Bottled Lightning"},{"floor":11,"key":"Kunai"},{"floor":22,"key":"Sundial"},{"floor":24,"key":"Bag of Preparation"},{"floor":26,"key":"The Courier"},{"floor":31,"key":"Calipers"},{"floor":43,"key":"Lantern"},{"floor":45,"key":"Pear"}],"event_choices":[{"damage_healed":0,"gold_gain":0,"player_choice":"Grow","damage_taken":0,"max_hp_gain":0,"max_hp_loss":0,"event_name":"Living Wall","floor":5,"gold_loss":0,"cards_upgraded":["Dash"]},{"damage_healed":0,"gold_gain":0,"player_choice":"Bought 1 Potion","damage_taken":0,"max_hp_gain":0,"max_hp_loss":0,"event_name":"The Woman in Blue","floor":12,"gold_loss":0},{"damage_healed":0,"gold_gain":0,"player_choice":"Obtained Relic","damage_taken":0,"relics_obtained":["Pen Nib"],"max_hp_gain":0,"max_hp_loss":0,"event_name":"Addict","floor":20,"gold_loss":85},{"damage_healed":0,"gold_gain":0,"player_choice":"Max HP","damage_taken":0,"max_hp_gain":0,"max_hp_loss":4,"event_name":"Winding Halls","floor":36,"gold_loss":0},{"damage_healed":58,"gold_gain":0,"player_choice":"Heal","damage_taken":0,"max_hp_gain":0,"max_hp_loss":13,"event_name":"The Moai Head","floor":44,"gold_loss":0},{"cards_removed":["Strike_G"],"damage_healed":0,"gold_gain":0,"player_choice":"Upgrade and Remove","damage_taken":0,"max_hp_gain":0,"max_hp_loss":0,"event_name":"Designer","floor":48,"gold_loss":110,"cards_upgraded":["PiercingWail"]}],"is_beta":false,"boss_relics":[{"not_picked":["Pandora\u0027s Box","WristBlade"],"picked":"Philosopher\u0027s Stone"},{"not_picked":["Calling Bell","Lizard Tail"],"picked":"Busted Crown"}],"items_purged_floors":[2,29,37],"is_endless":false,"potions_floor_spawned":[1,7,8,11,16,18,21,30,31,33,38,45,46],"ascension_level":17}