{"gold_per_floor":[110,129,144,38,38,82,47,88,88,88],"floor_reached":10,"playtime":412,"items_purged":[],"score":152,"play_id":"e899c51f-9182-4484-9240-8649b09e324e","local_time":"20190325131035","is_ascension_mode":true,"campfire_choices":[],"neow_cost":"TEN_PERCENT_HP_LOSS","seed_source_timestamp":614365855776900,"circlet_count":0,"master_deck":["AscendersBane","Strike_R","Strike_R","Strike_R","Strike_R","Strike_R","Defend_R","Defend_R","Defend_R","Defend_R","Bash","Madness","Blind","Carnage","Iron Wave","Mind Blast","Anger","Headbutt"],"relics":["Burning Blood","Golden Idol","Kunai","Mummified Hand","Pear"],"potions_floor_usage":[8],"damage_taken":[{"damage":5,"enemies":"Small Slimes","floor":1,"turns":3},{"damage":3,"enemies":"2 Louse","floor":2,"turns":3},{"damage":4,"enemies":"Cultist","floor":3,"turns":3},{"damage":45,"enemies":"Gremlin Nob","floor":6,"turns":5},{"damage":32,"enemies":"3 Sentries","floor":8,"turns":8},{"damage":32,"enemies":"Gremlin Nob","floor":10,"turns":3}],"seed_played":"-4104247549579583871","potions_obtained":[{"floor":3,"key":"Strength Potion"}],"is_trial":false,"path_per_floor":["M","M","M","$","?","E","?","E","T","E"],"character_chosen":"IRONCLAD","items_purchased":["Mind Blast"],"campfire_rested":0,"item_purchase_floors":[4],"current_hp_per_floor":[68,68,68,68,62,23,38,12,22,0],"gold":88,"neow_bonus":"RANDOM_COLORLESS_2","is_prod":false,"is_daily":false,"chose_seed":false,"campfire_upgraded":0,"win_rate":0,"timestamp":1553508635,"path_taken":["M","M","M","$","?","E","?","E","T","E"],"build_version":"2019-01-23","purchased_purges":0,"victory":false,"max_hp_per_floor":[68,68,68,68,62,62,62,62,72,72],"card_choices":[{"not_picked":["Shrug It Off","Dropkick"],"picked":"Carnage","floor":1},{"not_picked":["Havoc","Body Slam"],"picked":"Iron Wave","floor":2},{"not_picked":["Havoc","Dual Wield","Fire Breathing"],"picked":"SKIP","floor":3},{"not_picked":["Shockwave","Iron Wave"],"picked":"Anger","floor":6},{"not_picked":["Bludgeon","Body Slam"],"picked":"Headbutt","floor":8}],"player_experience":1017062,"relics_obtained":[{"floor":6,"key":"Kunai"},{"floor":8,"key":"Mummified Hand"},{"floor":9,"key":"Pear"}],"event_choices":[{"damage_healed":0,"gold_gain":0,"player_choice":"Lose Max HP","damage_taken":0,"relics_obtained":["Golden Idol"],"max_hp_gain":0,"max_hp_loss":6,"event_name":"Golden Idol","floor":5,"gold_loss":0},{"damage_healed":15,"gold_gain":0,"player_choice":"Healed","damage_taken":0,"max_hp_gain":0,"max_hp_loss":0,"event_name":"The Cleric","floor":7,"gold_loss":35}],"is_beta":false,"boss_relics":[],"items_purged_floors":[],"is_endless":false,"potions_floor_spawned":[3],"killed_by":"Gremlin Nob","ascension_level":20}