{"gold_per_floor":[117,137,151,178,190,190,209,229,282,292,310,310,324,324,324,419,419,435,450,41,60,73,73,86,99,124,134,146,146,161,181,181,279,279,298,318,318,73,90,90],"floor_reached":40,"playtime":2127,"items_purged":["Defend_B"],"score":630,"play_id":"d3cba452-c577-4f66-b493-238c3a488c8e","local_time":"20180817011926","is_ascension_mode":true,"campfire_choices":[{"data":"Glacier","floor":6.0,"key":"SMITH"},{"data":"Go for the Eyes","floor":12.0,"key":"SMITH"},{"floor":15.0,"key":"REST"},{"data":"Apotheosis","floor":23.0,"key":"SMITH"},{"floor":29.0,"key":"REST"},{"floor":32.0,"key":"REST"}],"neow_cost":"NONE","seed_source_timestamp":127763898944381,"circlet_count":0,"master_deck":["Defend_B","Defend_B","Dualcast","AscendersBane","Core Surge","Glacier+1","Self Repair","Leap","Ball Lightning","Go for the Eyes+1","Static Discharge","Conserve Battery","Sweeping Beam","Sweeping Beam","Electrodynamics","Doom and Gloom+1","Storm+1","Double Energy+1","Ball Lightning","Apotheosis+1","Conserve Battery","White Noise","Storm","Machine Learning","Self Repair","Echo Form","Force Field+1","Static Discharge","Static Discharge","Conserve Battery"],"special_seed":0,"relics":["Cracked Core","Happy Flower","Dream Catcher","Astrolabe","Anchor","Boot","Empty Cage","Bag of Preparation"],"potions_floor_usage":[],"damage_taken":[{"damage":1.0,"enemies":"Cultist","floor":1.0,"turns":3.0},{"damage":12.0,"enemies":"Jaw Worm","floor":2.0,"turns":3.0},{"damage":6.0,"enemies":"Small Slimes","floor":3.0,"turns":3.0},{"damage":3.0,"enemies":"Blue Slaver","floor":5.0,"turns":4.0},{"damage":7.0,"enemies":"Large Slime","floor":7.0,"turns":5.0},{"damage":19.0,"enemies":"Gremlin Gang","floor":8.0,"turns":5.0},{"damage":8.0,"enemies":"Blue Slaver","floor":10.0,"turns":4.0},{"damage":7.0,"enemies":"3 Louse","floor":11.0,"turns":3.0},{"damage":13.0,"enemies":"Gremlin Gang","floor":13.0,"turns":6.0},{"damage":43.0,"enemies":"Hexaghost","floor":16.0,"turns":13.0},{"damage":3.0,"enemies":"Chosen","floor":18.0,"turns":4.0},{"damage":4.0,"enemies":"Spheric Guardian","floor":19.0,"turns":3.0},{"damage":12.0,"enemies":"Snake Plant","floor":21.0,"turns":4.0},{"damage":16.0,"enemies":"Centurion and Healer","floor":22.0,"turns":6.0},{"damage":18.0,"enemies":"3 Cultists","floor":24.0,"turns":4.0},{"damage":0.0,"enemies":"Sentry and Sphere","floor":25.0,"turns":4.0},{"damage":10.0,"enemies":"Centurion and Healer","floor":27.0,"turns":3.0},{"damage":2.0,"enemies":"Cultist and Chosen","floor":28.0,"turns":3.0},{"damage":6.0,"enemies":"Snake Plant","floor":30.0,"turns":4.0},{"damage":20.0,"enemies":"Centurion and Healer","floor":31.0,"turns":4.0},{"damage":50.0,"enemies":"Champ","floor":33.0,"turns":10.0},{"damage":12,"enemies":"3 Shapes","floor":35,"turns":3},{"damage":19,"enemies":"Flame Bruiser 1 Orb","floor":36,"turns":6},{"damage":18,"enemies":"4 Shapes","floor":39,"turns":5},{"damage":57,"enemies":"2 Orb Walkers","floor":40,"turns":3}],"seed_played":"6172860911308050855","potions_obtained":[{"floor":2.0,"key":"Block Potion"},{"floor":8.0,"key":"Dexterity Potion"},{"floor":10.0,"key":"Regen Potion"},{"floor":13.0,"key":"Ancient Potion"},{"floor":21.0,"key":"SpeedPotion"},{"floor":25.0,"key":"Explosive Potion"},{"floor":28.0,"key":"AttackPotion"},{"floor":36,"key":"Explosive Potion"}],"is_trial":false,"path_per_floor":["M","M","M","T","M","R","M","M","T","M","M","R","M","?","R","B",null,"M","M","$","M","M","R","M","M","T","M","M","R","M","M","R","B",null,"M","M","?","$","M"],"character_chosen":"DEFECT","items_purchased":["Anchor","Apotheosis","Static Discharge","Bag of Preparation","Conserve Battery"],"campfire_rested":3,"item_purchase_floors":[20,20,38,38,38],"current_hp_per_floor":[67,55,56,56,60,60,60,48,48,47,47,47,46,46,68,32,64,68,71,71,69,60,60,52,52,52,49,47,69,73,53,75,45,68,56,57,57,57,49,0],"gold":90,"neow_bonus":"ONE_RANDOM_RARE_CARD","is_prod":false,"is_daily":false,"chose_seed":false,"campfire_upgraded":3,"win_rate":0,"timestamp":1534436366,"path_taken":["M","?","M","?","M","R","?","M","T","M","M","R","M","?","R","BOSS","M","M","?","M","M","R","M","M","T","M","M","R","M","M","R","BOSS","M","M","?","$","M","E"],"build_version":"2018-08-09","purchased_purges":1,"victory":false,"max_hp_per_floor":[75,75,75,75,75,75,75,75,75,75,75,75,75,75,75,75,75,75,75,75,75,75,75,75,75,75,75,75,75,75,75,75,75,75,75,75,75,75,75,75],"card_choices":[{"not_picked":["Stack","Rip and Tear"],"picked":"Glacier","floor":1.0},{"not_picked":["Turbo","Undo"],"picked":"Self Repair","floor":2.0},{"not_picked":["Stack","Compile Driver"],"picked":"Leap","floor":3.0},{"not_picked":["Heatsinks","Glacier"],"picked":"Ball Lightning","floor":5.0},{"not_picked":["Sweeping Beam","Redo"],"picked":"Go for the Eyes","floor":7.0},{"not_picked":["Streamline","Turbo"],"picked":"Static Discharge","floor":8.0},{"not_picked":["Leap","Gash","Undo"],"picked":"SKIP","floor":10.0},{"not_picked":["All For One","Hello World"],"picked":"Conserve Battery","floor":11.0},{"not_picked":["Rebound","Sunder"],"picked":"Sweeping Beam","floor":13.0},{"not_picked":["Hologram","Turbo"],"picked":"Sweeping Beam","floor":15.0},{"not_picked":["Echo Form","Reboot"],"picked":"Electrodynamics","floor":16.0},{"not_picked":["Turbo","Self Repair"],"picked":"Ball Lightning","floor":18.0},{"not_picked":["Gash","Go for the Eyes","Rebound"],"picked":"SKIP","floor":19.0},{"not_picked":["Go for the Eyes","Sweeping Beam","Consume"],"picked":"SKIP","floor":21.0},{"not_picked":["Steam Power","Rebound+1"],"picked":"Conserve Battery","floor":22.0},{"not_picked":["Machine Learning","Barrage"],"picked":"White Noise","floor":24.0},{"not_picked":["Rebound","Chaos"],"picked":"Storm","floor":25.0},{"not_picked":["Sweeping Beam","Gash","Rebound"],"picked":"SKIP","floor":27.0},{"not_picked":["Steam","Barrage"],"picked":"Machine Learning","floor":28.0},{"not_picked":["Go for the Eyes","Coolheaded"],"picked":"Recycle","floor":30.0},{"not_picked":["Aggregate","Streamline"],"picked":"Self Repair","floor":31.0},{"not_picked":["Meteor Strike","Hyperbeam"],"picked":"Echo Form","floor":33.0},{"not_picked":["Sunder","FTL"],"picked":"Force Field+1","floor":35},{"not_picked":["Streamline+1","Auto Shields"],"picked":"Static Discharge","floor":36},{"not_picked":["Tempest","Fusion","Rebound+1"],"picked":"SKIP","floor":39}],"player_experience":235672,"relics_obtained":[{"floor":4.0,"key":"Happy Flower"},{"floor":9.0,"key":"Dream Catcher"},{"floor":26.0,"key":"Boot"}],"event_choices":[{"event_name":"Wheel of Change","player_choice":"Card Removal","floor":14.0,"damage_taken":0.0},{"event_name":"Falling","player_choice":"Removed Skill","floor":37,"damage_taken":0}],"is_beta":false,"boss_relics":[{"not_picked":["Pandora\u0027s Box","Lizard Tail"],"picked":"Astrolabe"},{"not_picked":["FrozenCore","Coffee Dripper"],"picked":"Empty Cage"}],"items_purged_floors":[20],"is_endless":false,"potions_floor_spawned":[2,8,10,11,13,21,25,28,30,36],"killed_by":"2 Orb Walkers","ascension_level":12}