{"gold_per_floor":[109,121,131,131,131,131,147,167,248,265,265,281,281,291,291,394,394,414,430,203,203,214,214,214],"floor_reached":24,"playtime":1415,"items_purged":["Strike_B"],"score":295,"play_id":"1029b7ed-e62f-484f-aa09-566f4dce8a58","local_time":"20180815230207","is_ascension_mode":true,"campfire_choices":[{"data":"Zap","floor":6,"key":"SMITH"},{"data":"Go for the Eyes","floor":11,"key":"SMITH"},{"floor":13,"key":"REST"},{"data":"Ball Lightning","floor":15,"key":"SMITH"},{"data":"Seek","floor":23,"key":"SMITH"}],"neow_cost":"NONE","seed_source_timestamp":33866096937731,"circlet_count":0,"master_deck":["Strike_B","Strike_B","Defend_B","Defend_B","Defend_B","Zap+1","Dualcast","AscendersBane","Conserve Battery","Melter","Conserve Battery","Go for the Eyes+1","Echo Form","Genetic Algorithm","Ball Lightning+1","Conserve Battery","Seek+1","Ball Lightning","Capacitor","White Noise","BootSequence"],"relics":["Cracked Core","Odd Mushroom","Pantograph","Eternal Feather"],"potions_floor_usage":[18,22,24],"damage_taken":[{"damage":1,"enemies":"Cultist","floor":1,"turns":3},{"damage":7,"enemies":"Jaw Worm","floor":2,"turns":4},{"damage":2,"enemies":"Small Slimes","floor":3,"turns":4},{"damage":9,"enemies":"Red Slaver","floor":7,"turns":2},{"damage":14,"floor":8,"turns":5},{"damage":6,"enemies":"2 Fungi Beasts","floor":10,"turns":5},{"damage":9,"enemies":"3 Louse","floor":12,"turns":3},{"damage":1,"enemies":"Blue Slaver","floor":14,"turns":4},{"damage":7,"enemies":"The Guardian","floor":16,"turns":13},{"damage":6,"enemies":"3 Byrds","floor":18,"turns":5},{"damage":23,"enemies":"Shell Parasite","floor":19,"turns":5},{"damage":13,"enemies":"Snake Plant","floor":22,"turns":5},{"damage":51,"enemies":"Slavers","floor":24,"turns":4}],"seed_played":"-7906117758177602939","potions_obtained":[{"floor":2,"key":"Block Potion"},{"floor":3,"key":"AttackPotion"},{"floor":18,"key":"FocusPotion"}],"is_trial":false,"path_per_floor":["M","M","M","?","?","R","M","?","T","M","R","M","R","M","R","B",null,"M","M","$","?","M","R"],"character_chosen":"DEFECT","items_purchased":["Capacitor","White Noise"],"campfire_rested":1,"item_purchase_floors":[20,20],"current_hp_per_floor":[67,60,58,58,63,63,54,40,40,34,34,25,49,48,48,66,77,71,48,48,48,35,47,0],"gold":214,"neow_bonus":"REMOVE_CARD","is_prod":false,"is_daily":false,"chose_seed":false,"campfire_upgraded":4,"win_rate":0,"timestamp":1534341727,"path_taken":["M","M","M","?","?","R","M","?","T","?","R","M","R","M","R","BOSS","M","M","$","?","M","R","E"],"build_version":"2018-08-09","purchased_purges":1,"victory":false,"max_hp_per_floor":[75,75,75,75,80,80,80,80,80,80,80,80,80,80,80,80,80,80,80,80,80,80,80,80],"card_choices":[{"not_picked":["Cold Snap","Force Field"],"picked":"Conserve Battery","floor":1},{"not_picked":["Beam Cell","Cold Snap"],"picked":"Melter","floor":2},{"not_picked":["Beam Cell","Rebound"],"picked":"Conserve Battery","floor":3},{"not_picked":["Barrage","Turbo"],"picked":"Go for the Eyes","floor":7},{"not_picked":["Steam","Conserve Battery"],"picked":"Echo Form","floor":8},{"not_picked":["Force Field","Consume"],"picked":"Genetic Algorithm","floor":10},{"not_picked":["Redo","Stack"],"picked":"Ball Lightning","floor":12},{"not_picked":["Scrape","Double Energy"],"picked":"Conserve Battery","floor":14},{"not_picked":["Core Surge","Echo Form"],"picked":"Seek","floor":16},{"not_picked":["Fusion+1","Beam Cell+1"],"picked":"Ball Lightning","floor":18},{"not_picked":["Consume","Force Field","Storm"],"picked":"SKIP","floor":19},{"not_picked":["Sunder","Ball Lightning+1"],"picked":"BootSequence","floor":22}],"player_experience":214747,"relics_obtained":[{"floor":8,"key":"Odd Mushroom"},{"floor":9,"key":"Pantograph"}],"event_choices":[{"event_name":"Scrap Ooze","player_choice":"unsuccessful","floor":4,"damage_taken":0},{"event_name":"Big Fish","player_choice":"Donut","floor":5,"damage_taken":0},{"event_name":"Mushrooms","player_choice":"Fought Mushrooms","floor":8,"damage_taken":0},{"event_name":"Bonfire Elementals","player_choice":"BASIC","floor":21,"damage_taken":0}],"is_beta":false,"boss_relics":[{"not_picked":["Calling Bell","White Beast Statue"],"picked":"Eternal Feather"}],"items_purged_floors":[20],"is_endless":false,"potions_floor_spawned":[2,3,8,18],"killed_by":"Slavers","ascension_level":11}