{"gold_per_floor":[119,119,69,20,34,34,78,78,78,90,116,128,175,205,217,349,361,389,316,328,340,373,385,397,434,446,458,470,501,1,101,101,227,227,245,28,47,47,47,47,147,171,217,241,241,264,264,264,264,264],"floor_reached":51,"playtime":3182,"items_purged":[],"score":1032,"play_id":"f621352a-2141-4757-ba8b-e58492277edb","local_time":"20180816010539","is_ascension_mode":true,"campfire_choices":[{"data":"Zap","floor":6.0,"key":"SMITH"},{"floor":10.0,"key":"REST"},{"floor":12.0,"key":"REST"},{"data":"Recycle","floor":15.0,"key":"SMITH"},{"floor":23.0,"key":"REST"},{"data":"Hologram","floor":27.0,"key":"SMITH"},{"data":"Seek","floor":32.0,"key":"SMITH"},{"floor":40.0,"key":"REST"},{"data":"Scrape","floor":45.0,"key":"SMITH"},{"data":"Panache","floor":47,"key":"SMITH"},{"floor":49,"key":"REST"}],"neow_cost":"NONE","seed_source_timestamp":39405742374597,"circlet_count":0,"master_deck":["Defend_B","Defend_B","Zap+1","Dualcast","AscendersBane","Barrage","Leap","Conserve Battery","Beam Cell","Conserve Battery","Recycle+1","Seek+1","Rebound+1","White Noise+1","Force Field+1","Hologram+1","Sweeping Beam","Conserve Battery+1","Chill+1","Panacea+1","Sweeping Beam","Go for the Eyes","Panache+1","Go for the Eyes","Echo Form","Amplify+1","Chill+1","Self Repair","Streamline","Steam+1","Scrape+1","Gash+1","Conserve Battery+1"],"special_seed":0,"relics":["Cracked Core","Golden Idol","Kunai","MawBank","Bottled Lightning","Astrolabe","Letter Opener","Enchiridion","Toxic Egg 2","Shuriken","Anchor","Busted Crown","Strawberry","Lantern"],"potions_floor_usage":[46,50],"damage_taken":[{"damage":0.0,"enemies":"Small Slimes","floor":1.0,"turns":2.0},{"damage":7.0,"enemies":"Jaw Worm","floor":5.0,"turns":3.0},{"damage":23.0,"enemies":"Gremlin Nob","floor":7.0,"turns":4.0},{"damage":0.0,"enemies":"2 Louse","floor":11.0,"turns":2.0},{"damage":23.0,"enemies":"Lagavulin","floor":13.0,"turns":6.0},{"damage":5.0,"enemies":"Blue Slaver","floor":14.0,"turns":3.0},{"damage":27.0,"enemies":"Slime Boss","floor":16.0,"turns":10.0},{"damage":1.0,"enemies":"Spheric Guardian","floor":18.0,"turns":5.0},{"damage":21.0,"enemies":"2 Thieves","floor":22.0,"turns":5.0},{"damage":0.0,"enemies":"Cultist and Chosen","floor":25.0,"turns":4.0},{"damage":0.0,"enemies":"3 Cultists","floor":29.0,"turns":4.0},{"damage":4.0,"enemies":"Champ","floor":33.0,"turns":10.0},{"damage":16.0,"enemies":"Flame Bruiser 1 Orb","floor":35.0,"turns":6.0},{"damage":34.0,"enemies":"3 Darklings","floor":37.0,"turns":4.0},{"damage":11.0,"enemies":"Transient","floor":42.0,"turns":5.0},{"damage":7.0,"enemies":"Sphere and 2 Shapes","floor":44.0,"turns":6.0},{"damage":21,"enemies":"Spire Growth","floor":46,"turns":4},{"damage":34,"enemies":"Time Eater","floor":50,"turns":10}],"seed_played":"-1264260525805566324","potions_obtained":[{"floor":1.0,"key":"AttackPotion"},{"floor":7.0,"key":"Fruit Juice"},{"floor":14.0,"key":"Poison Potion"},{"floor":22.0,"key":"SpeedPotion"},{"floor":29.0,"key":"Poison Potion"},{"floor":35.0,"key":"Poison Potion"}],"is_trial":false,"path_per_floor":["M","?","?","$","M","R","E","?","T","R","M","R","E","M","R","B",null,"M","?","$","?","M","R","?","M","T","R","?","M","$","?","R","B",null,"M","$","M","?","T","R","?","M","T","M","R","M","R","?","R","B"],"character_chosen":"DEFECT","items_purchased":["Fire Potion","Panache","Anchor","Go for the Eyes","Echo Form","Self Repair","Streamline","Steam+1","Scrape"],"campfire_rested":5,"item_purchase_floors":[4,30,30,30,30,36,36,36,36],"current_hp_per_floor":[68,50,50,50,43,43,20,20,20,42,42,64,41,41,41,14,64,63,63,63,47,33,57,57,57,57,57,57,57,57,57,57,53,73,57,57,23,23,30,56,56,59,59,66,66,59,59,59,85,58],"gold":264,"neow_bonus":"TRANSFORM_CARD","is_prod":false,"is_daily":false,"chose_seed":false,"campfire_upgraded":6,"win_rate":0,"timestamp":1534349139,"path_taken":["M","?","?","$","M","R","E","?","T","R","?","R","E","M","R","BOSS","M","?","?","?","?","R","?","M","T","R","?","?","$","?","R","BOSS","M","?","M","?","?","R","?","M","T","M","R","M","R","?","R","BOSS"],"build_version":"2018-08-09","purchased_purges":0,"victory":true,"max_hp_per_floor":[75,75,75,75,75,75,75,75,75,75,75,75,75,80,80,80,80,80,80,80,80,80,80,80,80,80,80,80,80,80,80,80,80,80,80,80,80,80,87,87,87,87,87,87,87,87,87,87,87,87],"card_choices":[{"not_picked":["Double Energy","Consume"],"picked":"Leap","floor":1.0},{"not_picked":["Gash","Redo"],"picked":"Conserve Battery","floor":5.0},{"not_picked":["Rebound","Fission"],"picked":"Beam Cell","floor":7.0},{"not_picked":["Auto Shields","Heatsinks"],"picked":"Sweeping Beam","floor":11.0},{"not_picked":["Compile Driver","Skim"],"picked":"Conserve Battery","floor":13.0},{"not_picked":["Steam","Redo"],"picked":"Recycle","floor":14.0},{"not_picked":["Multi-Cast","Meteor Strike"],"picked":"Seek","floor":16.0},{"not_picked":["Cold Snap+1","Reinforced Body"],"picked":"Hologram","floor":18.0},{"not_picked":["Barrage","Static Discharge"],"picked":"Sweeping Beam","floor":22.0},{"not_picked":["Hyperbeam","Stack+1"],"picked":"Conserve Battery+1","floor":25.0},{"not_picked":["Barrage","Rebound"],"picked":"Go for the Eyes","floor":29.0},{"not_picked":["Biased Cognition","All For One"],"picked":"Amplify+1","floor":33.0},{"not_picked":[],"picked":"Chill+1","floor":35.0},{"not_picked":["Stack+1"],"picked":"SKIP","floor":37.0},{"not_picked":[],"picked":"Gash+1","floor":42.0},{"not_picked":[],"picked":"Conserve Battery+1","floor":44.0},{"not_picked":["Ball Lightning"],"picked":"SKIP","floor":46}],"player_experience":219930,"relics_obtained":[{"floor":7.0,"key":"Kunai"},{"floor":9.0,"key":"MawBank"},{"floor":13.0,"key":"Bottled Lightning"},{"floor":21.0,"key":"Enchiridion"},{"floor":26.0,"key":"Shuriken"},{"floor":39.0,"key":"Strawberry"},{"floor":43.0,"key":"Lantern"}],"event_choices":[{"event_name":"Golden Idol","player_choice":"Take Damage","floor":2.0,"damage_taken":0.0},{"event_name":"The Cleric","player_choice":"Card Removal","floor":3.0,"damage_taken":0.0},{"event_name":"Living Wall","player_choice":"Forget","floor":8.0,"damage_taken":0.0},{"event_name":"Addict","player_choice":"Obtained Relic","floor":19.0,"damage_taken":0.0},{"event_name":"Cursed Tome","player_choice":"Obtained Book","floor":21.0,"damage_taken":0.0},{"event_name":"The Mausoleum","player_choice":"Yes","floor":24.0,"damage_taken":0.0},{"event_name":"Match and Keep!","player_choice":"3 cards matched","floor":28.0,"damage_taken":0.0},{"event_name":"Golden Shrine","player_choice":"Pray","floor":31.0,"damage_taken":0.0},{"event_name":"Falling","player_choice":"Removed Attack","floor":38.0,"damage_taken":0.0},{"event_name":"Golden Shrine","player_choice":"Pray","floor":41.0,"damage_taken":0.0},{"event_name":"SecretPortal","player_choice":"Rejected Portal.","floor":48,"damage_taken":0}],"is_beta":false,"boss_relics":[{"not_picked":["Nuclear Battery","Snecko Eye"],"picked":"Astrolabe"},{"not_picked":["Velvet Choker","FrozenCore"],"picked":"Busted Crown"}],"items_purged_floors":[],"is_endless":false,"potions_floor_spawned":[1,7,14,22,29,35,37,44],"ascension_level":11}