{"gold_per_floor":[209,223,237,35,55,55,90,90,114,114,124,158,171,190,190,268,268,280,291,291,307,46,77,77,90,90,15,15,44,0,0,0,0],"floor_reached":33,"playtime":1703,"items_purged":["Normality"],"score":505,"play_id":"f3d514a5-9faf-44db-9a4c-96ed5ba7cebf","local_time":"20190914213953","is_ascension_mode":true,"campfire_choices":[{"data":"Bash","floor":6,"key":"SMITH"},{"floor":10,"key":"REST"},{"floor":15,"key":"REST"},{"floor":24,"key":"REST"},{"floor":28,"key":"REST"},{"floor":32,"key":"REST"}],"neow_cost":"NONE","seed_source_timestamp":43034305993634,"circlet_count":0,"master_deck":["AscendersBane","Strike_R","Strike_R","Strike_R","Strike_R","Strike_R+1","Defend_R","Defend_R","Defend_R","Defend_R","Bash+1","Twin Strike","Feel No Pain","Headbutt","Anger","Sentinel+1","Rampage","Clothesline","Shockwave","Fiend Fire","True Grit+1","Battle Trance","Immolate"],"relics":["Burning Blood","Oddly Smooth Stone","Ancient Tea Set","Bag of Marbles","Lantern","Cursed Key","Kunai","Dead Branch","Letter Opener","Vajra"],"potions_floor_usage":[16,23,23],"damage_taken":[{"damage":1,"enemies":"Cultist","floor":1,"turns":4},{"damage":7,"enemies":"Small Slimes","floor":2,"turns":3},{"damage":11,"enemies":"Jaw Worm","floor":3,"turns":4},{"damage":12,"enemies":"3 Louse","floor":5,"turns":4},{"damage":38,"enemies":"Lagavulin","floor":7,"turns":6},{"damage":0,"enemies":"2 Fungi Beasts","floor":11,"turns":2},{"damage":16,"enemies":"Gremlin Nob","floor":12,"turns":3},{"damage":26,"enemies":"Exordium Thugs","floor":13,"turns":4},{"damage":2,"enemies":"Looter","floor":14,"turns":2},{"damage":48,"enemies":"The Guardian","floor":16,"turns":14},{"damage":24,"enemies":"2 Thieves","floor":18,"turns":5},{"damage":6,"enemies":"3 Byrds","floor":19,"turns":6},{"damage":5,"enemies":"Centurion and Healer","floor":21,"turns":7},{"damage":55,"enemies":"Gremlin Leader","floor":23,"turns":13},{"damage":8,"enemies":"Snake Plant","floor":25,"turns":4},{"damage":51,"enemies":"Slavers","floor":29,"turns":7},{"damage":33,"enemies":"Automaton","floor":33,"turns":4}],"seed_played":"4682639539998126415","potions_obtained":[{"floor":1,"key":"BloodPotion"},{"floor":3,"key":"Dexterity Potion"},{"floor":18,"key":"BloodPotion"}],"is_trial":false,"path_per_floor":["M","M","M","$","M","R","E","?","T","R","M","E","M","M","R","B",null,"M","M","?","M","$","E","R","M","T","$","R","E","?","$","R","B"],"character_chosen":"IRONCLAD","items_purchased":["Oddly Smooth Stone","Anger","Kunai"],"campfire_rested":5,"item_purchase_floors":[4,4,22],"current_hp_per_floor":[73,72,67,67,61,61,29,14,14,36,42,32,12,16,38,14,60,42,42,42,43,43,12,34,32,32,32,54,9,9,9,31,0],"gold":0,"neow_bonus":"HUNDRED_GOLD","is_prod":false,"is_daily":false,"chose_seed":false,"campfire_upgraded":1,"win_rate":0,"timestamp":1568489993,"path_taken":["M","?","M","$","?","R","E","?","T","R","M","E","M","M","R","BOSS","M","M","?","?","?","E","R","?","T","$","R","E","?","$","R","BOSS"],"build_version":"2019-07-17","purchased_purges":1,"victory":false,"max_hp_per_floor":[75,75,75,75,75,75,75,75,75,75,75,75,75,75,75,75,75,75,75,75,75,75,75,75,75,75,75,75,75,75,75,75,75],"card_choices":[{"not_picked":["Thunderclap","Fire Breathing"],"picked":"Twin Strike","floor":1},{"not_picked":["Cleave","Iron Wave"],"picked":"Feel No Pain","floor":2},{"not_picked":["Heavy Blade","Thunderclap"],"picked":"Headbutt","floor":3},{"not_picked":["Reckless Charge","Searing Blow"],"picked":"Sentinel","floor":5},{"not_picked":["Warcry","Double Tap"],"picked":"Rampage","floor":7},{"not_picked":["Clash","Twin Strike","Iron Wave"],"picked":"SKIP","floor":11},{"not_picked":["Pommel Strike","Headbutt","Anger"],"picked":"SKIP","floor":12},{"not_picked":["Sever Soul","Headbutt"],"picked":"Clothesline","floor":13},{"not_picked":["Exhume","Warcry"],"picked":"Shockwave","floor":14},{"not_picked":["Barricade","Reaper"],"picked":"Fiend Fire","floor":16},{"not_picked":["Flex","Sentinel"],"picked":"True Grit","floor":18},{"not_picked":["Rage","Iron Wave","Seeing Red"],"picked":"SKIP","floor":19},{"not_picked":["Entrench","Sword Boomerang","Perfected Strike"],"picked":"SKIP","floor":21},{"not_picked":["Reckless Charge","Metallicize","Shockwave"],"picked":"SKIP","floor":23},{"not_picked":["Thunderclap","Heavy Blade"],"picked":"Battle Trance","floor":25},{"not_picked":["Headbutt","Iron Wave"],"picked":"Immolate","floor":29}],"player_experience":1056726,"relics_obtained":[{"floor":7,"key":"Ancient Tea Set"},{"floor":9,"key":"Bag of Marbles"},{"floor":12,"key":"Lantern"},{"floor":23,"key":"Dead Branch"},{"floor":26,"key":"Letter Opener"},{"floor":29,"key":"Vajra"}],"event_choices":[{"damage_healed":0,"gold_gain":0,"player_choice":"Entered Light","damage_taken":15,"max_hp_gain":0,"max_hp_loss":0,"event_name":"Shining Light","floor":8,"gold_loss":0,"cards_upgraded":["Strike_R","Sentinel"]},{"damage_healed":0,"gold_gain":0,"player_choice":"Upgraded","damage_taken":0,"max_hp_gain":0,"max_hp_loss":0,"event_name":"Upgrade Shrine","floor":20,"gold_loss":0,"cards_upgraded":["True Grit"]},{"damage_healed":0,"gold_gain":0,"player_choice":"Paid Fearfully","damage_taken":0,"max_hp_gain":0,"max_hp_loss":0,"event_name":"Masked Bandits","floor":30,"gold_loss":44}],"is_beta":false,"boss_relics":[{"not_picked":["Pandora\u0027s Box","Black Star"],"picked":"Cursed Key"}],"items_purged_floors":[27],"is_endless":false,"potions_floor_spawned":[1,3,11,12,18,19],"killed_by":"Automaton","ascension_level":14}