{"gold_per_floor":[110,110,129,149,149,174,174,174,199,274,274,293,293,307,307,412,412,429,442,357,367,288,288,388,388,415,433,433,444,477,491,491,591,591,610,610,610,630,630,630,647,16,41,41],"floor_reached":44,"playtime":2101,"items_purged":["Strike_B"],"score":473,"play_id":"e7a0f1bc-479c-4584-85aa-21d2978a78e7","local_time":"20180805184005","is_ascension_mode":true,"campfire_choices":[{"data":"Static Discharge","floor":8,"key":"SMITH"},{"data":"Auto Shields","floor":11,"key":"SMITH"},{"data":"Conserve Battery","floor":13,"key":"SMITH"},{"floor":15,"key":"REST"},{"floor":23,"key":"REST"},{"floor":28,"key":"REST"},{"floor":32,"key":"REST"},{"floor":40,"key":"REST"}],"neow_cost":"NONE","seed_source_timestamp":29882870468082,"circlet_count":0,"master_deck":["Strike_B","Defend_B","Defend_B","Defend_B","Defend_B","Zap+1","Dualcast","Cold Snap","Scrape","Auto Shields+1","Genetic Algorithm","Electrodynamics","Static Discharge+1","Conserve Battery+1","Chill","Hologram","Defragment+1","Self Repair","Streamline+1","Rebound","Defragment","Echo Form","Sweeping Beam","Rebound+1","Gash+1","Capacitor","Madness","Beam Cell+1","Apotheosis"],"relics":["Cracked Core","NeowsBlessing","Centennial Puzzle","Juzu Bracelet","Peace Pipe","Dream Catcher","Lantern","Oddly Smooth Stone","ClockworkSouvenir","Anchor"],"potions_floor_usage":[30,33,33,36,41],"damage_taken":[{"damage":0,"enemies":"Jaw Worm","floor":1,"turns":1},{"damage":0,"enemies":"Cultist","floor":3,"turns":1},{"damage":0,"enemies":"Small Slimes","floor":4,"turns":1},{"damage":18,"enemies":"Lagavulin","floor":6,"turns":6},{"damage":0,"enemies":"Blue Slaver","floor":12,"turns":3},{"damage":7,"enemies":"Looter","floor":14,"turns":3},{"damage":35,"enemies":"Slime Boss","floor":16,"turns":9},{"damage":17,"enemies":"2 Thieves","floor":18,"turns":4},{"damage":28,"enemies":"Shell Parasite","floor":19,"turns":7},{"damage":3,"enemies":"3 Cultists","floor":21,"turns":4},{"damage":0,"enemies":"Snecko","floor":27,"turns":6},{"damage":2,"enemies":"Centurion and Healer","floor":29,"turns":6},{"damage":24,"enemies":"Slavers","floor":30,"turns":4},{"damage":37,"enemies":"Cultist and Chosen","floor":31,"turns":6},{"damage":40,"enemies":"Automaton","floor":33,"turns":10},{"damage":5,"enemies":"Flame Bruiser 1 Orb","floor":35,"turns":6},{"damage":0,"enemies":"Orb Walker","floor":36,"turns":3},{"damage":41,"enemies":"Flame Bruiser 2 Orb","floor":38,"turns":6},{"damage":33,"enemies":"Sphere and 2 Shapes","floor":41,"turns":4},{"damage":37,"enemies":"2 Orb Walkers","floor":44,"turns":5}],"seed_played":"-3969397445893512291","potions_obtained":[{"floor":3,"key":"SteroidPotion"},{"floor":6,"key":"Dexterity Potion"},{"floor":12,"key":"Dexterity Potion"},{"floor":27,"key":"Poison Potion"},{"floor":30,"key":"Poison Potion"},{"floor":35,"key":"SmokeBomb"},{"floor":38,"key":"Fire Potion"}],"is_trial":false,"path_per_floor":["M","?","M","M","?","E","?","R","T","?","R","M","R","M","R","B",null,"M","M","?","M","$","R","?","?","T","M","R","M","E","M","R","B",null,"M","M","?","M","?","R","M","$","T"],"character_chosen":"DEFECT","items_purchased":["Self Repair","Apotheosis","Oddly Smooth Stone","ClockworkSouvenir"],"campfire_rested":5,"item_purchase_floors":[22,42,42,42],"current_hp_per_floor":[75,75,75,75,75,57,57,57,57,46,46,46,46,39,61,26,75,58,30,30,27,27,49,49,49,49,49,71,75,58,28,50,10,75,70,75,75,34,34,56,23,23,23,0],"gold":41,"neow_bonus":"THREE_ENEMY_KILL","is_prod":false,"is_daily":false,"chose_seed":false,"campfire_upgraded":3,"win_rate":0,"timestamp":1533462005,"path_taken":["M","?","M","?","?","E","?","R","T","?","R","M","R","M","R","BOSS","M","M","?","M","?","R","?","?","T","M","R","M","E","M","R","BOSS","M","M","?","M","?","R","M","$","T","E"],"build_version":"2018-08-02","purchased_purges":1,"victory":false,"max_hp_per_floor":[75,75,75,75,75,75,75,75,75,75,75,75,75,75,75,75,75,75,75,75,75,75,75,75,75,75,75,75,75,75,75,75,75,75,75,75,75,75,75,75,75,75,75,75],"card_choices":[{"not_picked":["Coolheaded","Sunder"],"picked":"Cold Snap","floor":1},{"not_picked":["Stack","Steam"],"picked":"Scrape","floor":3},{"not_picked":["Beam Cell","Stack"],"picked":"Auto Shields","floor":4},{"not_picked":["Cold Snap","Force Field"],"picked":"Static Discharge","floor":6},{"not_picked":["Turbo","Compile Driver"],"picked":"Conserve Battery","floor":12},{"not_picked":["Compile Driver","Cold Snap"],"picked":"Chill","floor":14},{"not_picked":["Meteor Strike","Seek"],"picked":"All For One","floor":16},{"not_picked":["Compile Driver+1","Steam Power+1","Hello World"],"picked":"SKIP","floor":18},{"not_picked":["Streamline","Gash"],"picked":"Hologram","floor":19},{"not_picked":["Streamline","Compile Driver"],"picked":"Defragment+1","floor":21},{"not_picked":["Steam Power","Double Energy"],"picked":"Streamline+1","floor":27},{"not_picked":["Streamline","Machine Learning"],"picked":"Rebound","floor":28},{"not_picked":["Undo","Chaos+1"],"picked":"Defragment","floor":29},{"not_picked":["Aggregate","Ball Lightning"],"picked":"Echo Form","floor":30},{"not_picked":["Barrage","Cold Snap+1"],"picked":"Sweeping Beam","floor":31},{"not_picked":["Streamline","Stack"],"picked":"Rebound+1","floor":32},{"not_picked":["Force Field","Redo"],"picked":"Gash+1","floor":35},{"not_picked":["Hello World+1","Stack+1"],"picked":"Capacitor","floor":38},{"not_picked":["Transmutation","Deep Breath"],"picked":"Madness","floor":39},{"not_picked":["Turbo+1","Ball Lightning+1"],"picked":"Beam Cell+1","floor":40},{"not_picked":["Barrage","Chill","Streamline"],"picked":"SKIP","floor":41}],"player_experience":124013,"relics_obtained":[{"floor":6,"key":"Centennial Puzzle"},{"floor":9,"key":"Juzu Bracelet"},{"floor":26,"key":"Dream Catcher"},{"floor":30,"key":"Lantern"},{"floor":43,"key":"Anchor"}],"event_choices":[{"event_name":"Purifier","player_choice":"One Purge","floor":2,"damage_taken":0},{"event_name":"Match and Keep!","player_choice":"2 cards matched","floor":5,"damage_taken":0},{"event_name":"Living Wall","player_choice":"Grow","floor":7,"damage_taken":0},{"event_name":"World of Goop","player_choice":"Gather Gold","floor":10,"damage_taken":0},{"event_name":"Addict","player_choice":"Obtained Relic","floor":20,"damage_taken":0},{"event_name":"Golden Shrine","player_choice":"Pray","floor":24,"damage_taken":0},{"event_name":"Purifier","player_choice":"One Purge","floor":25,"damage_taken":0},{"event_name":"Falling","player_choice":"Removed Attack","floor":37,"damage_taken":0},{"event_name":"SensoryStone","player_choice":"Memory 1","floor":39,"damage_taken":0}],"is_beta":false,"boss_relics":[{"not_picked":[]},{"not_picked":["Coffee Dripper","Snecko Eye","Calling Bell"]}],"items_purged_floors":[42],"is_endless":false,"potions_floor_spawned":[3,6,12,16,27,30,35,38],"killed_by":"2 Orb Walkers","ascension_level":2}