{"gold_per_floor":[116,128,142,75,88,88,99,111,158,177,194,144,144,160,160,264,264,278,291,291,23,23,23,23,39,90,90,15,15,31,46,46,142,142,157,157,167,184,184,184,284,284],"floor_reached":42,"playtime":1933,"items_purged":["Defend_B"],"score":453,"play_id":"7c1e7d94-f78b-4b70-bedc-8983654b1505","local_time":"20180806003345","is_ascension_mode":true,"campfire_choices":[{"data":"Zap","floor":6,"key":"SMITH"},{"floor":15,"key":"REST"},{"data":"Glacier","floor":23,"key":"SMITH"},{"floor":27,"key":"REST"},{"data":"Capacitor","floor":29,"key":"SMITH"},{"data":"Capacitor","floor":32,"key":"SMITH"},{"data":"Blizzard","floor":40,"key":"SMITH"}],"neow_cost":"NONE","seed_source_timestamp":51270066592784,"circlet_count":0,"master_deck":["Strike_B","Strike_B","Strike_B","Defend_B","Defend_B","Defend_B","Zap+1","Dualcast","Cold Snap","Leap","Go for the Eyes","Sunder","Gash","White Noise","Ball Lightning","Glacier+1","Sweeping Beam","Capacitor+1","Electrodynamics","Auto Shields+1","White Noise+1","Capacitor+1","Hologram","Sweeping Beam+1","Conserve Battery","Cold Snap+1","Buffer","Blizzard+1","BootSequence+1","Recycle+1"],"relics":["Cracked Core","NeowsBlessing","Lantern","Boot","Nuclear Battery","Enchiridion","DataDisk","Regal Pillow","Black Star","GremlinMask"],"potions_floor_usage":[37],"damage_taken":[{"damage":0,"enemies":"Cultist","floor":1,"turns":1},{"damage":0,"enemies":"2 Louse","floor":2,"turns":1},{"damage":0,"enemies":"Jaw Worm","floor":3,"turns":1},{"damage":15,"enemies":"3 Louse","floor":5,"turns":2},{"damage":3,"enemies":"Blue Slaver","floor":7,"turns":3},{"damage":5,"enemies":"Exordium Thugs","floor":8,"turns":4},{"damage":11,"enemies":"Looter","floor":10,"turns":2},{"damage":1,"enemies":"3 Louse","floor":11,"turns":2},{"damage":3,"enemies":"Exordium Thugs","floor":14,"turns":4},{"damage":7,"enemies":"The Guardian","floor":16,"turns":11},{"damage":0,"enemies":"3 Byrds","floor":18,"turns":3},{"damage":0,"enemies":"Shell Parasite","floor":19,"turns":7},{"damage":16,"enemies":"Centurion and Healer","floor":25,"turns":7},{"damage":0,"enemies":"Snecko","floor":30,"turns":4},{"damage":0,"enemies":"Cultist and Chosen","floor":31,"turns":6},{"damage":2,"enemies":"Collector","floor":33,"turns":8},{"damage":9,"enemies":"3 Shapes","floor":35,"turns":2},{"damage":14,"enemies":"3 Darklings","floor":37,"turns":2},{"damage":0,"enemies":"4 Shapes","floor":38,"turns":4},{"damage":55,"enemies":"Giant Head","floor":42,"turns":10}],"seed_played":"-706469640735766282","potions_obtained":[{"floor":8,"key":"FearPotion"},{"floor":10,"key":"SteroidPotion"},{"floor":14,"key":"EssenceOfSteel"},{"floor":19,"key":"Block Potion"},{"floor":30,"key":"LiquidBronze"},{"floor":37,"key":"Fire Potion"}],"is_trial":false,"path_per_floor":["M","M","M","$","M","R","M","M","T","M","M","?","?","M","R","B",null,"M","M","?","$","?","R","?","M","T","R","$","R","M","M","R","B",null,"M","?","M","M","?","R","?"],"character_chosen":"DEFECT","items_purchased":["Sunder","Capacitor","DataDisk","Hologram"],"campfire_rested":2,"item_purchase_floors":[4,21,21,21],"current_hp_per_floor":[75,75,75,75,60,60,57,52,52,48,47,47,40,37,59,52,75,75,75,59,59,59,59,59,43,43,75,75,75,75,75,75,73,75,66,66,52,52,52,52,52,0],"gold":284,"neow_bonus":"THREE_ENEMY_KILL","is_prod":false,"is_daily":false,"chose_seed":false,"campfire_upgraded":5,"win_rate":0,"timestamp":1533483225,"path_taken":["M","M","?","?","M","R","M","M","T","M","M","?","?","M","R","BOSS","M","M","?","$","?","R","?","M","T","R","$","R","M","M","R","BOSS","M","?","M","M","?","R","?","E"],"build_version":"2018-08-02","purchased_purges":1,"victory":false,"max_hp_per_floor":[75,75,75,75,75,75,75,75,75,75,75,75,75,75,75,75,75,75,75,75,75,75,75,75,75,75,75,75,75,75,75,75,75,75,75,75,75,75,75,75,75,75],"card_choices":[{"not_picked":["Compile Driver","Go for the Eyes"],"picked":"Cold Snap","floor":1},{"not_picked":["BootSequence","Go for the Eyes"],"picked":"Leap","floor":2},{"not_picked":["Force Field","Redo"],"picked":"Go for the Eyes","floor":3},{"not_picked":["Undo","White Noise"],"picked":"Gash","floor":5},{"not_picked":["Double Energy","Consume"],"picked":"White Noise","floor":7},{"not_picked":["Streamline","Melter"],"picked":"Ball Lightning","floor":8},{"not_picked":["Barrage","Rip and Tear"],"picked":"Glacier","floor":10},{"not_picked":["Loop","Steam"],"picked":"Sweeping Beam","floor":11},{"not_picked":["Force Field","Chill"],"picked":"Capacitor","floor":14},{"not_picked":["Core Surge","All For One"],"picked":"Electrodynamics","floor":16},{"not_picked":["Leap","Fusion"],"picked":"Auto Shields+1","floor":18},{"not_picked":["Auto Shields","Rip and Tear"],"picked":"White Noise+1","floor":19},{"not_picked":["Aggregate","Turbo+1"],"picked":"Sweeping Beam+1","floor":25},{"not_picked":["Go for the Eyes","Hologram"],"picked":"Conserve Battery","floor":30},{"not_picked":["Skim","Leap"],"picked":"Cold Snap+1","floor":31},{"not_picked":["Rainbow","Meteor Strike"],"picked":"Buffer","floor":33},{"not_picked":["Sweeping Beam+1","Hologram"],"picked":"Blizzard","floor":35},{"not_picked":["Stack+1","Turbo"],"picked":"BootSequence+1","floor":37},{"not_picked":["Redo+1","Amplify"],"picked":"Recycle+1","floor":38}],"player_experience":130877,"relics_obtained":[{"floor":9,"key":"Lantern"},{"floor":20,"key":"Enchiridion"},{"floor":26,"key":"Regal Pillow"}],"event_choices":[{"event_name":"The Cleric","player_choice":"Card Removal","floor":12,"damage_taken":0},{"event_name":"Scrap Ooze","player_choice":"success","floor":13,"damage_taken":7},{"event_name":"Cursed Tome","player_choice":"Obtained Book","floor":20,"damage_taken":0},{"event_name":"Drug Dealer","player_choice":"Ignored","floor":22,"damage_taken":0},{"event_name":"Beggar","player_choice":"Ignored","floor":24,"damage_taken":0},{"event_name":"Mysterious Sphere","player_choice":"Ignore","floor":36,"damage_taken":0},{"event_name":"FaceTrader","player_choice":"Trade","floor":39,"damage_taken":0},{"event_name":"Golden Shrine","player_choice":"Pray","floor":41,"damage_taken":0}],"is_beta":false,"boss_relics":[{"not_picked":["Eternal Feather","Astrolabe"],"picked":"Nuclear Battery"},{"not_picked":["Coffee Dripper","Snecko Eye"],"picked":"Black Star"}],"items_purged_floors":[28],"is_endless":false,"potions_floor_spawned":[8,10,14,19,30,33,35,37],"killed_by":"Giant Head","ascension_level":3}