{"gold_per_floor":[113,188,22,22,41,68,68,68,93,103,103,117,145,163,163,239,239,255,271,271,271],"floor_reached":21,"playtime":879,"items_purged":[],"score":407,"play_id":"1e32738a-c94e-4df2-bc24-7d1c74d6f474","local_time":"20190918211528","is_ascension_mode":true,"campfire_choices":[{"data":"Zap","floor":7.0,"key":"SMITH"},{"data":"Recycle","floor":11.0,"key":"SMITH"},{"floor":15.0,"key":"REST"}],"neow_cost":"NONE","seed_source_timestamp":416136871124600,"circlet_count":0,"master_deck":["AscendersBane","Strike_B+1","Strike_B","Strike_B","Strike_B","Defend_B","Defend_B+1","Defend_B","Defend_B","Zap+1","Dualcast","Recycle+1","Steam","Auto Shields","Cold Snap","Glacier","Electrodynamics","Sunder","RitualDagger"],"special_seed":0,"relics":["Cracked Core","NeowsBlessing","Regal Pillow","Pen Nib","Omamori","Strawberry","Runic Pyramid"],"potions_floor_usage":[21],"damage_taken":[{"damage":0.0,"enemies":"Jaw Worm","floor":1.0,"turns":1.0},{"damage":0.0,"enemies":"2 Louse","floor":5.0,"turns":1.0},{"damage":0.0,"enemies":"Lagavulin","floor":6.0,"turns":1.0},{"damage":0.0,"enemies":"Small Slimes","floor":10.0,"turns":3.0},{"damage":3.0,"enemies":"Blue Slaver","floor":12.0,"turns":4.0},{"damage":26.0,"enemies":"3 Sentries","floor":13.0,"turns":10.0},{"damage":8.0,"enemies":"Gremlin Gang","floor":14.0,"turns":5.0},{"damage":32.0,"enemies":"The Guardian","floor":16.0,"turns":23.0},{"damage":7.0,"enemies":"3 Byrds","floor":18.0,"turns":2.0},{"damage":18.0,"enemies":"Chosen","floor":19.0,"turns":5.0},{"damage":34,"enemies":"Shelled Parasite and Fungi","floor":21,"turns":3}],"seed_played":"646729445882444056","potions_obtained":[{"floor":1.0,"key":"AttackPotion"},{"floor":6.0,"key":"PowerPotion"},{"floor":13.0,"key":"Regen Potion"},{"floor":18.0,"key":"AttackPotion"}],"is_trial":false,"path_per_floor":["M","?","$","?","M","E","R","?","T","M","R","M","E","M","R","B",null,"M","M","?","M"],"character_chosen":"DEFECT","items_purchased":["Regal Pillow"],"campfire_rested":1,"item_purchase_floors":[3],"current_hp_per_floor":[64,53,53,32,32,32,32,32,32,32,32,29,10,16,54,22,64,57,39,33,0],"gold":271,"neow_bonus":"THREE_ENEMY_KILL","is_prod":false,"is_daily":false,"chose_seed":false,"campfire_upgraded":2,"win_rate":0,"timestamp":1568808928,"path_taken":["M","?","$","?","M","E","R","?","T","M","R","M","E","?","R","BOSS","M","?","?","M"],"build_version":"2019-07-17","purchased_purges":0,"victory":false,"max_hp_per_floor":[71,71,71,71,71,71,71,71,71,71,71,71,78,78,78,78,78,78,78,78,78],"card_choices":[{"not_picked":["Stack","Redo"],"picked":"Recycle","floor":1.0},{"not_picked":["Barrage","Steam Power"],"picked":"Steam","floor":5.0},{"not_picked":["Sweeping Beam","Storm"],"picked":"Auto Shields","floor":6.0},{"not_picked":["Leap","Loop"],"picked":"Cold Snap","floor":10.0},{"not_picked":["Barrage","Steam","Amplify"],"picked":"SKIP","floor":12.0},{"not_picked":["Barrage","Scrape","Loop"],"picked":"SKIP","floor":13.0},{"not_picked":["Ball Lightning","Barrage"],"picked":"Glacier","floor":14.0},{"not_picked":["Multi-Cast","Seek"],"picked":"Electrodynamics","floor":16.0},{"not_picked":["Cold Snap","Sweeping Beam","Storm+1"],"picked":"SKIP","floor":18.0},{"not_picked":["Steam Power","Reinforced Body+1"],"picked":"Sunder","floor":19.0}],"player_experience":413025,"relics_obtained":[{"floor":6.0,"key":"Pen Nib"},{"floor":9.0,"key":"Omamori"},{"floor":13.0,"key":"Strawberry"}],"event_choices":[{"damage_healed":0.0,"max_hp_gain":0.0,"max_hp_loss":0.0,"gold_gain":75.0,"event_name":"World of Goop","player_choice":"Gather Gold","floor":2.0,"gold_loss":0.0,"damage_taken":11.0},{"damage_healed":0.0,"max_hp_gain":0.0,"max_hp_loss":0.0,"gold_gain":0.0,"event_name":"Shining Light","player_choice":"Entered Light","floor":4.0,"gold_loss":0.0,"damage_taken":21.0,"cards_upgraded":["Defend_B","Strike_B"]},{"damage_healed":0.0,"max_hp_gain":0.0,"max_hp_loss":0.0,"gold_gain":0.0,"event_name":"Dead Adventurer","player_choice":"Searched \u00271\u0027 times","floor":8.0,"gold_loss":0.0,"damage_taken":0.0},{"damage_healed":0.0,"max_hp_gain":0.0,"max_hp_loss":0.0,"gold_gain":0.0,"event_name":"Nest","player_choice":"Joined the Cult","floor":20.0,"gold_loss":0.0,"damage_taken":6.0,"cards_obtained":["RitualDagger"]}],"is_beta":false,"boss_relics":[{"not_picked":["FrozenCore","Empty Cage"],"picked":"Runic Pyramid"}],"items_purged_floors":[],"is_endless":false,"potions_floor_spawned":[1,6,13,18],"killed_by":"Shelled Parasite and Fungi","ascension_level":18}