{"gold_per_floor":[118,130,130,146,146,146,180,62,62,62,62,62,74,111,123,260,272,297,309,101,101,26,26,47,62,117,117,138,156,156,171,171,301,301,317,417,442,185,210,210,210,210,234,255,293,33,366,378,378,378],"floor_reached":51,"playtime":2472,"items_purged":["Strike_B","Strike_B+1"],"score":763,"play_id":"61e4e0d4-cfd8-46dc-ba08-2ddaded89059","local_time":"20180805192139","is_ascension_mode":true,"campfire_choices":[{"data":"Zap","floor":6,"key":"SMITH"},{"floor":11,"key":"REST"},{"floor":15,"key":"REST"},{"data":"Ball Lightning","floor":23,"key":"SMITH"},{"floor":27,"key":"REST"},{"floor":32,"key":"REST"},{"floor":40,"key":"REST"},{"data":"Echo Form","floor":42,"key":"SMITH"},{"floor":49,"key":"REST"}],"neow_cost":"TEN_PERCENT_HP_LOSS","seed_source_timestamp":31996634380781,"circlet_count":0,"master_deck":["Defend_B","Defend_B","Defend_B","Defend_B","Zap+1","Dualcast+1","Thunder Strike+1","Static Discharge+1","Genetic Algorithm","Ball Lightning+1","Rebound","Tempest+1","Capacitor","Machine Learning","Capacitor+1","Self Repair+1","Redo+1","Echo Form+1","Leap","Gash+1","Madness","Madness","Reprogram+1","Master of Strategy","Static Discharge","Hologram+1"],"relics":["Cracked Core","Peace Pipe","Bottled Tornado","MawBank","Runic Pyramid","Enchiridion","Whetstone","Regal Pillow","Nuclear Battery","Lantern","Strawberry","Mango"],"potions_floor_usage":[7,16,45,50,50,50],"damage_taken":[{"damage":2,"enemies":"Jaw Worm","floor":1,"turns":3},{"damage":1,"enemies":"Cultist","floor":2,"turns":4},{"damage":12,"enemies":"Small Slimes","floor":4,"turns":3},{"damage":20,"enemies":"3 Sentries","floor":7,"turns":6},{"damage":5,"enemies":"2 Fungi Beasts","floor":14,"turns":3},{"damage":26,"enemies":"Hexaghost","floor":16,"turns":4},{"damage":10,"enemies":"3 Byrds","floor":18,"turns":2},{"damage":16,"enemies":"Shell Parasite","floor":24,"turns":3},{"damage":8,"enemies":"Cultist and Chosen","floor":25,"turns":3},{"damage":24,"enemies":"Snake Plant","floor":28,"turns":2},{"damage":0,"enemies":"Snecko","floor":29,"turns":3},{"damage":30,"enemies":"Slaver and Parasite","floor":31,"turns":4},{"damage":39,"enemies":"Automaton","floor":33,"turns":5},{"damage":15,"enemies":"Orb Walker","floor":35,"turns":3},{"damage":0,"enemies":"3 Shapes","floor":37,"turns":3},{"damage":41,"enemies":"Flame Bruiser 2 Orb","floor":39,"turns":4},{"damage":6,"enemies":"Spire Growth","floor":44,"turns":4},{"damage":45,"enemies":"Giant Head","floor":45,"turns":7},{"damage":8,"enemies":"4 Shapes","floor":48,"turns":6},{"damage":65,"enemies":"Donu and Deca","floor":50,"turns":6}],"seed_played":"-4670615507907300890","potions_obtained":[{"floor":1,"key":"GamblersBrew"},{"floor":4,"key":"Regen Potion"},{"floor":7,"key":"PowerPotion"},{"floor":14,"key":"Regen Potion"},{"floor":16,"key":"Energy Potion"},{"floor":24,"key":"SkillPotion"},{"floor":44,"key":"EssenceOfSteel"},{"floor":48,"key":"GamblersBrew"}],"is_trial":false,"path_per_floor":["M","M","?","M","?","R","E","$","T","?","R","?","?","M","R","B",null,"M","?","$","?","?","R","M","M","T","R","M","M","$","M","R","B",null,"M","?","M","$","M","R","?","R","T","M","E","$","?","M","R","B"],"character_chosen":"DEFECT","items_purchased":["Tempest","Capacitor","Whetstone","Lantern","Master of Strategy","Static Discharge"],"campfire_rested":6,"item_purchase_floors":[8,8,20,38,46,46],"current_hp_per_floor":[66,65,58,46,46,46,41,41,41,28,46,43,43,38,56,39,63,53,37,37,58,58,58,42,34,34,63,39,49,49,29,62,23,63,48,48,58,58,37,63,55,55,62,56,45,45,45,47,84,29],"gold":378,"neow_bonus":"THREE_RARE_CARDS","is_prod":false,"is_daily":false,"chose_seed":false,"campfire_upgraded":3,"win_rate":0,"timestamp":1533464499,"path_taken":["M","M","?","M","?","R","E","$","T","?","R","?","?","M","R","BOSS","M","?","$","?","?","R","M","M","T","R","M","?","?","M","R","BOSS","M","?","M","$","M","R","?","R","T","M","E","$","?","M","R","BOSS"],"build_version":"2018-08-02","purchased_purges":2,"victory":true,"max_hp_per_floor":[68,68,68,68,63,63,63,63,63,63,63,63,63,63,63,63,63,63,63,63,63,63,63,63,63,63,63,63,63,63,63,63,63,63,63,63,63,63,63,63,63,63,70,70,84,84,84,84,84,84],"card_choices":[{"not_picked":["Core Surge","Biased Cognition"],"picked":"Thunder Strike","floor":0},{"not_picked":["Hologram","Glacier"],"picked":"Static Discharge","floor":1},{"not_picked":["Conserve Battery","Skim"],"picked":"Genetic Algorithm","floor":2},{"not_picked":["Capacitor","Consume"],"picked":"Ball Lightning","floor":4},{"not_picked":["Rip and Tear","Leap"],"picked":"Rebound","floor":7},{"not_picked":["Fusion","Beam Cell","Doom and Gloom"],"picked":"SKIP","floor":14},{"not_picked":["Hyperbeam","Amplify"],"picked":"Machine Learning","floor":16},{"not_picked":["Rebound","Sweeping Beam"],"picked":"Capacitor+1","floor":18},{"not_picked":["Go for the Eyes","Stack+1","Turbo"],"picked":"SKIP","floor":24},{"not_picked":["Recycle+1","Hologram"],"picked":"Self Repair+1","floor":25},{"not_picked":["Echo Form","Redo","Ball Lightning"],"picked":"SKIP","floor":28},{"not_picked":["Ball Lightning","Streamline"],"picked":"Redo+1","floor":29},{"not_picked":["Coolheaded+1","Sunder","Turbo"],"picked":"SKIP","floor":31},{"not_picked":["Meteor Strike","All For One"],"picked":"Echo Form","floor":33},{"not_picked":["Turbo+1","Darkness"],"picked":"Leap","floor":35},{"not_picked":["Scrape","Reprogram+1"],"picked":"Gash+1","floor":37},{"not_picked":["Sweeping Beam","Conserve Battery","Ball Lightning"],"picked":"SKIP","floor":39},{"not_picked":["Chill+1","Loop+1"],"picked":"Reprogram+1","floor":44},{"not_picked":["Rainbow","Turbo+1","Steam Power+1"],"picked":"SKIP","floor":45},{"not_picked":["Coolheaded","Gash"],"picked":"Hologram+1","floor":48}],"player_experience":126114,"relics_obtained":[{"floor":7,"key":"Peace Pipe"},{"floor":9,"key":"Bottled Tornado"},{"floor":19,"key":"Enchiridion"},{"floor":26,"key":"Regal Pillow"},{"floor":43,"key":"Strawberry"},{"floor":45,"key":"Mango"}],"event_choices":[{"event_name":"Golden Wing","player_choice":"Card Removal","floor":3,"damage_taken":0},{"event_name":"Golden Idol","player_choice":"Lose Max HP","floor":5,"damage_taken":0},{"event_name":"Shining Light","player_choice":"Entered Light","floor":10,"damage_taken":0},{"event_name":"Scrap Ooze","player_choice":"success","floor":12,"damage_taken":3},{"event_name":"Living Wall","player_choice":"Grow","floor":13,"damage_taken":0},{"event_name":"Cursed Tome","player_choice":"Obtained Book","floor":19,"damage_taken":0},{"event_name":"The Library","player_choice":"Heal","floor":21,"damage_taken":0},{"event_name":"Beggar","player_choice":"Gave Gold","floor":22,"damage_taken":0},{"event_name":"Golden Shrine","player_choice":"Pray","floor":36,"damage_taken":0},{"event_name":"Winding Halls","player_choice":"Embrace Madness","floor":41,"damage_taken":0},{"event_name":"The Moai Head","player_choice":"Gave Idol","floor":47,"damage_taken":0}],"is_beta":false,"boss_relics":[{"not_picked":["Cursed Key","Sozu"],"picked":"Runic Pyramid"},{"not_picked":["Velvet Choker","Busted Crown"],"picked":"Nuclear Battery"}],"items_purged_floors":[20,38],"is_endless":false,"potions_floor_spawned":[1,4,7,14,16,24,29,39,44,48],"ascension_level":2}