{"gold_per_floor":[109,119,119,137,137,137,172,185,185,215,225,239,239,253,253,353,353,369,381,32,32,32,57,57,90,90,120,120,137,137,147,147,244,244,257,257,267,48,148,182,182,182,182,229,254,7,7,19,19,19],"floor_reached":51,"playtime":3538,"items_purged":["Strike_B","Defend_B"],"score":1322,"play_id":"bc7bb258-a91d-4c31-95f6-8b6bea915bb4","local_time":"20190825224515","is_ascension_mode":true,"campfire_choices":[{"data":"Static Discharge","floor":6,"key":"SMITH"},{"floor":13,"key":"REST"},{"data":"Loop","floor":15,"key":"SMITH"},{"floor":24,"key":"REST"},{"data":"Chill","floor":28,"key":"SMITH"},{"data":"Biased Cognition","floor":30,"key":"SMITH"},{"floor":32,"key":"REST"},{"data":"Seek","floor":41,"key":"SMITH"},{"data":"Defragment","floor":47,"key":"SMITH"},{"floor":49,"key":"REST"}],"neow_cost":"NONE","seed_source_timestamp":46626342457224,"circlet_count":0,"master_deck":["AscendersBane","Defend_B","Defend_B","Defend_B","Zap","Dualcast","Seek+1","Capacitor","Static Discharge+1","Loop+1","BootSequence","Conserve Battery","Ball Lightning","Chill+1","Doom and Gloom","Coolheaded","Electrodynamics","White Noise","Self Repair","Compile Driver+1","Undo+1","Cold Snap","Biased Cognition+1","Defragment+1","Buffer","Lockon+1","Force Field+1","Multi-Cast+1","Double Energy","Echo Form","Skim","Steam Power+1"],"relics":["Cracked Core","Symbiotic Virus","Vajra","Bag of Marbles","Art of War","Cursed Key","Medical Kit","Boot","Pantograph","Meat on the Bone","Bronze Scales","Astrolabe","Spirit Poop","Omamori","Turnip","Bottled Lightning","Potion Belt","Girya","Toxic Egg 2"],"potions_floor_usage":[10,23,23,33,40,40,45,50,50,50],"damage_taken":[{"damage":1,"enemies":"Cultist","floor":1,"turns":3},{"damage":13,"enemies":"Jaw Worm","floor":2,"turns":4},{"damage":0,"enemies":"Small Slimes","floor":4,"turns":3},{"damage":30,"enemies":"3 Sentries","floor":7,"turns":6},{"damage":5,"enemies":"3 Louse","floor":8,"turns":4},{"damage":13,"enemies":"Lagavulin","floor":10,"turns":7},{"damage":3,"enemies":"Gremlin Gang","floor":11,"turns":5},{"damage":2,"enemies":"Exordium Thugs","floor":12,"turns":4},{"damage":0,"enemies":"2 Fungi Beasts","floor":14,"turns":2},{"damage":10,"enemies":"The Guardian","floor":16,"turns":10},{"damage":14,"enemies":"2 Thieves","floor":18,"turns":3},{"damage":2,"enemies":"Chosen","floor":19,"turns":4},{"damage":19,"enemies":"Book of Stabbing","floor":23,"turns":4},{"damage":0,"enemies":"Gremlin Leader","floor":25,"turns":6},{"damage":34,"enemies":"Book of Stabbing","floor":27,"turns":4},{"damage":5,"enemies":"Shelled Parasite and Fungi","floor":29,"turns":4},{"damage":29,"enemies":"Cultist and Chosen","floor":31,"turns":5},{"damage":16,"enemies":"Collector","floor":33,"turns":10},{"damage":2,"enemies":"3 Darklings","floor":35,"turns":3},{"damage":1,"enemies":"3 Shapes","floor":37,"turns":4},{"damage":16,"enemies":"Mind Bloom Boss Battle","floor":39,"turns":6},{"damage":15,"enemies":"Reptomancer","floor":40,"turns":7},{"damage":30,"enemies":"2 Orb Walkers","floor":44,"turns":4},{"damage":0,"enemies":"Nemesis","floor":45,"turns":5},{"damage":3,"enemies":"Sphere and 2 Shapes","floor":48,"turns":6},{"damage":34,"enemies":"Donu and Deca","floor":50,"turns":5}],"seed_played":"-8876846112611059459","potions_obtained":[{"floor":1,"key":"PowerPotion"},{"floor":7,"key":"Dexterity Potion"},{"floor":12,"key":"SpeedPotion"},{"floor":14,"key":"Block Potion"},{"floor":23,"key":"Ancient Potion"},{"floor":25,"key":"Dexterity Potion"},{"floor":31,"key":"PowerPotion"},{"floor":37,"key":"AttackPotion"},{"floor":40,"key":"EssenceOfSteel"},{"floor":48,"key":"FearPotion"}],"is_trial":false,"path_per_floor":["M","M","?","M","T","R","E","M","T","E","M","M","R","M","R","B",null,"M","M","$","?","?","E","R","E","T","E","R","M","R","M","R","B",null,"M","?","M","$","?","E","R","?","T","?","E","$","R","M","R","B",null],"character_chosen":"DEFECT","items_purchased":["Self Repair","Medical Kit","Double Energy","Omamori","Block Potion","PowerPotion","Poison Potion"],"campfire_rested":4,"item_purchase_floors":[20,20,38,38,46,46,46],"current_hp_per_floor":[67,54,59,59,59,59,29,24,24,11,8,6,30,30,30,20,65,51,49,49,49,49,37,61,68,68,53,53,48,48,38,62,71,78,80,80,80,80,71,63,63,63,63,52,59,59,59,63,80,46],"gold":19,"neow_bonus":"ONE_RANDOM_RARE_CARD","is_prod":false,"is_daily":false,"chose_seed":false,"campfire_upgraded":6,"win_rate":0,"timestamp":1566765915,"path_taken":["M","?","?","M","?","R","E","M","T","E","M","M","R","M","R","BOSS","M","M","$","?","?","E","R","E","T","E","R","M","R","M","R","BOSS","M","?","?","$","?","E","R","?","T","?","E","$","R","M","R","BOSS"],"build_version":"2019-07-17","purchased_purges":2,"victory":true,"max_hp_per_floor":[75,75,80,80,80,80,80,80,80,80,80,80,80,80,80,80,80,80,80,80,80,80,80,80,80,80,80,80,80,80,80,80,80,80,80,80,80,80,80,80,80,80,80,80,80,80,80,80,80,80],"card_choices":[{"not_picked":["Blizzard","Streamline"],"picked":"Capacitor","floor":1},{"not_picked":["Stack","Beam Cell"],"picked":"Static Discharge","floor":2},{"not_picked":["Go for the Eyes","Reprogram"],"picked":"Loop","floor":4},{"not_picked":["Recycle","Blizzard"],"picked":"BootSequence","floor":7},{"not_picked":["Tempest","Turbo"],"picked":"Conserve Battery","floor":8},{"not_picked":["Turbo","Thunder Strike"],"picked":"Ball Lightning","floor":10},{"not_picked":["Turbo","Rebound"],"picked":"Chill","floor":11},{"not_picked":["Force Field","Static Discharge"],"picked":"Doom and Gloom","floor":12},{"not_picked":["Beam Cell","Ball Lightning"],"picked":"Coolheaded","floor":14},{"not_picked":["Thunder Strike","Reboot"],"picked":"Electrodynamics","floor":16},{"not_picked":["Double Energy","Leap","Go for the Eyes"],"picked":"SKIP","floor":18},{"not_picked":["Rebound","Cold Snap"],"picked":"White Noise","floor":19},{"not_picked":["Heatsinks","Conserve Battery"],"picked":"Compile Driver+1","floor":23},{"not_picked":["Compile Driver+1","Double Energy+1"],"picked":"Undo+1","floor":25},{"not_picked":["Blizzard","Tempest"],"picked":"Cold Snap","floor":27},{"not_picked":["Ball Lightning","Self Repair"],"picked":"Biased Cognition","floor":29},{"not_picked":["Sweeping Beam+1","Melter"],"picked":"Defragment","floor":31},{"not_picked":["All For One","Reboot"],"picked":"Buffer","floor":33},{"not_picked":["Go for the Eyes","Gash"],"picked":"White Noise","floor":35},{"not_picked":["Static Discharge","Sweeping Beam+1","Gash"],"picked":"SKIP","floor":37},{"not_picked":["Static Discharge","Stack"],"picked":"Echo Form","floor":40},{"not_picked":["Darkness","Turbo+1"],"picked":"Skim","floor":44},{"not_picked":["Rebound+1","Hologram"],"picked":"Steam Power+1","floor":45},{"not_picked":["Ball Lightning","Sweeping Beam+1","Hello World"],"picked":"SKIP","floor":48}],"player_experience":1028081,"relics_obtained":[{"floor":5,"key":"Symbiotic Virus"},{"floor":7,"key":"Vajra"},{"floor":9,"key":"Bag of Marbles"},{"floor":10,"key":"Art of War"},{"floor":23,"key":"Boot"},{"floor":25,"key":"Pantograph"},{"floor":26,"key":"Meat on the Bone"},{"floor":27,"key":"Bronze Scales"},{"floor":39,"key":"Turnip"},{"floor":40,"key":"Bottled Lightning"},{"floor":43,"key":"Potion Belt"},{"floor":44,"key":"Girya"},{"floor":45,"key":"Toxic Egg 2"}],"event_choices":[{"damage_healed":0,"gold_gain":0,"player_choice":"Donut","damage_taken":0,"max_hp_gain":5,"max_hp_loss":0,"event_name":"Big Fish","floor":3,"gold_loss":0},{"damage_healed":0,"gold_gain":0,"player_choice":"Ignored","damage_taken":0,"max_hp_gain":0,"max_hp_loss":0,"event_name":"Vampires","floor":21,"gold_loss":0},{"damage_healed":0,"gold_gain":0,"player_choice":"Ignored","damage_taken":0,"max_hp_gain":0,"max_hp_loss":0,"event_name":"Cursed Tome","floor":22,"gold_loss":0},{"cards_removed":["Decay"],"damage_healed":0,"gold_gain":0,"player_choice":"Offered Curse","damage_taken":0,"relics_obtained":["Spirit Poop"],"max_hp_gain":0,"max_hp_loss":0,"event_name":"Bonfire Elementals","floor":36,"gold_loss":0},{"damage_healed":0,"gold_gain":0,"player_choice":"Fight","damage_taken":0,"max_hp_gain":0,"max_hp_loss":0,"event_name":"MindBloom","floor":39,"gold_loss":0},{"cards_removed":["White Noise"],"damage_healed":0,"gold_gain":0,"player_choice":"Removed Skill","damage_taken":0,"max_hp_gain":0,"max_hp_loss":0,"event_name":"Falling","floor":42,"gold_loss":0},{"damage_healed":0,"gold_gain":0,"player_choice":"Fight","damage_taken":0,"max_hp_gain":0,"max_hp_loss":0,"event_name":"Mysterious Sphere","floor":44,"gold_loss":0}],"is_beta":false,"boss_relics":[{"not_picked":["Sozu","Black Star"],"picked":"Cursed Key"},{"not_picked":["Calling Bell","Tiny House"],"picked":"Astrolabe"}],"items_purged_floors":[20,46],"is_endless":false,"potions_floor_spawned":[1,7,12,14,23,25,27,31,37,40,48],"ascension_level":11}