{"gold_per_floor":[115,127,127,77,88,88,107,107,130,130,103,120,195,195,195,295,295,275,295,295,295,309,309,327,327,327,339,339,356,356,39,39,143,143,162,174,194,211,211,211,224,71,71,71],"floor_reached":44,"playtime":2656,"items_purged":["Calculated Gamble"],"score":429,"play_id":"cbd84b65-18e6-497f-8488-e19feacf097c","local_time":"20180807234723","is_ascension_mode":false,"campfire_choices":[{"data":"Neutralize","floor":6,"key":"SMITH"},{"data":"Dodge and Roll","floor":10,"key":"SMITH"},{"data":"Blur","floor":15,"key":"SMITH"},{"data":"Caltrops","floor":23,"key":"SMITH"},{"data":"Leg Sweep","floor":25,"key":"SMITH"},{"floor":28,"key":"REST"},{"floor":32,"key":"REST"},{"data":"Dash","floor":40,"key":"SMITH"}],"neow_cost":"NONE","seed_source_timestamp":220570548003073,"circlet_count":0,"master_deck":["Defend_G","Defend_G","Strike_G","Strike_G","Strike_G","Strike_G","Survivor","Neutralize+1","Caltrops+1","Dodge and Roll+1","Dodge and Roll","Blur+1","Envenom","Blur","Leg Sweep+1","Poisoned Stab","Injury","Infinite Blades+1","Malaise","Poisoned Stab","Blade Dance","Dash+1","Poisoned Stab+1","Madness","Madness","Backflip+1"],"relics":["Empty Cage","Oddly Smooth Stone","Cursed Key","Matryoshka","Letter Opener","Orrery","Omamori","Boot","Bag of Preparation"],"potions_floor_usage":[16,16,16,19,22,24,33],"damage_taken":[{"damage":5,"enemies":"Small Slimes","floor":1,"turns":3},{"damage":5,"enemies":"2 Louse","floor":2,"turns":3},{"damage":4,"enemies":"Jaw Worm","floor":5,"turns":5},{"damage":8,"enemies":"3 Louse","floor":7,"turns":5},{"damage":5,"enemies":"Exordium Thugs","floor":11,"turns":8},{"damage":9,"enemies":"Large Slime","floor":12,"turns":10},{"damage":14,"enemies":"The Guardian","floor":16,"turns":24},{"damage":2,"enemies":"2 Thieves","floor":18,"turns":4},{"damage":3,"enemies":"3 Byrds","floor":19,"turns":6},{"damage":15,"enemies":"Slaver and Parasite","floor":22,"turns":15},{"damage":21,"enemies":"Cultist and Chosen","floor":24,"turns":9},{"damage":27,"enemies":"3 Cultists","floor":27,"turns":9},{"damage":6,"enemies":"Chosen and Byrds","floor":29,"turns":7},{"damage":36,"enemies":"Champ","floor":33,"turns":18},{"damage":19,"enemies":"3 Shapes","floor":35,"turns":6},{"damage":15,"enemies":"Orb Walker","floor":36,"turns":6},{"damage":3,"enemies":"Maw","floor":37,"turns":10},{"damage":2,"enemies":"4 Shapes","floor":38,"turns":10},{"damage":16,"enemies":"3 Darklings","floor":41,"turns":9},{"damage":25,"enemies":"Spire Growth","floor":44,"turns":4}],"seed_played":"1637190698151859215","potions_obtained":[{"floor":1,"key":"Ancient Potion"},{"floor":2,"key":"AttackPotion"},{"floor":7,"key":"EssenceOfSteel"},{"floor":16,"key":"Fire Potion"},{"floor":18,"key":"Fire Potion"},{"floor":21,"key":"Fruit Juice"},{"floor":21,"key":"Strength Potion"},{"floor":24,"key":"GamblersBrew"},{"floor":36,"key":"SmokeBomb"},{"floor":38,"key":"Ancient Potion"}],"is_trial":false,"path_per_floor":["M","M","?","?","M","R","M","?","T","R","M","M","?","?","R","B",null,"M","M","?","?","M","R","M","R","T","M","R","M","?","$","R","B",null,"M","M","M","M","?","R","M","$","T"],"character_chosen":"THE_SILENT","items_purchased":["Letter Opener","Omamori"],"campfire_rested":2,"item_purchase_floors":[31,42],"current_hp_per_floor":[65,60,60,60,56,56,48,53,53,53,48,39,28,28,28,14,75,73,70,70,70,60,60,39,39,39,12,36,30,15,15,40,4,85,66,51,48,46,35,35,19,19,19,0],"gold":71,"neow_bonus":"BOSS_RELIC","is_prod":false,"is_daily":false,"chose_seed":false,"campfire_upgraded":6,"win_rate":0,"timestamp":1533653243,"path_taken":["M","M","?","?","?","R","M","?","T","R","M","M","?","?","R","BOSS","M","M","?","?","M","R","?","R","T","M","R","M","?","$","R","BOSS","M","?","M","M","?","R","?","?","T","M"],"build_version":"2018-08-02","purchased_purges":1,"victory":false,"max_hp_per_floor":[70,70,70,70,70,70,70,75,75,75,75,75,75,75,75,75,75,75,75,75,75,80,80,80,80,80,80,80,80,85,85,85,85,85,85,85,85,85,85,85,85,85,85,85],"card_choices":[{"not_picked":["Prepared","All Out Attack"],"picked":"Calculated Gamble","floor":1},{"not_picked":["Sucker Punch","Blade Dance"],"picked":"Caltrops","floor":2},{"not_picked":["Reflex","Dagger Throw"],"picked":"Dodge and Roll","floor":5},{"not_picked":["Heel Hook","Prepared"],"picked":"Dodge and Roll","floor":7},{"not_picked":["Deflect","Cloak And Dagger","Dagger Throw"],"picked":"SKIP","floor":11},{"not_picked":["Slice","Prepared"],"picked":"Blur","floor":12},{"not_picked":["Tools of the Trade","Unload"],"picked":"Envenom","floor":16},{"not_picked":["PiercingWail","Slice","All Out Attack"],"picked":"SKIP","floor":18},{"not_picked":["Underhanded Strike+1","Outmaneuver+1"],"picked":"Blur","floor":19},{"not_picked":["Catalyst","Skewer"],"picked":"Leg Sweep","floor":22},{"not_picked":["Dodge and Roll","PiercingWail"],"picked":"Poisoned Stab","floor":24},{"not_picked":["Bouncing Flask","Eviscerate"],"picked":"Infinite Blades+1","floor":27},{"not_picked":["Backflip","Bouncing Flask","Flying Knee"],"picked":"SKIP","floor":29},{"not_picked":["Phantasmal Killer","Bullet Time"],"picked":"Malaise","floor":33},{"not_picked":["PiercingWail","Deadly Poison"],"picked":"Poisoned Stab","floor":34},{"not_picked":["Deadly Poison","Underhanded Strike"],"picked":"Blade Dance","floor":34},{"not_picked":["Phantasmal Killer","Underhanded Strike","Acrobatics+1"],"picked":"SKIP","floor":35},{"not_picked":["Acrobatics","Deflect","Outmaneuver"],"picked":"SKIP","floor":36},{"not_picked":["Dodge and Roll+1","Underhanded Strike"],"picked":"Dash","floor":37},{"not_picked":["Doppelganger","PiercingWail+1"],"picked":"Poisoned Stab+1","floor":38},{"not_picked":["Quick Slash+1","Blur"],"picked":"Backflip+1","floor":41}],"player_experience":161516,"relics_obtained":[{"floor":9,"key":"Oddly Smooth Stone"},{"floor":26,"key":"Matryoshka"},{"floor":43,"key":"Boot"},{"floor":43,"key":"Bag of Preparation"}],"event_choices":[{"event_name":"Shining Light","player_choice":"Ignored","floor":3,"damage_taken":0},{"event_name":"The Cleric","player_choice":"Card Removal","floor":4,"damage_taken":0},{"event_name":"Big Fish","player_choice":"Donut","floor":8,"damage_taken":0},{"event_name":"World of Goop","player_choice":"Gather Gold","floor":13,"damage_taken":0},{"event_name":"Purifier","player_choice":"One Purge","floor":14,"damage_taken":0},{"event_name":"Cursed Tome","player_choice":"Ignored","floor":20,"damage_taken":0},{"event_name":"The Lab","player_choice":"Got Potions","floor":21,"damage_taken":0},{"event_name":"Forgotten Altar","player_choice":"Shed Blood","floor":30,"damage_taken":0},{"event_name":"Winding Halls","player_choice":"Embrace Madness","floor":39,"damage_taken":0}],"is_beta":false,"boss_relics":[{"not_picked":["Pandora\u0027s Box","WristBlade"],"picked":"Cursed Key"},{"not_picked":["Astrolabe","Snecko Eye"],"picked":"Orrery"}],"items_purged_floors":[31],"is_endless":false,"potions_floor_spawned":[1,2,7,16,18,24,36,38],"killed_by":"Spire Growth","ascension_level":0}