{"gold_per_floor":[112,122,142,155,169,194,194,213,213,213,248,248,248,248,248,378,378,394,408,101,119,34,34,67,67,122,122,122,142,142,157,157,157],"floor_reached":33,"playtime":1596,"items_purged":["Strike_B"],"score":468,"play_id":"a224260f-93a9-4122-81fc-9ced1ccd11ba","local_time":"20190915184219","is_ascension_mode":true,"campfire_choices":[{"floor":7.0,"key":"REST"},{"floor":10.0,"key":"REST"},{"floor":13.0,"key":"REST"},{"data":"Echo Form","floor":15.0,"key":"SMITH"},{"floor":23.0,"key":"REST"},{"data":"Hologram","floor":25,"key":"SMITH"},{"floor":28,"key":"REST"},{"floor":32,"key":"REST"}],"neow_cost":"NONE","seed_source_timestamp":146932340439500,"circlet_count":0,"master_deck":["AscendersBane","Strike_B","Defend_B","Defend_B","Defend_B","Defend_B","Zap+1","Dualcast","Sweeping Beam","Leap","Conserve Battery","Ball Lightning","Conserve Battery","Echo Form+1","Reboot","Double Energy","Conserve Battery+1","Thunder Strike","Ball Lightning","Hologram+1","Leap","Conserve Battery","Rip and Tear","Heatsinks"],"special_seed":0,"relics":["Cracked Core","Pen Nib","Potion Belt","Regal Pillow","Golden Idol","Nuclear Battery","Oddly Smooth Stone","Letter Opener","Boot"],"potions_floor_usage":[24,24],"damage_taken":[{"damage":0.0,"enemies":"Cultist","floor":1.0,"turns":4.0},{"damage":8.0,"enemies":"Small Slimes","floor":2.0,"turns":3.0},{"damage":1.0,"enemies":"2 Louse","floor":3.0,"turns":3.0},{"damage":2.0,"enemies":"Looter","floor":4.0,"turns":3.0},{"damage":8.0,"enemies":"Blue Slaver","floor":5.0,"turns":3.0},{"damage":36.0,"enemies":"Gremlin Nob","floor":6.0,"turns":4.0},{"damage":13.0,"enemies":"Large Slime","floor":8.0,"turns":4.0},{"damage":23.0,"enemies":"3 Sentries","floor":11.0,"turns":6.0},{"damage":28.0,"enemies":"The Guardian","floor":16.0,"turns":13.0},{"damage":15.0,"enemies":"Spheric Guardian","floor":18.0,"turns":6.0},{"damage":21.0,"enemies":"Shell Parasite","floor":19.0,"turns":5.0},{"damage":16.0,"enemies":"Snake Plant","floor":21.0,"turns":4.0},{"damage":33,"enemies":"Slavers","floor":24,"turns":6},{"damage":16,"enemies":"Snecko","floor":29,"turns":7},{"damage":10,"enemies":"Shelled Parasite and Fungi","floor":31,"turns":5},{"damage":78,"enemies":"Collector","floor":33,"turns":7}],"seed_played":"7550217053910553052","potions_obtained":[{"floor":2.0,"key":"Ancient Potion"},{"floor":4.0,"key":"Poison Potion"},{"floor":6.0,"key":"Ancient Potion"},{"floor":18.0,"key":"Poison Potion"},{"floor":19.0,"key":"Regen Potion"}],"is_trial":false,"path_per_floor":["M","M","M","M","M","E","R","M","T","R","E","?","R","?","R","B",null,"M","M","$","M","?","R","E","R","T","?","R","M","?","M","R","B"],"character_chosen":"DEFECT","items_purchased":["Thunder Strike","Ball Lightning","Fire Potion"],"campfire_rested":6,"item_purchase_floors":[20,20,20],"current_hp_per_floor":[68,60,59,57,49,13,35,22,22,44,21,21,58,58,58,30,59,44,23,23,19,19,54,21,21,21,21,56,40,40,30,65,0],"gold":157,"neow_bonus":"UPGRADE_CARD","is_prod":false,"is_daily":false,"chose_seed":false,"campfire_upgraded":2,"win_rate":0,"timestamp":1568540539,"path_taken":["M","M","?","M","?","E","R","M","T","R","E","?","R","?","R","BOSS","M","M","$","M","?","R","E","R","T","?","R","M","?","M","R","BOSS"],"build_version":"2019-07-17","purchased_purges":1,"victory":false,"max_hp_per_floor":[75,75,75,75,75,75,75,75,75,75,75,75,75,69,69,69,69,69,69,69,69,69,69,69,69,69,69,69,69,69,69,69,69],"card_choices":[{"not_picked":["Gash","Coolheaded"],"picked":"Sweeping Beam","floor":1.0},{"not_picked":["Go for the Eyes","BootSequence"],"picked":"Leap","floor":2.0},{"not_picked":["Rip and Tear","Melter"],"picked":"Conserve Battery","floor":3.0},{"not_picked":["Rip and Tear","BootSequence"],"picked":"Ball Lightning","floor":4.0},{"not_picked":["Turbo","Barrage","All For One"],"picked":"SKIP","floor":5.0},{"not_picked":["Reprogram","Darkness","Streamline"],"picked":"SKIP","floor":6.0},{"not_picked":["Cold Snap","Redo"],"picked":"Conserve Battery","floor":8.0},{"not_picked":["Reprogram","Undo"],"picked":"Echo Form","floor":11.0},{"not_picked":["Machine Learning","Meteor Strike"],"picked":"Reboot","floor":16.0},{"not_picked":["Sweeping Beam","Steam"],"picked":"Double Energy","floor":18.0},{"not_picked":["Rebound","Defragment+1"],"picked":"Conserve Battery+1","floor":19.0},{"not_picked":["Tempest","Cold Snap"],"picked":"Hologram","floor":21.0},{"not_picked":["Go for the Eyes","Cold Snap"],"picked":"Leap","floor":24},{"not_picked":["Melter","Streamline+1"],"picked":"Conserve Battery","floor":29},{"not_picked":["Tempest+1","Reprogram","Rebound"],"picked":"SKIP","floor":31}],"player_experience":322837,"relics_obtained":[{"floor":6.0,"key":"Pen Nib"},{"floor":9.0,"key":"Potion Belt"},{"floor":11.0,"key":"Regal Pillow"},{"floor":24,"key":"Letter Opener"},{"floor":26,"key":"Boot"}],"event_choices":[{"damage_healed":0.0,"max_hp_gain":0.0,"max_hp_loss":0.0,"gold_gain":0.0,"event_name":"Golden Wing","player_choice":"Ignored","floor":12.0,"gold_loss":0.0,"damage_taken":0.0},{"damage_healed":0.0,"max_hp_gain":0.0,"max_hp_loss":6.0,"gold_gain":0.0,"event_name":"Golden Idol","player_choice":"Lose Max HP","floor":14.0,"gold_loss":0.0,"damage_taken":0.0,"relics_obtained":["Golden Idol"]},{"damage_healed":0.0,"max_hp_gain":0.0,"max_hp_loss":0.0,"gold_gain":0.0,"event_name":"Addict","player_choice":"Obtained Relic","floor":22.0,"gold_loss":85.0,"damage_taken":0.0,"relics_obtained":["Oddly Smooth Stone"]},{"damage_healed":0,"gold_gain":0,"player_choice":"Ignored","damage_taken":0,"max_hp_gain":0,"max_hp_loss":0,"event_name":"Cursed Tome","floor":27,"gold_loss":0},{"damage_healed":0,"gold_gain":0,"cards_transformed":["Strike_B","Strike_B"],"player_choice":"Became Test Subject","damage_taken":0,"max_hp_gain":0,"max_hp_loss":0,"event_name":"Drug Dealer","floor":30,"gold_loss":0,"cards_obtained":["Rip and Tear","Heatsinks"]}],"is_beta":false,"boss_relics":[{"not_picked":["Runic Dome","FrozenCore"],"picked":"Nuclear Battery"}],"items_purged_floors":[20],"is_endless":false,"potions_floor_spawned":[2,4,5,6,18,19],"killed_by":"Collector","ascension_level":12}