{"gold_per_floor":[119,134,134,134,150,150,178,178,246,258,289,303,303,253,253,350,350,350,305,305,67,67,67,67,67,67,67,67,67,67,67,67,67,67,67,67,16,16,16,16,16,16],"floor_reached":42,"playtime":2751,"items_purged":["Strike_B"],"score":599,"play_id":"7e8df786-9c07-495f-90a6-961fda9f8422","local_time":"20190801003530","is_ascension_mode":true,"campfire_choices":[{"data":"Doom and Gloom","floor":6,"key":"SMITH"},{"data":"Beam Cell","floor":8,"key":"SMITH"},{"floor":13,"key":"REST"},{"data":"Darkness","floor":15,"key":"SMITH"},{"floor":24,"key":"REST"},{"floor":28,"key":"REST"},{"floor":32,"key":"REST"},{"data":"Redo","floor":40,"key":"SMITH"}],"neow_cost":"NONE","seed_source_timestamp":52216681653127,"circlet_count":0,"master_deck":["Defend_B","Defend_B","Defend_B+1","Defend_B+1","Zap","Dualcast","Reinforced Body","Ball Lightning","Doom and Gloom+1","Beam Cell+1","Cold Snap","Darkness+1","Redo+1","Stack","Biased Cognition","Gash","Loop+1","Go for the Eyes","Defragment","Redo","BootSequence","Auto Shields","Hologram","Leap+1","Multi-Cast","Dark Shackles","Redo","Hologram+1"],"relics":["Cracked Core","Bronze Scales","Mummified Hand","Ancient Tea Set","Ectoplasm","Red Mask","Singing Bowl","Mercury Hourglass","Pear","Eternal Feather","StoneCalendar","Sundial"],"potions_floor_usage":[23,23,29,33,41,41],"damage_taken":[{"damage":0,"enemies":"Jaw Worm","floor":1,"turns":4},{"damage":0,"enemies":"2 Louse","floor":2,"turns":2},{"damage":0,"enemies":"Small Slimes","floor":5,"turns":2},{"damage":17,"enemies":"3 Sentries","floor":7,"turns":5},{"damage":1,"enemies":"Gremlin Gang","floor":10,"turns":3},{"damage":10,"enemies":"Gremlin Nob","floor":11,"turns":3},{"damage":7,"enemies":"2 Fungi Beasts","floor":12,"turns":2},{"damage":4,"enemies":"The Guardian","floor":16,"turns":7},{"damage":9,"enemies":"Shell Parasite","floor":18,"turns":4},{"damage":22,"enemies":"2 Thieves","floor":19,"turns":3},{"damage":23,"enemies":"Masked Bandits","floor":20,"turns":4},{"damage":15,"enemies":"Gremlin Leader","floor":23,"turns":6},{"damage":18,"enemies":"Book of Stabbing","floor":25,"turns":6},{"damage":0,"enemies":"Snake Plant","floor":27,"turns":2},{"damage":9,"enemies":"Snecko","floor":29,"turns":5},{"damage":18,"enemies":"Shelled Parasite and Fungi","floor":31,"turns":5},{"damage":44,"enemies":"Automaton","floor":33,"turns":9},{"damage":30,"enemies":"3 Darklings","floor":35,"turns":4},{"damage":14,"enemies":"2 Orb Walkers","floor":38,"turns":4},{"damage":14,"enemies":"3 Shapes","floor":39,"turns":3},{"damage":61,"enemies":"Reptomancer","floor":41,"turns":7},{"damage":18,"enemies":"Maw","floor":42,"turns":2}],"seed_played":"5122749288039206205","potions_obtained":[{"floor":1,"key":"Ancient Potion"},{"floor":2,"key":"Swift Potion"},{"floor":11,"key":"Fire Potion"},{"floor":18,"key":"Regen Potion"},{"floor":23,"key":"Ancient Potion"},{"floor":27,"key":"Weak Potion"},{"floor":33,"key":"Regen Potion"},{"floor":41,"key":"SteroidPotion"}],"is_trial":false,"path_per_floor":["M","M","?","?","M","R","E","R","T","M","E","M","R","?","R","B",null,"M","M","?","$","?","E","R","E","T","M","R","M","?","M","R","B",null,"M","?","$","?","M","R","E","M"],"character_chosen":"DEFECT","items_purchased":["Defragment","Redo","BootSequence","Swift Potion"],"campfire_rested":4,"item_purchase_floors":[21,21,21,37],"current_hp_per_floor":[75,75,60,60,60,60,43,43,43,42,32,25,47,47,47,43,75,66,44,21,21,21,21,43,25,35,37,63,56,56,38,64,20,89,61,61,61,49,35,50,4,0],"gold":16,"neow_bonus":"TRANSFORM_CARD","is_prod":false,"is_daily":false,"chose_seed":false,"campfire_upgraded":4,"win_rate":0,"timestamp":1564612530,"path_taken":["M","M","?","?","M","R","E","R","T","M","E","M","R","?","R","BOSS","M","M","?","$","?","E","R","E","T","M","R","M","?","?","R","BOSS","M","?","$","?","M","R","E","M"],"build_version":"2019-07-17","purchased_purges":1,"victory":false,"max_hp_per_floor":[75,75,75,75,75,75,75,75,75,75,75,75,75,75,75,75,75,75,75,75,75,75,75,75,75,85,87,87,89,89,89,89,89,89,91,91,91,93,93,93,93,93],"card_choices":[{"not_picked":["Force Field","Recycle"],"picked":"Ball Lightning","floor":1},{"not_picked":["Beam Cell","Self Repair"],"picked":"Doom and Gloom","floor":2},{"not_picked":["Conserve Battery","Turbo"],"picked":"Beam Cell","floor":5},{"not_picked":["Leap","Hologram"],"picked":"Cold Snap","floor":7},{"not_picked":["Leap","Ball Lightning"],"picked":"Darkness","floor":10},{"not_picked":["Rebound","Darkness"],"picked":"Redo","floor":11},{"not_picked":["Conserve Battery","Coolheaded"],"picked":"Stack","floor":12},{"not_picked":["All For One","Echo Form"],"picked":"Biased Cognition","floor":16},{"not_picked":["Sweeping Beam","Stack"],"picked":"Gash","floor":18},{"not_picked":["Barrage+1","Ball Lightning+1"],"picked":"Loop+1","floor":19},{"not_picked":["FTL+1","Compile Driver+1"],"picked":"Go for the Eyes","floor":20},{"not_picked":["Double Energy","Doom and Gloom"],"picked":"Auto Shields","floor":23},{"not_picked":["Sweeping Beam","Turbo+1"],"picked":"Hologram","floor":25},{"not_picked":["Coolheaded","Rebound","Sunder"],"picked":"Singing Bowl","floor":27},{"not_picked":["Capacitor","Turbo","Coolheaded"],"picked":"Singing Bowl","floor":29},{"not_picked":["Blizzard+1","Conserve Battery"],"picked":"Leap+1","floor":31},{"not_picked":["Core Surge","Meteor Strike"],"picked":"Multi-Cast","floor":33},{"not_picked":["Streamline+1","Leap","Go for the Eyes+1"],"picked":"Singing Bowl","floor":35},{"not_picked":["Mind Blast","Swift Strike"],"picked":"Dark Shackles","floor":36},{"not_picked":["Beam Cell","Barrage","Cold Snap+1"],"picked":"Singing Bowl","floor":38},{"not_picked":["Heatsinks","Scrape"],"picked":"Redo","floor":39},{"not_picked":["Static Discharge","Defragment"],"picked":"Hologram+1","floor":41}],"player_experience":677519,"relics_obtained":[{"floor":7,"key":"Bronze Scales"},{"floor":9,"key":"Mummified Hand"},{"floor":11,"key":"Ancient Tea Set"},{"floor":20,"key":"Red Mask"},{"floor":23,"key":"Singing Bowl"},{"floor":25,"key":"Mercury Hourglass"},{"floor":26,"key":"Pear"},{"floor":38,"key":"StoneCalendar"},{"floor":41,"key":"Sundial"}],"event_choices":[{"damage_healed":0,"gold_gain":0,"player_choice":"Entered Light","damage_taken":15,"max_hp_gain":0,"max_hp_loss":0,"event_name":"Shining Light","floor":3,"gold_loss":0,"cards_upgraded":["Defend_B","Defend_B"]},{"damage_healed":0,"gold_gain":0,"player_choice":"Ignored","damage_taken":0,"max_hp_gain":0,"max_hp_loss":0,"event_name":"Golden Idol","floor":4,"gold_loss":0},{"cards_removed":["Strike_B"],"damage_healed":0,"gold_gain":0,"player_choice":"Card Removal","damage_taken":0,"max_hp_gain":0,"max_hp_loss":0,"event_name":"The Cleric","floor":14,"gold_loss":50},{"damage_healed":0,"gold_gain":0,"player_choice":"Fought Bandits","damage_taken":0,"max_hp_gain":0,"max_hp_loss":0,"event_name":"Masked Bandits","floor":20,"gold_loss":0},{"damage_healed":0,"gold_gain":0,"player_choice":"Ignored","damage_taken":0,"max_hp_gain":0,"max_hp_loss":0,"event_name":"Cursed Tome","floor":22,"gold_loss":0},{"cards_removed":["Strike_B"],"damage_healed":0,"gold_gain":0,"player_choice":"Card Removal","damage_taken":0,"max_hp_gain":0,"max_hp_loss":0,"event_name":"Wheel of Change","floor":30,"gold_loss":0},{"damage_healed":0,"gold_gain":0,"player_choice":"Memory 1","damage_taken":0,"max_hp_gain":0,"max_hp_loss":0,"event_name":"SensoryStone","floor":36,"gold_loss":0},{"damage_healed":0,"gold_gain":0,"player_choice":"Fight","damage_taken":0,"max_hp_gain":0,"max_hp_loss":0,"event_name":"Mysterious Sphere","floor":38,"gold_loss":0}],"is_beta":false,"boss_relics":[{"not_picked":["Calling Bell","Tiny House"],"picked":"Ectoplasm"},{"not_picked":["Astrolabe","Snecko Eye"],"picked":"Eternal Feather"}],"items_purged_floors":[21],"is_endless":false,"potions_floor_spawned":[1,2,11,18,23,27,33,41],"killed_by":"Maw","ascension_level":3}