{"gold_per_floor":[112,123,138,156,170,170,190,190,245,278,288,363,363,388,388,460,460,475,371,296,313,31,31],"floor_reached":23,"playtime":1384,"items_purged":["Strike_R"],"score":427,"play_id":"3a534530-ff06-4299-89c0-ce3340d50fe9","local_time":"20190407111224","is_ascension_mode":true,"campfire_choices":[{"data":"Body Slam","floor":6,"key":"SMITH"},{"data":"Bash","floor":8,"key":"SMITH"},{"data":"Iron Wave","floor":15,"key":"SMITH"}],"neow_cost":"NONE","seed_source_timestamp":1729582039575100,"circlet_count":0,"master_deck":["AscendersBane","Strike_R","Strike_R","Strike_R","Defend_R+1","Defend_R","Defend_R+1","Defend_R","Bash+1","Body Slam+1","Iron Wave+1","Twin Strike","Corruption","Feed","Shrug It Off","Spot Weakness","Juggernaut","Shrug It Off","Shrug It Off","Apotheosis","Shrug It Off","True Grit"],"relics":["Burning Blood","Bag of Marbles","Odd Mushroom","Dodecahedron","War Paint","Regal Pillow","Sozu"],"potions_floor_usage":[7,10,16,23],"damage_taken":[{"damage":1,"enemies":"Cultist","floor":1,"turns":3},{"damage":7,"enemies":"2 Louse","floor":2,"turns":3},{"damage":0,"enemies":"Small Slimes","floor":3,"turns":2},{"damage":11,"enemies":"Looter","floor":4,"turns":4},{"damage":11,"enemies":"3 Louse","floor":5,"turns":6},{"damage":8,"enemies":"The Mushroom Lair","floor":7,"turns":4},{"damage":26,"enemies":"Gremlin Nob","floor":10,"turns":4},{"damage":0,"enemies":"2 Fungi Beasts","floor":11,"turns":4},{"damage":2,"enemies":"Lagavulin","floor":14,"turns":6},{"damage":28,"enemies":"Hexaghost","floor":16,"turns":9},{"damage":14,"enemies":"Chosen","floor":18,"turns":5},{"damage":13,"enemies":"Spheric Guardian","floor":21,"turns":4},{"damage":65,"enemies":"Slavers","floor":23,"turns":5}],"seed_played":"2792925025808596535","potions_obtained":[{"floor":1,"key":"Explosive Potion"},{"floor":5,"key":"SpeedPotion"},{"floor":7,"key":"EssenceOfSteel"},{"floor":10,"key":"LiquidBronze"}],"is_trial":false,"path_per_floor":["M","M","M","M","M","R","?","R","T","E","M","?","?","E","R","B",null,"M","$","?","M","$","E"],"character_chosen":"IRONCLAD","items_purchased":["Shrug It Off","Apotheosis","Shrug It Off","True Grit"],"campfire_rested":0,"item_purchase_floors":[19,22,22,22],"current_hp_per_floor":[73,72,75,70,65,65,63,63,63,43,52,41,41,48,48,26,67,59,59,59,55,55,0],"gold":31,"neow_bonus":"RANDOM_COMMON_RELIC","is_prod":false,"is_daily":false,"chose_seed":false,"campfire_upgraded":3,"win_rate":0,"timestamp":1554624744,"path_taken":["M","M","?","M","M","R","?","R","T","E","M","?","?","E","R","BOSS","M","$","?","M","$","E"],"build_version":"2019-01-23","purchased_purges":1,"victory":false,"max_hp_per_floor":[75,75,75,75,75,75,75,75,75,75,78,78,78,81,81,81,81,81,81,81,84,84,84],"card_choices":[{"not_picked":["Fire Breathing","Infernal Blade","Warcry"],"picked":"SKIP","floor":1},{"not_picked":["Cleave","Brutality"],"picked":"Body Slam","floor":2},{"not_picked":["Power Through","Clothesline"],"picked":"Iron Wave","floor":3},{"not_picked":["Combust","Cleave","Blood for Blood"],"picked":"SKIP","floor":4},{"not_picked":["Perfected Strike","Havoc"],"picked":"Twin Strike","floor":5},{"not_picked":["Entrench","Evolve"],"picked":"Corruption","floor":7},{"not_picked":["Clothesline","Heavy Blade"],"picked":"Feed","floor":10},{"not_picked":["Dropkick","Entrench"],"picked":"Shrug It Off","floor":11},{"not_picked":["Double Tap","Pommel Strike"],"picked":"Spot Weakness","floor":14},{"not_picked":["Reaper","Impervious"],"picked":"Juggernaut","floor":16},{"not_picked":["Spot Weakness","Pommel Strike","Wild Strike"],"picked":"SKIP","floor":18},{"not_picked":["Flex","Sword Boomerang"],"picked":"Shrug It Off","floor":21}],"player_experience":1125447,"relics_obtained":[{"floor":7,"key":"Odd Mushroom"},{"floor":10,"key":"Dodecahedron"},{"floor":14,"key":"Regal Pillow"}],"event_choices":[{"damage_healed":0,"gold_gain":0,"player_choice":"Fought Mushrooms","damage_taken":0,"max_hp_gain":0,"max_hp_loss":0,"event_name":"Mushrooms","floor":7,"gold_loss":0},{"damage_healed":0,"gold_gain":75,"player_choice":"Gather Gold","damage_taken":11,"max_hp_gain":0,"max_hp_loss":0,"event_name":"World of Goop","floor":12,"gold_loss":0},{"damage_healed":0,"gold_gain":0,"player_choice":"Searched \u00271\u0027 times","damage_taken":0,"relics_obtained":["War Paint"],"max_hp_gain":0,"max_hp_loss":0,"event_name":"Dead Adventurer","floor":13,"gold_loss":0},{"damage_healed":0,"gold_gain":0,"player_choice":"Searched \u00271\u0027 times","damage_taken":0,"relics_obtained":["War Paint"],"max_hp_gain":0,"max_hp_loss":0,"event_name":"Dead Adventurer","floor":13,"gold_loss":0},{"cards_removed":["Strike_R"],"damage_healed":0,"gold_gain":0,"player_choice":"Gave Gold","damage_taken":0,"max_hp_gain":0,"max_hp_loss":0,"event_name":"Beggar","floor":20,"gold_loss":75}],"is_beta":false,"boss_relics":[{"not_picked":["Runic Cube","Black Blood"],"picked":"Sozu"}],"items_purged_floors":[19],"is_endless":false,"potions_floor_spawned":[1,5,7,10,14,18],"killed_by":"Slavers","ascension_level":20}