{"gold_per_floor":[112,112,112,136,153,181,181,208,208,208],"floor_reached":10,"playtime":291,"items_purged":[],"score":188,"play_id":"733465fe-50c0-4d62-bcc3-5812f8298905","local_time":"20190918214330","is_ascension_mode":true,"campfire_choices":[],"neow_cost":"NONE","seed_source_timestamp":3669400870296,"circlet_count":0,"master_deck":["AscendersBane","Strike_G","Strike_G","Strike_G","Strike_G","Strike_G","Defend_G","Defend_G","Defend_G","Defend_G","Defend_G","Survivor","Neutralize","Caltrops","Blade Dance","Accuracy","Deadly Poison"],"relics":["Ring of the Snake","NeowsBlessing","Pantograph","Strawberry","Matryoshka","Ornamental Fan","Shuriken","Du-Vu Doll"],"potions_floor_usage":[8,10],"damage_taken":[{"damage":0,"enemies":"Jaw Worm","floor":1,"turns":1},{"damage":0,"enemies":"2 Louse","floor":5,"turns":1},{"damage":0,"enemies":"3 Sentries","floor":6,"turns":1},{"damage":38,"enemies":"Lagavulin","floor":8,"turns":9},{"damage":44,"enemies":"Gremlin Nob","floor":10,"turns":4}],"seed_played":"-3444634820592752952","potions_obtained":[{"floor":1,"key":"Energy Potion"},{"floor":5,"key":"Strength Potion"}],"is_trial":false,"path_per_floor":["M","?","?","T","M","E","?","E","T","E"],"character_chosen":"THE_SILENT","items_purchased":[],"campfire_rested":0,"item_purchase_floors":[],"current_hp_per_floor":[59,59,41,48,48,48,72,34,34,0],"gold":208,"neow_bonus":"THREE_ENEMY_KILL","is_prod":false,"is_daily":false,"chose_seed":false,"campfire_upgraded":0,"win_rate":0,"timestamp":1568835810,"path_taken":["M","?","?","?","?","E","?","E","T","E"],"build_version":"2019-07-17","purchased_purges":0,"victory":false,"max_hp_per_floor":[66,66,66,73,73,73,73,73,73,73],"card_choices":[{"not_picked":["Backflip","Dodge and Roll"],"picked":"Caltrops","floor":1},{"not_picked":["Flying Knee","Dodge and Roll"],"picked":"Blade Dance","floor":5},{"not_picked":["Blade Dance","Expertise"],"picked":"Accuracy","floor":6},{"not_picked":["Underhanded Strike","Outmaneuver"],"picked":"Deadly Poison","floor":8}],"player_experience":1062746,"relics_obtained":[{"floor":4,"key":"Strawberry"},{"floor":6,"key":"Matryoshka"},{"floor":8,"key":"Ornamental Fan"},{"floor":9,"key":"Shuriken"},{"floor":9,"key":"Du-Vu Doll"}],"event_choices":[{"damage_healed":0,"gold_gain":0,"player_choice":"Ignored","damage_taken":0,"max_hp_gain":0,"max_hp_loss":0,"event_name":"Liars Game","floor":2,"gold_loss":0},{"damage_healed":0,"gold_gain":0,"player_choice":"Success","damage_taken":18,"relics_obtained":["Pantograph"],"max_hp_gain":0,"max_hp_loss":0,"event_name":"Scrap Ooze","floor":3,"gold_loss":0},{"damage_healed":24,"gold_gain":0,"player_choice":"Banana","damage_taken":0,"max_hp_gain":0,"max_hp_loss":0,"event_name":"Big Fish","floor":7,"gold_loss":0}],"is_beta":false,"boss_relics":[],"items_purged_floors":[],"is_endless":false,"potions_floor_spawned":[1,5],"killed_by":"Gremlin Nob","ascension_level":18}