{"gold_per_floor":[110,110,110,120,134,134,165,182,229,261,271,271,51,65,65,160,160,170,170,170,22,22,59,84,116,152,182,210,251,263,288,300,312],"floor_reached":33,"playtime":1410,"items_purged":["Strike_B","Normality"],"score":384,"play_id":"c08ac72d-7926-4448-9dce-b5a0f7787a4b","local_time":"20180805172849","is_ascension_mode":true,"campfire_choices":[{"data":"Zap","floor":6,"key":"SMITH"},{"floor":12,"key":"REST"},{"data":"Streamline","floor":15,"key":"SMITH"},{"floor":32,"key":"REST"}],"neow_cost":"NONE","seed_source_timestamp":26298095559423,"circlet_count":0,"master_deck":["Strike_B","Strike_B","Strike_B","Defend_B","Defend_B","Defend_B","Defend_B","Zap+1","Dualcast","Beam Cell+1","Gash","Rebound","Streamline+1","Ball Lightning","Leap","Conserve Battery","Ball Lightning","Leap","Machine Learning","Gash","Chaos+1","Rebound+1","Skim","Gash","Hologram+1","Go for the Eyes"],"relics":["Cracked Core","Ornamental Fan","Regal Pillow","Boot","Meat on the Bone","Lantern","Cables","MawBank","Vajra","Centennial Puzzle","Anchor"],"potions_floor_usage":[23,29,33,33],"damage_taken":[{"damage":12,"enemies":"Jaw Worm","floor":1,"turns":3},{"damage":0,"enemies":"Small Slimes","floor":4,"turns":3},{"damage":1,"enemies":"Cultist","floor":5,"turns":3},{"damage":17,"enemies":"Lagavulin","floor":7,"turns":4},{"damage":7,"enemies":"2 Fungi Beasts","floor":8,"turns":3},{"damage":4,"enemies":"3 Sentries","floor":10,"turns":5},{"damage":10,"enemies":"Red Slaver","floor":11,"turns":2},{"damage":0,"enemies":"Exordium Thugs","floor":14,"turns":3},{"damage":0,"enemies":"Slime Boss","floor":16,"turns":6},{"damage":0,"enemies":"Chosen","floor":18,"turns":4},{"damage":40,"enemies":"Gremlin Leader","floor":23,"turns":7},{"damage":0,"enemies":"3 Byrds","floor":24,"turns":3},{"damage":16,"enemies":"Snake Plant","floor":25,"turns":3},{"damage":3,"enemies":"Cultist and Chosen","floor":27,"turns":4},{"damage":8,"enemies":"Chosen and Byrds","floor":28,"turns":3},{"damage":16,"enemies":"Book of Stabbing","floor":29,"turns":4},{"damage":23,"enemies":"Snake Plant","floor":31,"turns":3},{"damage":71,"enemies":"Collector","floor":33,"turns":7}],"seed_played":"-3557742611033626787","potions_obtained":[{"floor":4,"key":"Weak Potion"},{"floor":7,"key":"Ancient Potion"},{"floor":11,"key":"PowerPotion"},{"floor":24,"key":"Energy Potion"},{"floor":28,"key":"Explosive Potion"},{"floor":31,"key":"Dexterity Potion"}],"is_trial":false,"path_per_floor":["M","?","?","M","M","R","E","M","T","E","M","R","$","M","R","B",null,"M","?","?","$","T","E","M","M","T","M","M","E","?","M","R"],"character_chosen":"DEFECT","items_purchased":["Lantern","Gash"],"campfire_rested":2,"item_purchase_floors":[13,21],"current_hp_per_floor":[63,60,60,60,59,59,42,35,35,31,33,70,70,70,70,70,75,75,75,75,75,75,47,47,43,43,40,44,40,40,29,66,0],"gold":312,"neow_bonus":"THREE_CARDS","is_prod":false,"is_daily":false,"chose_seed":false,"campfire_upgraded":2,"win_rate":0,"timestamp":1533457729,"path_taken":["M","?","?","M","M","R","E","M","T","E","M","R","$","M","R","BOSS","M","?","?","$","?","E","M","M","T","M","M","E","?","M","R","BOSS"],"build_version":"2018-08-02","purchased_purges":2,"victory":false,"max_hp_per_floor":[75,75,75,75,75,75,75,75,75,75,75,75,75,75,75,75,75,75,75,75,75,75,75,75,75,75,75,75,75,75,75,75,75],"card_choices":[{"not_picked":["Rip and Tear","Barrage"],"picked":"Beam Cell","floor":0},{"not_picked":["Hello World","Turbo"],"picked":"Gash","floor":1},{"not_picked":["Glacier","Cold Snap"],"picked":"Rebound","floor":4},{"not_picked":["Steam","Rip and Tear"],"picked":"Streamline","floor":5},{"not_picked":["Compile Driver","Blizzard"],"picked":"Ball Lightning","floor":7},{"not_picked":["Compile Driver","Meteor Strike"],"picked":"Leap","floor":8},{"not_picked":["Stack","Coolheaded"],"picked":"Conserve Battery","floor":10},{"not_picked":["Barrage","Consume"],"picked":"Ball Lightning","floor":11},{"not_picked":["Capacitor","Streamline"],"picked":"Leap","floor":14},{"not_picked":["Multi-Cast","Biased Cognition"],"picked":"Machine Learning","floor":16},{"not_picked":["Turbo","Coolheaded","Hello World"],"picked":"SKIP","floor":18},{"not_picked":["Steam Power","Streamline"],"picked":"Chaos+1","floor":23},{"not_picked":["Recycle","Rip and Tear+1"],"picked":"Rebound+1","floor":24},{"not_picked":["Doom and Gloom","Auto Shields"],"picked":"Skim","floor":25},{"not_picked":["Rip and Tear","Undo"],"picked":"Gash","floor":27},{"not_picked":["FTL+1","Lockon"],"picked":"Hologram+1","floor":28},{"not_picked":["Lockon+1","Force Field","Compile Driver"],"picked":"SKIP","floor":29},{"not_picked":["Ball Lightning+1","Turbo+1"],"picked":"Go for the Eyes","floor":31}],"player_experience":120464,"relics_obtained":[{"floor":7,"key":"Regal Pillow"},{"floor":9,"key":"Boot"},{"floor":10,"key":"Meat on the Bone"},{"floor":22,"key":"MawBank"},{"floor":23,"key":"Vajra"},{"floor":26,"key":"Centennial Puzzle"},{"floor":29,"key":"Anchor"}],"event_choices":[{"event_name":"Scrap Ooze","player_choice":"success","floor":2,"damage_taken":3},{"event_name":"Upgrade Shrine","player_choice":"Upgraded","floor":3,"damage_taken":0},{"event_name":"Accursed Blacksmith","player_choice":"Rummage","floor":19,"damage_taken":0},{"event_name":"Wheel of Change","player_choice":"Full Heal","floor":20,"damage_taken":0},{"event_name":"Ghosts","player_choice":"Ignored","floor":30,"damage_taken":0}],"is_beta":false,"boss_relics":[{"not_picked":[]}],"items_purged_floors":[13,21],"is_endless":false,"potions_floor_spawned":[4,7,11,16,18,24,28,31],"killed_by":"Collector","ascension_level":2}