{"gold_per_floor":[119,130,25,25,35,61,61,87,87,87,12,39,4,14,14,88,88,107,207,207,224,239,239,270,270,270,297,308,223,256,283,283,283],"floor_reached":33,"playtime":1880,"items_purged":["Strike_R"],"score":642,"play_id":"930b72d0-6da7-463a-9f26-6d5ea3020ba1","local_time":"20190327122706","is_ascension_mode":true,"campfire_choices":[{"data":"Trip","floor":7.0,"key":"SMITH"},{"data":"Bludgeon","floor":10.0,"key":"SMITH"},{"data":"Disarm","floor":15.0,"key":"SMITH"},{"data":"Armaments","floor":23.0,"key":"SMITH"},{"floor":25.0,"key":"REST"},{"floor":32.0,"key":"DIG"}],"neow_cost":"NONE","seed_source_timestamp":782900976578300,"circlet_count":0,"master_deck":["AscendersBane","Strike_R","Strike_R","Strike_R","Strike_R","Defend_R","Defend_R","Defend_R","Defend_R+1","Bash+1","Armaments+1","Disarm+1","Trip+1","Bludgeon+1","Flex+1","Shrug It Off","Ghostly Armor","Thunderclap","Flame Barrier","Demon Form","Shrug It Off","Disarm","Offering","Limit Break"],"special_seed":0,"relics":["Burning Blood","Art of War","Pocketwatch","Bottled Flame","Happy Flower","Black Star","FossilizedHelix","Matryoshka","Magic Flower","Bag of Preparation","Lantern","Question Card","Centennial Puzzle","Juzu Bracelet","Regal Pillow","Shovel","Strawberry","PreservedInsect","War Paint","Potion Belt"],"potions_floor_usage":[33,33],"damage_taken":[{"damage":1.0,"enemies":"Cultist","floor":1.0,"turns":3.0},{"damage":1.0,"enemies":"2 Louse","floor":2.0,"turns":3.0},{"damage":7.0,"enemies":"Jaw Worm","floor":5.0,"turns":3.0},{"damage":28.0,"enemies":"Lagavulin","floor":6.0,"turns":7.0},{"damage":19.0,"enemies":"3 Sentries","floor":8.0,"turns":9.0},{"damage":2.0,"enemies":"Lagavulin","floor":12.0,"turns":7.0},{"damage":2.0,"enemies":"Blue Slaver","floor":14.0,"turns":4.0},{"damage":11.0,"enemies":"The Guardian","floor":16.0,"turns":7.0},{"damage":16.0,"enemies":"Shell Parasite","floor":18.0,"turns":4.0},{"damage":8.0,"enemies":"Colosseum Slavers","floor":19.0,"turns":4.0},{"damage":7.0,"enemies":"Colosseum Nobs","floor":19.0,"turns":5.0},{"damage":0.0,"enemies":"Spheric Guardian","floor":21.0,"turns":4.0},{"damage":0.0,"enemies":"Centurion and Healer","floor":22.0,"turns":10.0},{"damage":30.0,"enemies":"Slavers","floor":24.0,"turns":8.0},{"damage":23.0,"enemies":"Gremlin Leader","floor":27.0,"turns":8.0},{"damage":0.0,"enemies":"Snake Plant","floor":28.0,"turns":4.0},{"damage":8.0,"enemies":"Book of Stabbing","floor":30.0,"turns":7.0},{"damage":72,"enemies":"Automaton","floor":33,"turns":10}],"seed_played":"2965523257672340261","potions_obtained":[{"floor":2.0,"key":"Weak Potion"},{"floor":5.0,"key":"Energy Potion"},{"floor":16.0,"key":"FearPotion"},{"floor":19.0,"key":"SteroidPotion"},{"floor":21.0,"key":"Dexterity Potion"},{"floor":28.0,"key":"Swift Potion"}],"is_trial":false,"path_per_floor":["M","M","$","?","M","E","R","E","T","R","$","E","?","M","R","B",null,"M","?","?","M","M","R","E","R","T","E","M","?","E","T","R","B"],"character_chosen":"IRONCLAD","items_purchased":["Trip"],"campfire_rested":1,"item_purchase_floors":[3],"current_hp_per_floor":[73,75,75,75,74,52,52,39,39,39,39,43,61,65,65,60,71,61,58,58,64,70,70,46,68,68,54,63,63,71,71,71,0],"gold":283,"neow_bonus":"UPGRADE_CARD","is_prod":false,"is_daily":false,"chose_seed":false,"campfire_upgraded":4,"win_rate":0,"timestamp":1553678826,"path_taken":["M","M","$","?","M","E","R","E","T","R","?","E","?","?","R","BOSS","M","?","?","M","M","R","E","R","T","E","M","?","E","?","R","BOSS"],"build_version":"2019-01-23","purchased_purges":1,"victory":false,"max_hp_per_floor":[75,75,75,75,75,75,75,75,75,75,75,75,75,75,75,75,75,75,75,75,75,75,75,75,75,75,75,75,75,82,82,82,82],"card_choices":[{"not_picked":["Bloodletting","Reckless Charge"],"picked":"Armaments","floor":1.0},{"not_picked":["Wild Strike","Dual Wield"],"picked":"Disarm","floor":2.0},{"not_picked":["Body Slam","Thunderclap"],"picked":"Shrug It Off","floor":5.0},{"not_picked":["Entrench","Pommel Strike"],"picked":"Ghostly Armor","floor":6.0},{"not_picked":["Sword Boomerang","Cleave"],"picked":"Thunderclap","floor":8.0},{"not_picked":["Rampage","Exhume","Burning Pact"],"picked":"SKIP","floor":12.0},{"not_picked":["Cleave","Perfected Strike"],"picked":"Flame Barrier","floor":14.0},{"not_picked":["Fiend Fire","Impervious"],"picked":"Demon Form","floor":16.0},{"not_picked":["Warcry","Battle Trance"],"picked":"Shrug It Off","floor":18.0},{"not_picked":["Infernal Blade","Second Wind","Havoc"],"picked":"SKIP","floor":21.0},{"not_picked":["Body Slam","Thunderclap","Wild Strike"],"picked":"SKIP","floor":22.0},{"not_picked":["Twin Strike","Evolve","Pommel Strike"],"picked":"SKIP","floor":24.0},{"not_picked":["Warcry","Burning Pact","Headbutt"],"picked":"Offering","floor":27.0},{"not_picked":["Dual Wield+1","Evolve","Pummel","Shrug It Off"],"picked":"SKIP","floor":28.0},{"not_picked":["Hemokinesis","Feed","Whirlwind"],"picked":"Limit Break","floor":30.0}],"player_experience":1034030,"relics_obtained":[{"floor":6.0,"key":"Art of War"},{"floor":8.0,"key":"Pocketwatch"},{"floor":9.0,"key":"Bottled Flame"},{"floor":12.0,"key":"Happy Flower"},{"floor":19.0,"key":"FossilizedHelix"},{"floor":19.0,"key":"Matryoshka"},{"floor":24.0,"key":"Magic Flower"},{"floor":24.0,"key":"Bag of Preparation"},{"floor":26.0,"key":"Lantern"},{"floor":26.0,"key":"Question Card"},{"floor":27.0,"key":"Centennial Puzzle"},{"floor":27.0,"key":"Juzu Bracelet"},{"floor":30.0,"key":"Shovel"},{"floor":30.0,"key":"Strawberry"},{"floor":31.0,"key":"PreservedInsect"},{"floor":31.0,"key":"War Paint"},{"floor":32.0,"key":"Potion Belt"}],"event_choices":[{"damage_healed":0.0,"max_hp_gain":0.0,"max_hp_loss":0.0,"gold_gain":0.0,"event_name":"Match and Keep!","player_choice":"2 cards matched","floor":4.0,"gold_loss":0.0,"damage_taken":0.0,"cards_obtained":["Bludgeon","Flex"]},{"damage_healed":0.0,"max_hp_gain":0.0,"max_hp_loss":0.0,"gold_gain":0.0,"event_name":"Match and Keep!","player_choice":"2 cards matched","floor":4.0,"gold_loss":0.0,"damage_taken":0.0,"cards_obtained":["Bludgeon","Flex"]},{"damage_healed":18.0,"max_hp_gain":0.0,"max_hp_loss":0.0,"gold_gain":0.0,"event_name":"The Cleric","player_choice":"Healed","floor":13.0,"gold_loss":35.0,"damage_taken":0.0},{"damage_healed":0.0,"max_hp_gain":0.0,"max_hp_loss":0.0,"gold_gain":0.0,"event_name":"Colosseum","player_choice":"Fight","floor":19.0,"gold_loss":0.0,"damage_taken":0.0},{"damage_healed":0.0,"max_hp_gain":0.0,"max_hp_loss":0.0,"gold_gain":0.0,"event_name":"Colosseum","player_choice":"Fought Nobs","floor":19.0,"gold_loss":0.0,"damage_taken":0.0},{"damage_healed":0.0,"max_hp_gain":0.0,"max_hp_loss":0.0,"gold_gain":0.0,"event_name":"The Library","player_choice":"Read","floor":20.0,"gold_loss":0.0,"damage_taken":0.0,"cards_obtained":["Disarm"]},{"damage_healed":0.0,"max_hp_gain":0.0,"max_hp_loss":0.0,"gold_gain":0.0,"event_name":"Addict","player_choice":"Obtained Relic","floor":29.0,"gold_loss":85.0,"damage_taken":0.0,"relics_obtained":["Regal Pillow"]}],"is_beta":false,"boss_relics":[{"not_picked":["Lizard Tail","Runic Pyramid"],"picked":"Black Star"}],"items_purged_floors":[11],"is_endless":false,"potions_floor_spawned":[2,5,16,19,19,21,28],"killed_by":"Automaton","ascension_level":20}