{"gold_per_floor":[112,25,35,52,52,52,80,92,92,111,111,111,131,149,149,249,249,261,18,29,44,44,44,59,74,74,90,124,136,136,9,9,111,111,129,147,165,165,85,85,85,98,98,98,111,138,65,17,17,17],"floor_reached":50,"playtime":2127,"items_purged":[],"score":573,"play_id":"bb66d2a2-69ee-47f2-a17b-bea4bb6e015d","local_time":"20190924131654","is_ascension_mode":true,"campfire_choices":[{"data":"Whirlwind","floor":6.0,"key":"SMITH"},{"data":"Sword Boomerang","floor":11.0,"key":"SMITH"},{"data":"Power Through","floor":15.0,"key":"SMITH"},{"data":"Armaments","floor":23.0,"key":"SMITH"},{"data":"Offering","floor":30.0,"key":"SMITH"},{"data":"Evolve","floor":32.0,"key":"SMITH"},{"data":"Offering","floor":40,"key":"SMITH"},{"floor":44,"key":"REST"},{"floor":49,"key":"REST"}],"neow_cost":"NONE","seed_source_timestamp":156172459217300,"circlet_count":0,"master_deck":["Strike_R","Strike_R","Strike_R+1","Strike_R","Defend_R","Defend_R","Defend_R","Defend_R","Bash","Sword Boomerang+1","Swift Strike+1","True Grit+1","Whirlwind+1","Bloodletting+1","Pommel Strike","Spot Weakness","Power Through+1","Reaper","Armaments+1","True Grit+1","Sword Boomerang+1","Offering+1","Headbutt+1","Evolve+1","Body Slam+1","Offering+1","True Grit+1","Sentinel+1","Pommel Strike+1","Metallicize","Secret Technique","Dramatic Entrance+1","Dramatic Entrance+1","Battle Trance","Pommel Strike+1","Metallicize","Pommel Strike+1"],"special_seed":0,"relics":["Burning Blood","NeowsBlessing","Torii","StoneCalendar","Sozu","Molten Egg 2","Charon\u0027s Ashes","Whetstone","Mercury Hourglass","Runic Cube","Sundial","Art of War"],"potions_floor_usage":[],"damage_taken":[{"damage":0.0,"enemies":"Cultist","floor":1.0,"turns":1.0},{"damage":0.0,"enemies":"Jaw Worm","floor":3.0,"turns":1.0},{"damage":0.0,"enemies":"Small Slimes","floor":4.0,"turns":1.0},{"damage":28.0,"enemies":"Gremlin Nob","floor":7.0,"turns":4.0},{"damage":2.0,"enemies":"Exordium Wildlife","floor":8.0,"turns":3.0},{"damage":1.0,"enemies":"3 Louse","floor":10.0,"turns":3.0},{"damage":5.0,"enemies":"Blue Slaver","floor":13.0,"turns":4.0},{"damage":5.0,"enemies":"Exordium Wildlife","floor":14.0,"turns":3.0},{"damage":32.0,"enemies":"Slime Boss","floor":16.0,"turns":7.0},{"damage":4.0,"enemies":"2 Thieves","floor":18.0,"turns":3.0},{"damage":2.0,"enemies":"Chosen","floor":20.0,"turns":5.0},{"damage":15.0,"enemies":"Snake Plant","floor":21.0,"turns":6.0},{"damage":15.0,"enemies":"Centurion and Healer","floor":24.0,"turns":5.0},{"damage":20.0,"enemies":"Chosen and Byrds","floor":25.0,"turns":7.0},{"damage":3.0,"enemies":"Snecko","floor":27.0,"turns":3.0},{"damage":29.0,"enemies":"Book of Stabbing","floor":28.0,"turns":5.0},{"damage":8.0,"enemies":"Cultist and Chosen","floor":29.0,"turns":3.0},{"damage":43,"enemies":"Champ","floor":33,"turns":8},{"damage":19,"enemies":"Orb Walker","floor":35,"turns":2},{"damage":13,"enemies":"3 Shapes","floor":36,"turns":4},{"damage":12,"enemies":"Transient","floor":37,"turns":5},{"damage":34,"enemies":"Maw","floor":42,"turns":7},{"damage":3,"enemies":"Sphere and 2 Shapes","floor":45,"turns":2},{"damage":51,"enemies":"Giant Head","floor":46,"turns":7},{"damage":55,"enemies":"Awakened One","floor":50,"turns":3}],"seed_played":"6643640382802939136","potions_obtained":[{"floor":1.0,"key":"SneckoOil"},{"floor":7.0,"key":"SmokeBomb"},{"floor":16.0,"key":"Fire Potion"}],"is_trial":false,"path_per_floor":["M","$","M","M","?","R","E","M","T","M","R","?","M","M","R","B",null,"M","$","M","M","?","R","M","M","T","M","E","M","R","$","R","B",null,"M","M","M","?","$","R","?","M","T","R","M","E","$","$","R","B"],"character_chosen":"IRONCLAD","items_purchased":["Swift Strike","Molten Egg 2","Evolve","Body Slam+1","Metallicize","Metallicize","Pommel Strike+1"],"campfire_rested":2,"item_purchase_floors":[2,19,31,31,39,47,48],"current_hp_per_floor":[80,80,80,80,80,80,58,62,62,67,67,67,68,69,69,43,80,80,80,80,71,71,71,72,58,58,61,48,53,53,53,53,16,80,67,68,68,68,68,68,58,30,30,54,65,20,20,20,44,0],"gold":17,"neow_bonus":"THREE_ENEMY_KILL","is_prod":false,"is_daily":false,"chose_seed":false,"campfire_upgraded":7,"win_rate":0,"timestamp":1569298614,"path_taken":["M","?","?","M","?","R","E","?","T","M","R","?","M","M","R","BOSS","M","$","M","M","?","R","M","M","T","M","E","M","R","$","R","BOSS","M","M","M","?","$","R","?","M","T","R","M","E","?","$","R","BOSS"],"build_version":"2019-07-17","purchased_purges":0,"victory":false,"max_hp_per_floor":[80,80,80,80,80,80,80,80,80,80,80,80,80,80,80,80,80,80,80,80,80,80,80,80,80,80,80,80,80,80,80,80,80,80,80,80,80,80,80,80,80,80,80,80,80,80,80,80,80,80],"card_choices":[{"not_picked":["Pummel","Thunderclap"],"picked":"Sword Boomerang","floor":1.0},{"not_picked":["Cleave","Warcry"],"picked":"True Grit","floor":3.0},{"not_picked":["Rage","Clothesline"],"picked":"Whirlwind","floor":4.0},{"not_picked":["Brutality","Heavy Blade"],"picked":"Bloodletting","floor":7.0},{"not_picked":["Perfected Strike","Headbutt","Warcry"],"picked":"SKIP","floor":8.0},{"not_picked":["Fire Breathing","Clash"],"picked":"Pommel Strike","floor":10.0},{"not_picked":["Sword Boomerang","Heavy Blade"],"picked":"Spot Weakness","floor":13.0},{"not_picked":["Corruption","Infernal Blade"],"picked":"Power Through","floor":14.0},{"not_picked":["Demon Form","Juggernaut"],"picked":"Reaper","floor":16.0},{"not_picked":["Second Wind","Anger"],"picked":"Armaments","floor":18.0},{"not_picked":["Pommel Strike+1","Shrug It Off"],"picked":"True Grit+1","floor":20.0},{"not_picked":["True Grit","Infernal Blade","Clash+1"],"picked":"SKIP","floor":21.0},{"not_picked":["Warcry","Heavy Blade+1"],"picked":"Sword Boomerang+1","floor":24.0},{"not_picked":["Berserk","Spot Weakness+1","Perfected Strike+1"],"picked":"SKIP","floor":25.0},{"not_picked":["Perfected Strike+1","Hemokinesis+1","Shrug It Off"],"picked":"SKIP","floor":27.0},{"not_picked":["Warcry","Corruption"],"picked":"Offering","floor":28.0},{"not_picked":["Clash+1","Carnage+1"],"picked":"Headbutt+1","floor":29.0},{"not_picked":["Dark Embrace","Feed+1"],"picked":"Offering","floor":33},{"not_picked":["Clothesline+1","Pommel Strike+1"],"picked":"True Grit+1","floor":35},{"not_picked":["Sword Boomerang+1","Headbutt+1"],"picked":"Sentinel+1","floor":36},{"not_picked":["Burning Pact","Headbutt+1"],"picked":"Pommel Strike+1","floor":37},{"not_picked":["Panacea","Sadistic Nature"],"picked":"Secret Technique","floor":41},{"not_picked":["Mind Blast+1","PanicButton"],"picked":"Dramatic Entrance+1","floor":41},{"not_picked":["Dark Shackles","Forethought"],"picked":"Dramatic Entrance+1","floor":41},{"not_picked":["Flex+1","Heavy Blade+1"],"picked":"Battle Trance","floor":42},{"not_picked":["Uppercut+1","Whirlwind+1"],"picked":"Pommel Strike+1","floor":45},{"not_picked":["Body Slam+1","Clothesline+1","Headbutt+1"],"picked":"SKIP","floor":46}],"player_experience":451008,"relics_obtained":[{"floor":7.0,"key":"Torii"},{"floor":9.0,"key":"StoneCalendar"},{"floor":26.0,"key":"Whetstone"},{"floor":28.0,"key":"Mercury Hourglass"},{"floor":43,"key":"Sundial"},{"floor":46,"key":"Art of War"}],"event_choices":[{"damage_healed":0.0,"max_hp_gain":0.0,"max_hp_loss":0.0,"gold_gain":0.0,"event_name":"Upgrade Shrine","player_choice":"Upgraded","floor":5.0,"gold_loss":0.0,"damage_taken":0.0,"cards_upgraded":["True Grit"]},{"damage_healed":0.0,"max_hp_gain":0.0,"max_hp_loss":0.0,"gold_gain":0.0,"event_name":"Living Wall","player_choice":"Grow","floor":12.0,"gold_loss":0.0,"damage_taken":0.0,"cards_upgraded":["Bloodletting"]},{"damage_healed":0.0,"max_hp_gain":0.0,"max_hp_loss":0.0,"gold_gain":0.0,"event_name":"The Mausoleum","player_choice":"Opened","floor":22.0,"gold_loss":0.0,"damage_taken":0.0,"relics_obtained":["Charon\u0027s Ashes"]},{"cards_removed":["Strike_R"],"damage_healed":0,"gold_gain":0,"player_choice":"Removed Attack","damage_taken":0,"max_hp_gain":0,"max_hp_loss":0,"event_name":"Falling","floor":38,"gold_loss":0},{"damage_healed":0,"gold_gain":0,"player_choice":"Memory 3","damage_taken":10,"max_hp_gain":0,"max_hp_loss":0,"event_name":"SensoryStone","floor":41,"gold_loss":0}],"is_beta":false,"boss_relics":[{"not_picked":["Tiny House","Eternal Feather"],"picked":"Sozu"},{"not_picked":["Busted Crown","Pandora\u0027s Box"],"picked":"Runic Cube"}],"items_purged_floors":[],"is_endless":false,"potions_floor_spawned":[1,7,16,18,21,28,29,35,36,37,42,46],"killed_by":"Awakened One","ascension_level":1}