{"gold_per_floor":[115,115,135,135,149,149,74,109,109,109,122,165,179,213,213,308,308,321,346,380,295,38,38],"floor_reached":23,"playtime":1248,"items_purged":["Strike_R"],"score":368,"play_id":"8c834466-1e4a-4944-852d-3ea88be9a687","local_time":"20191005135141","is_ascension_mode":true,"campfire_choices":[{"floor":6,"key":"REST"},{"data":"Uppercut","floor":10,"key":"SMITH"},{"data":"Flame Barrier","floor":15,"key":"SMITH"}],"neow_cost":"NONE","seed_source_timestamp":12701856076418,"circlet_count":0,"master_deck":["AscendersBane","Strike_R","Strike_R","Strike_R","Strike_R","Defend_R","Defend_R","Defend_R","Defend_R","Bash+1","Sword Boomerang","Headbutt","Uppercut+1","Ghostly Armor","Anger","Flame Barrier+1","Shockwave","Exhume","Pommel Strike+1","Shrug It Off"],"relics":["Burning Blood","Ancient Tea Set","Golden Idol","Potion Belt","Mercury Hourglass","Self Forming Clay","Odd Mushroom","Runic Cube","Red Mask","Ice Cream","Membership Card"],"potions_floor_usage":[13,14,19,23,23],"damage_taken":[{"damage":21,"enemies":"Jaw Worm","floor":1,"turns":4},{"damage":7,"enemies":"Small Slimes","floor":3,"turns":3},{"damage":3,"enemies":"2 Louse","floor":5,"turns":3},{"damage":30,"enemies":"Lagavulin","floor":8,"turns":5},{"damage":7,"enemies":"Exordium Wildlife","floor":11,"turns":4},{"damage":16,"enemies":"Gremlin Nob","floor":12,"turns":3},{"damage":4,"enemies":"Large Slime","floor":13,"turns":5},{"damage":0,"enemies":"The Mushroom Lair","floor":14,"turns":4},{"damage":10,"enemies":"Hexaghost","floor":16,"turns":9},{"damage":2,"enemies":"Chosen","floor":18,"turns":5},{"damage":11,"enemies":"Shell Parasite","floor":19,"turns":7},{"damage":33,"enemies":"Masked Bandits","floor":20,"turns":6},{"damage":54,"enemies":"Slavers","floor":23,"turns":5}],"seed_played":"-820131479299843483","potions_obtained":[{"floor":1,"key":"SpeedPotion"},{"floor":11,"key":"SkillPotion"},{"floor":12,"key":"Weak Potion"},{"floor":13,"key":"BloodPotion"},{"floor":20,"key":"SpeedPotion"}],"is_trial":false,"path_per_floor":["M","?","M","?","M","R","$","E","T","R","M","E","M","?","R","B",null,"M","M","?","?","$","E"],"character_chosen":"IRONCLAD","items_purchased":["Membership Card","Shrug It Off"],"campfire_rested":1,"item_purchase_floors":[22,22],"current_hp_per_floor":[53,53,52,26,29,51,51,27,27,27,26,16,18,24,24,20,61,65,60,33,33,33,0],"gold":38,"neow_bonus":"RANDOM_COMMON_RELIC","is_prod":false,"is_daily":false,"chose_seed":false,"campfire_upgraded":2,"win_rate":0,"timestamp":1570276301,"path_taken":["M","?","M","?","M","R","$","E","T","R","M","E","M","?","R","BOSS","M","M","?","?","$","E"],"build_version":"2019-07-17","purchased_purges":1,"victory":false,"max_hp_per_floor":[75,75,75,75,75,75,75,75,75,75,75,75,75,75,75,75,75,75,75,75,75,75,75],"card_choices":[{"not_picked":["Disarm","Pummel"],"picked":"Sword Boomerang","floor":1},{"not_picked":["Fire Breathing","Sentinel"],"picked":"Headbutt","floor":3},{"not_picked":["Heavy Blade","Pommel Strike"],"picked":"Uppercut","floor":5},{"not_picked":["Brutality","Fire Breathing"],"picked":"Ghostly Armor","floor":8},{"not_picked":["Pummel","Fire Breathing"],"picked":"Anger","floor":11},{"not_picked":["Shrug It Off","Barricade"],"picked":"Flame Barrier","floor":12},{"not_picked":["Cleave","Pommel Strike","Rupture"],"picked":"SKIP","floor":13},{"not_picked":["Body Slam","Flex"],"picked":"Shockwave","floor":14},{"not_picked":["Double Tap","Limit Break"],"picked":"Exhume","floor":16},{"not_picked":["Sword Boomerang+1","Iron Wave","Thunderclap+1"],"picked":"SKIP","floor":18},{"not_picked":["Sentinel","Body Slam","Flame Barrier"],"picked":"SKIP","floor":19},{"not_picked":["Twin Strike","Heavy Blade+1"],"picked":"Pommel Strike+1","floor":20}],"player_experience":1140821,"relics_obtained":[{"floor":8,"key":"Potion Belt"},{"floor":9,"key":"Mercury Hourglass"},{"floor":12,"key":"Self Forming Clay"},{"floor":14,"key":"Odd Mushroom"},{"floor":20,"key":"Red Mask"}],"event_choices":[{"damage_healed":0,"gold_gain":0,"player_choice":"Grow","damage_taken":0,"max_hp_gain":0,"max_hp_loss":0,"event_name":"Living Wall","floor":2,"gold_loss":0,"cards_upgraded":["Bash"]},{"damage_healed":0,"gold_gain":0,"player_choice":"Take Damage","damage_taken":26,"relics_obtained":["Golden Idol"],"max_hp_gain":0,"max_hp_loss":0,"event_name":"Golden Idol","floor":4,"gold_loss":0},{"damage_healed":0,"gold_gain":0,"player_choice":"Fought Mushrooms","damage_taken":0,"max_hp_gain":0,"max_hp_loss":0,"event_name":"Mushrooms","floor":14,"gold_loss":0},{"damage_healed":0,"gold_gain":0,"player_choice":"Fought Bandits","damage_taken":0,"max_hp_gain":0,"max_hp_loss":0,"event_name":"Masked Bandits","floor":20,"gold_loss":0},{"damage_healed":0,"gold_gain":0,"player_choice":"Obtained Relic","damage_taken":0,"relics_obtained":["Ice Cream"],"max_hp_gain":0,"max_hp_loss":0,"event_name":"Addict","floor":21,"gold_loss":85}],"is_beta":false,"boss_relics":[{"not_picked":["Eternal Feather","Sozu"],"picked":"Runic Cube"}],"items_purged_floors":[7],"is_endless":false,"potions_floor_spawned":[1,11,12,13,20],"killed_by":"Slavers","ascension_level":17}