{"gold_per_floor":[117,133,199,217,237,237,5,31,31,31,49,75,75,107,107,203,203,218,133,153,163,177,206,206],"floor_reached":24,"playtime":1503,"items_purged":[],"score":501,"play_id":"b318feb2-66e3-456a-84af-e2396ea790b1","local_time":"20190205222838","is_ascension_mode":true,"campfire_choices":[{"data":"Zap","floor":6,"key":"SMITH"},{"data":"Doom and Gloom","floor":10,"key":"SMITH"},{"data":"Buffer","floor":13,"key":"SMITH"},{"data":"Dualcast","floor":15,"key":"SMITH"}],"neow_cost":"NONE","seed_source_timestamp":52314297531022,"circlet_count":0,"master_deck":["AscendersBane","Strike_B","Strike_B","Strike_B","Strike_B","Defend_B","Defend_B","Defend_B","Defend_B","Zap+1","Dualcast+1","Doom and Gloom+1","White Noise","Leap","Auto Shields","Rebound","Buffer+1","Hologram+1","All For One","Gash","Streamline","Conserve Battery+1"],"relics":["Cracked Core","Bronze Scales","Happy Flower","Ancient Tea Set","Toxic Egg 2","Dream Catcher","Sozu","The Courier","Orichalcum"],"potions_floor_usage":[8,12,23],"damage_taken":[{"damage":1,"enemies":"Cultist","floor":1,"turns":4},{"damage":0,"enemies":"Small Slimes","floor":2,"turns":3},{"damage":6,"enemies":"2 Louse","floor":4,"turns":2},{"damage":0,"enemies":"Large Slime","floor":5,"turns":3},{"damage":18,"enemies":"Gremlin Nob","floor":8,"turns":4},{"damage":7,"enemies":"2 Fungi Beasts","floor":11,"turns":3},{"damage":3,"enemies":"3 Sentries","floor":12,"turns":5},{"damage":0,"enemies":"Lagavulin","floor":14,"turns":5},{"damage":0,"enemies":"Slime Boss","floor":16,"turns":7},{"damage":2,"enemies":"2 Thieves","floor":18,"turns":3},{"damage":1,"enemies":"Shell Parasite","floor":20,"turns":5},{"damage":2,"enemies":"Cultist and Chosen","floor":21,"turns":6},{"damage":0,"enemies":"Snecko","floor":22,"turns":4},{"damage":45,"enemies":"Slavers","floor":23,"turns":5},{"damage":26,"enemies":"Chosen and Byrds","floor":24,"turns":6}],"seed_played":"-6972237754731361570","potions_obtained":[{"floor":1,"key":"Dexterity Potion"},{"floor":4,"key":"SkillPotion"},{"floor":8,"key":"SkillPotion"}],"is_trial":false,"path_per_floor":["M","M","?","M","M","R","$","E","T","R","M","E","R","E","R","B",null,"M","?","M","M","M","E","M"],"character_chosen":"DEFECT","items_purchased":["Auto Shields","Bronze Scales"],"campfire_rested":0,"item_purchase_floors":[7,7],"current_hp_per_floor":[74,74,74,68,68,68,68,50,50,50,43,40,40,40,40,40,72,70,70,69,67,67,22,0],"gold":206,"neow_bonus":"TEN_PERCENT_HP_BONUS","is_prod":false,"is_daily":false,"chose_seed":false,"campfire_upgraded":4,"win_rate":0,"timestamp":1549373318,"path_taken":["M","M","?","M","M","R","$","E","T","R","M","E","R","E","R","BOSS","M","?","M","M","M","E","M"],"build_version":"2019-01-23","purchased_purges":0,"victory":false,"max_hp_per_floor":[82,82,82,82,82,82,82,82,82,82,82,82,82,82,82,82,82,82,82,82,82,82,82,82],"card_choices":[{"not_picked":["Tempest","Aggregate"],"picked":"Doom and Gloom","floor":1},{"not_picked":["Skim","Aggregate"],"picked":"White Noise","floor":2},{"not_picked":["Go for the Eyes","Compile Driver"],"picked":"Leap","floor":4},{"not_picked":["Heatsinks","Darkness","Beam Cell"],"picked":"SKIP","floor":5},{"not_picked":["Turbo","Sweeping Beam"],"picked":"Rebound","floor":8},{"not_picked":["Storm","Streamline","Cold Snap"],"picked":"SKIP","floor":11},{"not_picked":["Rebound","Gash"],"picked":"Buffer","floor":12},{"not_picked":["Steam Power+1","Steam+1"],"picked":"Hologram+1","floor":14},{"not_picked":["Creative AI","Meteor Strike"],"picked":"All For One","floor":16},{"not_picked":["Darkness+1","Go for the Eyes","Turbo+1"],"picked":"SKIP","floor":18},{"not_picked":["Rebound","Beam Cell"],"picked":"Gash","floor":20},{"not_picked":["Genetic Algorithm+1","Sunder+1"],"picked":"Streamline","floor":21},{"not_picked":["Chaos+1","Creative AI","Coolheaded+1"],"picked":"SKIP","floor":22},{"not_picked":["Sweeping Beam","Blizzard"],"picked":"Conserve Battery+1","floor":23}],"player_experience":307549,"relics_obtained":[{"floor":8,"key":"Happy Flower"},{"floor":9,"key":"Ancient Tea Set"},{"floor":12,"key":"Toxic Egg 2"},{"floor":14,"key":"Dream Catcher"},{"floor":23,"key":"Orichalcum"}],"event_choices":[{"damage_healed":0,"gold_gain":66,"player_choice":"Gained Gold","damage_taken":0,"max_hp_gain":0,"max_hp_loss":0,"event_name":"Golden Wing","floor":3,"gold_loss":0},{"damage_healed":0,"gold_gain":0,"player_choice":"Obtained Relic","damage_taken":0,"relics_obtained":["The Courier"],"max_hp_gain":0,"max_hp_loss":0,"event_name":"Addict","floor":19,"gold_loss":85}],"is_beta":false,"boss_relics":[{"not_picked":["Runic Dome","Velvet Choker"],"picked":"Sozu"}],"items_purged_floors":[],"is_endless":false,"potions_floor_spawned":[1,4,5,8,11,20,22],"killed_by":"Chosen and Byrds","ascension_level":12}