{"gold_per_floor":[116,49,61,61,75,75,75,88,88,108,108,140,140,159,159,261,261,277,202,220,220],"floor_reached":21,"playtime":1226,"items_purged":[],"score":199,"play_id":"1a2d41c5-ba01-41a0-9bc1-204d96c82d5e","local_time":"20180805180451","is_ascension_mode":true,"campfire_choices":[{"data":"Zap","floor":6,"key":"SMITH"},{"data":"Echo Form","floor":11,"key":"SMITH"},{"floor":15,"key":"REST"}],"neow_cost":"TEN_PERCENT_HP_LOSS","seed_source_timestamp":28645120662361,"circlet_count":0,"master_deck":["Strike_B","Defend_B","Defend_B","Zap+1","Dualcast","Stack","Reprogram","Sweeping Beam","Genetic Algorithm","Go for the Eyes","Skim","Rebound","Echo Form+1","Loop","Leap","Creative AI","Go for the Eyes"],"relics":["Cracked Core","CultistMask","Gambling Chip","Bird Faced Urn","Empty Cage"],"potions_floor_usage":[12],"damage_taken":[{"damage":0,"enemies":"Small Slimes","floor":1,"turns":3},{"damage":3,"enemies":"Cultist","floor":3,"turns":4},{"damage":10,"enemies":"Jaw Worm","floor":5,"turns":4},{"damage":3,"enemies":"Looter","floor":8,"turns":3},{"damage":11,"enemies":"Large Slime","floor":10,"turns":6},{"damage":16,"enemies":"3 Sentries","floor":12,"turns":5},{"damage":0,"enemies":"3 Louse","floor":14,"turns":4},{"damage":16,"enemies":"The Guardian","floor":16,"turns":13},{"damage":59,"enemies":"3 Byrds","floor":18,"turns":7},{"damage":7,"enemies":"Chosen","floor":20,"turns":6},{"damage":11,"enemies":"Sentry and Sphere","floor":21,"turns":3}],"seed_played":"6397287832999729544","potions_obtained":[{"floor":8,"key":"Strength Potion"},{"floor":10,"key":"Block Potion"},{"floor":14,"key":"SteroidPotion"}],"is_trial":false,"path_per_floor":["M","$","M","?","M","R","?","M","T","M","R","E","?","M","R","B",null,"M","?","M"],"character_chosen":"DEFECT","items_purchased":["Genetic Algorithm"],"campfire_rested":1,"item_purchase_floors":[2],"current_hp_per_floor":[68,68,65,65,55,55,55,52,52,41,41,25,25,25,45,33,68,11,11,4,0],"gold":220,"neow_bonus":"TRANSFORM_TWO_CARDS","is_prod":false,"is_daily":false,"chose_seed":false,"campfire_upgraded":2,"win_rate":0,"timestamp":1533459891,"path_taken":["M","$","M","?","?","R","?","M","T","M","R","E","?","M","R","BOSS","M","?","M","M"],"build_version":"2018-08-02","purchased_purges":0,"victory":false,"max_hp_per_floor":[68,68,68,68,68,68,68,68,68,68,68,68,68,68,68,68,68,68,68,68,68],"card_choices":[{"not_picked":["Steam","Beam Cell"],"picked":"Sweeping Beam","floor":1},{"not_picked":["Conserve Battery","Redo"],"picked":"Go for the Eyes","floor":3},{"not_picked":["Leap","Double Energy"],"picked":"Skim","floor":5},{"not_picked":["Chill","Sunder"],"picked":"Rebound","floor":8},{"not_picked":["Leap","Streamline"],"picked":"Echo Form","floor":10},{"not_picked":["Reprogram","Coolheaded"],"picked":"Loop","floor":12},{"not_picked":["Stack","Reprogram"],"picked":"Leap","floor":14},{"not_picked":["Multi-Cast","Rainbow"],"picked":"Creative AI","floor":16},{"not_picked":["Steam","Steam Power"],"picked":"Go for the Eyes","floor":18},{"not_picked":["Recycle","Loop","Stack"],"picked":"SKIP","floor":20}],"player_experience":122787,"relics_obtained":[{"floor":9,"key":"Gambling Chip"},{"floor":12,"key":"Bird Faced Urn"}],"event_choices":[{"event_name":"FaceTrader","player_choice":"Trade","floor":4,"damage_taken":0},{"event_name":"The Woman in Blue","player_choice":"Bought 0 Potions","floor":7,"damage_taken":0},{"event_name":"Liars Game","player_choice":"disagreed","floor":13,"damage_taken":0},{"event_name":"Beggar","player_choice":"Gave Gold","floor":19,"damage_taken":0}],"is_beta":false,"boss_relics":[{"not_picked":["Velvet Choker","Astrolabe"],"picked":"Empty Cage"}],"items_purged_floors":[],"is_endless":false,"potions_floor_spawned":[8,10,14],"killed_by":"Sentry and Sphere","ascension_level":2}