{"gold_per_floor":[13,30,44,119,119,147,177,193,193,209,237,202,213,242,242,344,344,361,373,384,384,394,394,159,176,176,176,201,1,1,1,1,1],"floor_reached":33,"playtime":2489,"items_purged":["Zap"],"score":459,"play_id":"a0e5b9b8-84a7-42e1-a3eb-f282c43735ec","local_time":"20190206002951","is_ascension_mode":true,"campfire_choices":[{"data":"Glacier","floor":15.0,"key":"SMITH"},{"floor":23.0,"key":"REST"},{"floor":32,"key":"REST"}],"neow_cost":"NO_GOLD","seed_source_timestamp":58411419563137,"circlet_count":0,"master_deck":["AscendersBane","Dualcast","Self Repair","Genetic Algorithm","Doom and Gloom","Glacier+1","Steam","Conserve Battery","Ball Lightning","Hologram","Conserve Battery","Buffer+1","Heatsinks","FTL","Seek","Seek","Lockon","Melter","Capacitor","Recycle+1","Good Instincts","Ball Lightning","Hologram","Conserve Battery"],"special_seed":0,"relics":["Cracked Core","Strawberry","Dodecahedron","Unceasing Top","Pandora\u0027s Box","Nloth\u0027s Gift","MutagenicStrength","Vajra","ClockworkSouvenir","Molten Egg 2"],"potions_floor_usage":[28],"damage_taken":[{"damage":2.0,"enemies":"Jaw Worm","floor":1.0,"turns":3.0},{"damage":8.0,"enemies":"2 Louse","floor":2.0,"turns":3.0},{"damage":20.0,"enemies":"Small Slimes","floor":3.0,"turns":5.0},{"damage":37.0,"enemies":"Lagavulin","floor":6.0,"turns":7.0},{"damage":15.0,"enemies":"Exordium Wildlife","floor":8.0,"turns":6.0},{"damage":0.0,"enemies":"Red Slaver","floor":10.0,"turns":5.0},{"damage":1.0,"enemies":"3 Sentries","floor":11.0,"turns":10.0},{"damage":0.0,"enemies":"Blue Slaver","floor":13.0,"turns":5.0},{"damage":21.0,"enemies":"Gremlin Nob","floor":14.0,"turns":4.0},{"damage":32.0,"enemies":"The Guardian","floor":16.0,"turns":14.0},{"damage":0.0,"enemies":"Chosen","floor":18.0,"turns":8.0},{"damage":3.0,"enemies":"Shell Parasite","floor":19.0,"turns":7.0},{"damage":60.0,"enemies":"Cultist and Chosen","floor":20.0,"turns":7.0},{"damage":24.0,"enemies":"Centurion and Healer","floor":22.0,"turns":15.0},{"damage":14.0,"enemies":"Snake Plant","floor":25.0,"turns":8.0},{"damage":1,"enemies":"Slavers","floor":28,"turns":4},{"damage":67,"enemies":"Champ","floor":33,"turns":12}],"seed_played":"-5911802397782022355","potions_obtained":[{"floor":2.0,"key":"Poison Potion"},{"floor":6.0,"key":"EssenceOfSteel"},{"floor":10.0,"key":"Block Potion"},{"floor":18.0,"key":"SteroidPotion"},{"floor":22.0,"key":"AttackPotion"},{"floor":25.0,"key":"Explosive Potion"}],"is_trial":false,"path_per_floor":["M","M","M","?","?","E","?","M","T","M","E","?","M","E","R","B",null,"M","M","M","?","M","R","$","M","T","?","E","$","T","?","R","B"],"character_chosen":"DEFECT","items_purchased":["Good Instincts","Ball Lightning","Hologram","ClockworkSouvenir"],"campfire_rested":2,"item_purchase_floors":[24,24,24,29],"current_hp_per_floor":[66,65,52,41,46,23,23,15,15,22,28,49,56,42,42,17,70,77,81,28,28,11,37,37,30,30,30,36,36,36,36,62,0],"gold":1,"neow_bonus":"REMOVE_TWO","is_prod":false,"is_daily":false,"chose_seed":false,"campfire_upgraded":1,"win_rate":0,"timestamp":1549380591,"path_taken":["M","M","M","?","?","E","?","M","T","M","E","?","M","E","R","BOSS","M","M","M","?","?","R","$","M","T","?","E","?","?","?","R","BOSS"],"build_version":"2019-01-23","purchased_purges":1,"victory":false,"max_hp_per_floor":[75,75,75,75,80,87,87,87,87,87,87,87,87,87,87,87,87,87,87,87,87,87,87,87,87,87,87,87,87,87,87,87,87],"card_choices":[{"not_picked":["Hologram","Go for the Eyes"],"picked":"Self Repair","floor":1.0},{"not_picked":["Barrage","Defragment"],"picked":"Genetic Algorithm","floor":2.0},{"not_picked":["Redo","Rip and Tear"],"picked":"Doom and Gloom","floor":3.0},{"not_picked":["Go for the Eyes","Ball Lightning"],"picked":"Glacier","floor":6.0},{"not_picked":["Rebound","Recycle"],"picked":"Steam","floor":8.0},{"not_picked":["Hello World","Steam Power"],"picked":"Conserve Battery","floor":10.0},{"not_picked":["Blizzard","Recycle"],"picked":"Ball Lightning","floor":11.0},{"not_picked":["Double Energy","Beam Cell"],"picked":"Hologram","floor":13.0},{"not_picked":["Barrage","Tempest"],"picked":"Conserve Battery","floor":14.0},{"not_picked":["Meteor Strike","Thunder Strike"],"picked":"Buffer","floor":16.0},{"not_picked":["Storm","Cold Snap"],"picked":"Capacitor","floor":18.0},{"not_picked":["Beam Cell+1","Static Discharge","Redo"],"picked":"SKIP","floor":19.0},{"not_picked":["Rebound","Aggregate","Turbo"],"picked":"SKIP","floor":20.0},{"not_picked":["Capacitor","Compile Driver"],"picked":"Recycle+1","floor":22.0},{"not_picked":["Loop","Compile Driver"],"picked":"Conserve Battery","floor":25.0},{"not_picked":["Meteor Strike","Redo","Rebound"],"picked":"SKIP","floor":28}],"player_experience":312815,"relics_obtained":[{"floor":6.0,"key":"Strawberry"},{"floor":9.0,"key":"The Courier"},{"floor":11.0,"key":"Dodecahedron"},{"floor":14.0,"key":"Unceasing Top"},{"floor":28,"key":"Vajra"},{"floor":30,"key":"Molten Egg 2"}],"event_choices":[{"damage_healed":0.0,"max_hp_gain":0.0,"max_hp_loss":0.0,"gold_gain":75.0,"event_name":"World of Goop","player_choice":"Gather Gold","floor":4.0,"gold_loss":0.0,"damage_taken":11.0},{"damage_healed":0.0,"max_hp_gain":5.0,"max_hp_loss":0.0,"gold_gain":0.0,"event_name":"Big Fish","player_choice":"Donut","floor":5.0,"gold_loss":0.0,"damage_taken":0.0},{"damage_healed":0.0,"max_hp_gain":0.0,"max_hp_loss":0.0,"gold_gain":30.0,"event_name":"Dead Adventurer","player_choice":"Searched \u00272\u0027 times","floor":7.0,"gold_loss":0.0,"damage_taken":0.0},{"damage_healed":21.0,"max_hp_gain":0.0,"max_hp_loss":0.0,"gold_gain":0.0,"event_name":"The Cleric","player_choice":"Healed","floor":12.0,"gold_loss":35.0,"damage_taken":0.0},{"damage_healed":0.0,"max_hp_gain":0.0,"max_hp_loss":0.0,"gold_gain":0.0,"event_name":"N\u0027loth","player_choice":"Traded Relic","floor":21.0,"relics_lost":["The Courier"],"gold_loss":0.0,"damage_taken":0.0,"relics_obtained":["Nloth\u0027s Gift"]},{"damage_healed":0.0,"max_hp_gain":0.0,"max_hp_loss":0.0,"gold_gain":0.0,"event_name":"Drug Dealer","player_choice":"Inject Mutagens","floor":27.0,"gold_loss":0.0,"damage_taken":0.0,"relics_obtained":["MutagenicStrength"]},{"damage_healed":0,"gold_gain":0,"player_choice":"Upgraded","damage_taken":0,"max_hp_gain":0,"max_hp_loss":0,"event_name":"Upgrade Shrine","floor":31,"gold_loss":0,"cards_upgraded":["Buffer"]}],"is_beta":false,"boss_relics":[{"not_picked":["Ectoplasm","Runic Dome"],"picked":"Pandora\u0027s Box"}],"items_purged_floors":[24],"is_endless":false,"potions_floor_spawned":[2,6,8,10,13,18,22,25],"killed_by":"Champ","ascension_level":12}