{"gold_per_floor":[216,25,100,112,132,132,158,158,204,219,250,262,262,280,280,384,384,403,403,417,34,98,98,98,163,186,216,228,259,271,333,345,357],"floor_reached":33,"playtime":1655,"items_purged":[],"score":443,"play_id":"a09891a6-1ae7-4390-9997-b24845891fa6","local_time":"20190920233811","is_ascension_mode":true,"campfire_choices":[{"data":"Ball Lightning","floor":6,"key":"SMITH"},{"data":"Multi-Cast","floor":13,"key":"SMITH"},{"data":"Consume","floor":15,"key":"SMITH"},{"data":"Redo","floor":23,"key":"SMITH"},{"data":"Doom and Gloom","floor":28,"key":"SMITH"},{"data":"Darkness","floor":30,"key":"SMITH"},{"floor":32,"key":"REST"}],"neow_cost":"NONE","seed_source_timestamp":51513698144457,"circlet_count":0,"master_deck":["AscendersBane","Strike_B+1","Strike_B+1","Strike_B+1","Strike_B+1","Defend_B+1","Defend_B+1","Defend_B+1","Defend_B+1","Zap","Dualcast+1","Ball Lightning+1","Darkness+1","Coolheaded","Multi-Cast+1","Consume+1","Hologram","Coolheaded","Conserve Battery","Seek","Sunder+1","Redo+1","Loop+1","Doom and Gloom+1","Auto Shields","Stack+1"],"relics":["Cracked Core","Anchor","War Paint","Vajra","Frozen Egg 2","Nuclear Battery","SsserpentHead","Emotion Chip","Smiling Mask","MawBank"],"potions_floor_usage":[11,11,14,27,33],"damage_taken":[{"damage":1,"enemies":"Cultist","floor":1,"turns":3},{"damage":0,"enemies":"Small Slimes","floor":4,"turns":3},{"damage":0,"enemies":"Jaw Worm","floor":5,"turns":3},{"damage":18,"enemies":"Lagavulin","floor":7,"turns":6},{"damage":0,"enemies":"Exordium Wildlife","floor":10,"turns":3},{"damage":10,"enemies":"Gremlin Nob","floor":11,"turns":3},{"damage":4,"enemies":"Red Slaver","floor":12,"turns":3},{"damage":0,"enemies":"3 Louse","floor":14,"turns":4},{"damage":13,"enemies":"Hexaghost","floor":16,"turns":10},{"damage":0,"enemies":"Shell Parasite","floor":18,"turns":3},{"damage":0,"enemies":"Chosen","floor":20,"turns":3},{"damage":4,"enemies":"Shelled Parasite and Fungi","floor":22,"turns":3},{"damage":0,"enemies":"Chosen and Byrds","floor":25,"turns":3},{"damage":16,"enemies":"Gremlin Leader","floor":27,"turns":5},{"damage":8,"enemies":"Snake Plant","floor":29,"turns":4},{"damage":101,"enemies":"Collector","floor":33,"turns":8}],"seed_played":"-4262053778693799411","potions_obtained":[{"floor":1,"key":"PowerPotion"},{"floor":4,"key":"EssenceOfSteel"},{"floor":7,"key":"Regen Potion"},{"floor":12,"key":"Block Potion"},{"floor":14,"key":"FairyPotion"},{"floor":22,"key":"Fire Potion"},{"floor":29,"key":"FearPotion"}],"is_trial":false,"path_per_floor":["M","$","?","M","M","R","E","?","T","M","E","M","R","M","R","B",null,"M","?","M","$","M","R","?","M","T","E","R","M","R","?","R","B"],"character_chosen":"DEFECT","items_purchased":["Ball Lightning","Anchor","Loop+1","Emotion Chip"],"campfire_rested":1,"item_purchase_floors":[2,2,21,21],"current_hp_per_floor":[67,67,56,56,56,56,38,38,38,38,37,33,33,33,33,20,61,61,61,61,61,57,57,57,57,57,41,41,33,33,33,55,0],"gold":357,"neow_bonus":"HUNDRED_GOLD","is_prod":false,"is_daily":false,"chose_seed":false,"campfire_upgraded":6,"win_rate":0,"timestamp":1569015491,"path_taken":["M","$","?","M","M","R","E","?","T","?","E","M","R","M","R","BOSS","M","?","M","$","?","R","?","?","T","E","R","M","R","?","R","BOSS"],"build_version":"2019-07-17","purchased_purges":0,"victory":false,"max_hp_per_floor":[75,75,75,75,75,75,75,75,75,75,75,75,75,75,75,75,75,75,75,75,75,75,75,75,75,75,75,75,75,75,75,75,75],"card_choices":[{"not_picked":["Recycle","Leap","Turbo"],"picked":"SKIP","floor":1},{"not_picked":["Ball Lightning","Barrage"],"picked":"Darkness","floor":4},{"not_picked":["Redo","Barrage"],"picked":"Coolheaded","floor":5},{"not_picked":["Storm","Rebound"],"picked":"Multi-Cast","floor":7},{"not_picked":["Sweeping Beam","Rebound"],"picked":"Consume","floor":10},{"not_picked":["Ball Lightning","Aggregate"],"picked":"Hologram","floor":11},{"not_picked":["Stack","Sweeping Beam"],"picked":"Coolheaded","floor":12},{"not_picked":["Beam Cell","Cold Snap"],"picked":"Conserve Battery","floor":14},{"not_picked":["Multi-Cast","Machine Learning+1"],"picked":"Seek","floor":16},{"not_picked":["Redo","Hello World+1"],"picked":"Sunder+1","floor":18},{"not_picked":["Chill","Compile Driver"],"picked":"Redo","floor":20},{"not_picked":["Go for the Eyes","Turbo"],"picked":"Doom and Gloom","floor":22},{"not_picked":["Gash","Streamline","Coolheaded"],"picked":"SKIP","floor":25},{"not_picked":["Redo","Gash"],"picked":"Auto Shields","floor":27},{"not_picked":["Scrape","Conserve Battery"],"picked":"Stack+1","floor":29}],"player_experience":1081974,"relics_obtained":[{"floor":7,"key":"War Paint"},{"floor":9,"key":"Vajra"},{"floor":11,"key":"Frozen Egg 2"},{"floor":26,"key":"Smiling Mask"},{"floor":27,"key":"MawBank"}],"event_choices":[{"damage_healed":0,"gold_gain":75,"player_choice":"Gather Gold","damage_taken":11,"max_hp_gain":0,"max_hp_loss":0,"event_name":"World of Goop","floor":3,"gold_loss":0},{"damage_healed":0,"gold_gain":0,"player_choice":"Ignored","damage_taken":0,"max_hp_gain":0,"max_hp_loss":0,"event_name":"Golden Idol","floor":8,"gold_loss":0},{"damage_healed":0,"gold_gain":0,"player_choice":"Trade","damage_taken":0,"relics_obtained":["SsserpentHead"],"max_hp_gain":0,"max_hp_loss":0,"event_name":"FaceTrader","floor":19,"gold_loss":0},{"damage_healed":0,"gold_gain":0,"player_choice":"Bet on Owner","damage_taken":0,"max_hp_gain":0,"max_hp_loss":0,"event_name":"The Joust","floor":24,"gold_loss":50},{"damage_healed":0,"gold_gain":0,"player_choice":"Simplicity","damage_taken":0,"max_hp_gain":0,"max_hp_loss":0,"event_name":"Back to Basics","floor":31,"gold_loss":0,"cards_upgraded":["Strike_B","Strike_B","Strike_B","Strike_B","Defend_B","Defend_B","Defend_B"]}],"is_beta":false,"boss_relics":[{"not_picked":["Busted Crown","Lizard Tail"],"picked":"Nuclear Battery"}],"items_purged_floors":[],"is_endless":false,"potions_floor_spawned":[1,4,7,12,14,22,29],"killed_by":"Collector","ascension_level":12}