{"gold_per_floor":[118,268,268,268,193,227,227,227,227,241,241,255,289,364,364,438,438,455,455,469,67,67,100,115,135,135,154,154,204,129,143,143,218,218,230,230,246,266,71,104,104,118,118,130,230,230,264,264,264,264],"floor_reached":50,"playtime":2527,"items_purged":["Strike_R+1","Strike_R+1"],"score":1135,"play_id":"b5eb5186-d719-4e34-aa16-abb000889b46","local_time":"20190328193756","is_ascension_mode":true,"campfire_choices":[{"data":"Juggernaut","floor":7,"key":"SMITH"},{"data":"Defend_R","floor":11,"key":"SMITH"},{"data":"Armaments","floor":15,"key":"SMITH"},{"floor":28,"key":"REST"},{"floor":32,"key":"REST"},{"floor":41,"key":"RECALL"},{"floor":49,"key":"REST"}],"neow_cost":"NONE","seed_source_timestamp":894707161637800,"circlet_count":0,"master_deck":["AscendersBane","Strike_R+1","Strike_R+1","Defend_R+1","Defend_R+1","Defend_R+1","Defend_R+1","Flex+1","Juggernaut+1","Armaments+1","Shrug It Off","Impervious","Iron Wave","Pommel Strike+1","Body Slam","Ghostly Armor","Hologram","Panache+1","Panache+1","Flash of Steel","Body Slam"],"relics":["Burning Blood","NeowsBlessing","Singing Bowl","Centennial Puzzle","Frozen Egg 2","Red Skull","Fusion Hammer","PrismaticShard","Self Forming Clay","Mummified Hand","Busted Crown","Meat on the Bone","Incense Burner","Anchor"],"potions_floor_usage":[13,16,23,33,42,46],"damage_taken":[{"damage":0,"enemies":"Jaw Worm","floor":1,"turns":1},{"damage":0,"enemies":"Gremlin Nob","floor":6,"turns":1},{"damage":0,"enemies":"2 Louse","floor":10,"turns":2},{"damage":10,"enemies":"Small Slimes","floor":12,"turns":3},{"damage":14,"enemies":"3 Sentries","floor":13,"turns":9},{"damage":36,"enemies":"Slime Boss","floor":16,"turns":9},{"damage":16,"enemies":"Shell Parasite","floor":18,"turns":5},{"damage":13,"enemies":"Chosen","floor":20,"turns":4},{"damage":19,"enemies":"Slavers","floor":23,"turns":6},{"damage":9,"enemies":"Snake Plant","floor":24,"turns":3},{"damage":0,"enemies":"Centurion and Healer","floor":25,"turns":7},{"damage":6,"enemies":"Cultist and Chosen","floor":27,"turns":5},{"damage":0,"enemies":"Snake Plant","floor":31,"turns":4},{"damage":7,"enemies":"Automaton","floor":33,"turns":8},{"damage":0,"enemies":"3 Shapes","floor":35,"turns":4},{"damage":0,"enemies":"Orb Walker","floor":37,"turns":3},{"damage":0,"enemies":"Sphere and 2 Shapes","floor":38,"turns":5},{"damage":6,"enemies":"Reptomancer","floor":40,"turns":4},{"damage":17,"enemies":"Spire Growth","floor":42,"turns":4},{"damage":22,"enemies":"4 Shapes","floor":44,"turns":5},{"damage":12,"enemies":"Mind Bloom Boss Battle","floor":45,"turns":5},{"damage":0,"enemies":"Jaw Worm Horde","floor":46,"turns":1},{"damage":64,"enemies":"Giant Head","floor":47,"turns":8},{"damage":84,"enemies":"Time Eater","floor":50,"turns":8}],"seed_played":"-6442288550994470832","potions_obtained":[{"floor":6,"key":"Block Potion"},{"floor":13,"key":"EssenceOfSteel"},{"floor":24,"key":"GamblersBrew"},{"floor":27,"key":"Fruit Juice"},{"floor":33,"key":"Explosive Potion"},{"floor":37,"key":"SmokeBomb"}],"is_trial":false,"path_per_floor":["M","?","?","?","?","E","R","T","T","M","R","M","E","?","R","B",null,"M","?","M","$","?","E","M","M","T","M","R","?","?","M","R","B",null,"M","?","M","M","$","E","R","M","T","M","?","M","E","?","R","B"],"character_chosen":"IRONCLAD","items_purchased":["PrismaticShard","FearPotion","Weak Potion","Flash of Steel"],"campfire_rested":3,"item_purchase_floors":[21,21,21,39],"current_hp_per_floor":[74,74,51,51,51,57,57,57,57,65,65,61,53,42,42,12,61,51,51,44,44,44,33,30,38,38,38,62,62,62,68,81,85,86,88,88,90,92,92,94,94,85,85,71,67,73,27,82,82,0],"gold":264,"neow_bonus":"THREE_ENEMY_KILL","is_prod":false,"is_daily":false,"chose_seed":false,"campfire_upgraded":3,"win_rate":0,"timestamp":1553791076,"path_taken":["M","?","?","?","?","E","R","?","T","?","R","M","E","?","R","BOSS","M","?","M","$","?","E","M","M","T","M","R","?","?","?","R","BOSS","M","?","M","M","$","E","R","M","T","M","?","M","E","?","R","BOSS"],"build_version":"2019-01-23","purchased_purges":2,"victory":false,"max_hp_per_floor":[75,75,75,75,75,75,75,75,75,77,77,77,77,77,77,77,77,77,77,77,77,77,79,79,81,81,81,81,81,81,81,81,86,86,88,88,90,92,92,94,94,96,96,98,100,100,100,82,82,82],"card_choices":[{"not_picked":["Evolve","Sword Boomerang"],"picked":"Flex","floor":1},{"not_picked":["Twin Strike","Brutality"],"picked":"Juggernaut","floor":6},{"not_picked":["Headbutt","Burning Pact","Seeing Red"],"picked":"Singing Bowl","floor":10},{"not_picked":["Corruption+1","Clothesline"],"picked":"Armaments","floor":12},{"not_picked":["Twin Strike","Shockwave"],"picked":"Shrug It Off","floor":13},{"not_picked":["Double Tap","Berserk+1"],"picked":"Impervious","floor":16},{"not_picked":["Clothesline","Searing Blow"],"picked":"Iron Wave","floor":18},{"not_picked":["Anger","Flex"],"picked":"Pommel Strike+1","floor":20},{"not_picked":["Prepared","Inflame+1","Armaments"],"picked":"Singing Bowl","floor":23},{"not_picked":["Dash","Havoc+1"],"picked":"Ghostly Armor","floor":24},{"not_picked":["Body Slam","Dagger Spray","Blade Dance+1"],"picked":"Singing Bowl","floor":25},{"not_picked":["Bandage Up","Reckless Charge"],"picked":"Hologram","floor":27},{"not_picked":["Conserve Battery+1","Steam"],"picked":"Panache+1","floor":31},{"not_picked":["Core Surge","HandOfGreed"],"picked":"Panache+1","floor":33},{"not_picked":["Barrage+1"],"picked":"Singing Bowl","floor":35},{"not_picked":["Prepared"],"picked":"Singing Bowl","floor":37},{"not_picked":["Slice+1"],"picked":"Singing Bowl","floor":38},{"not_picked":["Anger+1"],"picked":"Singing Bowl","floor":40},{"not_picked":["Seeing Red"],"picked":"Singing Bowl","floor":42},{"not_picked":["Redo"],"picked":"Singing Bowl","floor":44},{"not_picked":["Flying Knee"],"picked":"Singing Bowl","floor":45},{"not_picked":[],"picked":"Body Slam","floor":47}],"player_experience":1047661,"relics_obtained":[{"floor":6,"key":"Singing Bowl"},{"floor":8,"key":"Centennial Puzzle"},{"floor":9,"key":"Frozen Egg 2"},{"floor":13,"key":"Red Skull"},{"floor":23,"key":"Self Forming Clay"},{"floor":26,"key":"Mummified Hand"},{"floor":40,"key":"Meat on the Bone"},{"floor":45,"key":"Incense Burner"},{"floor":47,"key":"Anchor"}],"event_choices":[{"damage_healed":0,"gold_gain":150,"player_choice":"AGREE","damage_taken":0,"max_hp_gain":0,"max_hp_loss":0,"event_name":"Liars Game","floor":2,"gold_loss":0,"cards_obtained":["Doubt"]},{"damage_healed":0,"gold_gain":0,"player_choice":"Entered Light","damage_taken":23,"max_hp_gain":0,"max_hp_loss":0,"event_name":"Shining Light","floor":3,"gold_loss":0,"cards_upgraded":["Defend_R","Flex"]},{"cards_removed":["Doubt"],"damage_healed":0,"gold_gain":0,"player_choice":"Forget","damage_taken":0,"max_hp_gain":0,"max_hp_loss":0,"event_name":"Living Wall","floor":4,"gold_loss":0},{"cards_removed":["Bash"],"damage_healed":0,"gold_gain":0,"player_choice":"Card Removal","damage_taken":0,"max_hp_gain":0,"max_hp_loss":0,"event_name":"The Cleric","floor":5,"gold_loss":75},{"damage_healed":0,"gold_gain":75,"player_choice":"Gather Gold","damage_taken":11,"max_hp_gain":0,"max_hp_loss":0,"event_name":"World of Goop","floor":14,"gold_loss":0},{"damage_healed":0,"gold_gain":0,"player_choice":"Simplicity","damage_taken":0,"max_hp_gain":0,"max_hp_loss":0,"event_name":"Back to Basics","floor":19,"gold_loss":0,"cards_upgraded":["Strike_R","Strike_R","Strike_R","Strike_R","Strike_R","Defend_R","Defend_R"]},{"damage_healed":0,"gold_gain":0,"player_choice":"Read","damage_taken":0,"max_hp_gain":0,"max_hp_loss":0,"event_name":"The Library","floor":22,"gold_loss":0,"cards_obtained":["Body Slam"]},{"damage_healed":0,"gold_gain":50,"player_choice":"Stole From Cult","damage_taken":0,"max_hp_gain":0,"max_hp_loss":0,"event_name":"Nest","floor":29,"gold_loss":0},{"cards_removed":["Strike_R"],"damage_healed":0,"gold_gain":0,"player_choice":"Gave Gold","damage_taken":0,"max_hp_gain":0,"max_hp_loss":0,"event_name":"Beggar","floor":30,"gold_loss":75},{"damage_healed":0,"gold_gain":0,"player_choice":"Ignored","damage_taken":0,"max_hp_gain":0,"max_hp_loss":0,"event_name":"Tomb of Lord Red Mask","floor":36,"gold_loss":0},{"damage_healed":0,"gold_gain":0,"player_choice":"Fight","damage_taken":0,"max_hp_gain":0,"max_hp_loss":0,"event_name":"MindBloom","floor":45,"gold_loss":0},{"damage_healed":82,"gold_gain":0,"player_choice":"Heal","damage_taken":0,"max_hp_gain":0,"max_hp_loss":18,"event_name":"The Moai Head","floor":48,"gold_loss":0}],"is_beta":false,"boss_relics":[{"not_picked":["Eternal Feather","Calling Bell"],"picked":"Fusion Hammer"},{"not_picked":["Velvet Choker","Astrolabe"],"picked":"Busted Crown"}],"items_purged_floors":[21,39],"is_endless":false,"potions_floor_spawned":[6,13,24,27,33,37,38,40],"killed_by":"Time Eater","ascension_level":20}