{"gold_per_floor":[117,117,128,128,144,144,173,23,23,56,56,68,86,119,119,214,214,228,153,153,153,171,197,122,155,178,178,190,221,71,170,170,267,267,286,107,207,207,224,255,269,283,283,294,39,39,65,75,75,75,75,75,27,57,57],"floor_reached":55,"playtime":6042,"items_purged":["Strike_B","Strike_B"],"score":867,"play_id":"608a56ce-ea8d-4434-b6e9-db490a8b642d","local_time":"20190725014952","is_ascension_mode":true,"campfire_choices":[{"data":"Zap","floor":6.0,"key":"SMITH"},{"data":"Streamline","floor":11,"key":"SMITH"},{"data":"Reinforced Body","floor":15,"key":"SMITH"},{"floor":27,"key":"RECALL"},{"floor":32,"key":"REST"},{"floor":49,"key":"REST"},{"floor":52,"key":"DIG"}],"neow_cost":"NONE","seed_source_timestamp":0,"circlet_count":0,"master_deck":["Defend_B","Defend_B","Defend_B","Defend_B","Zap+1","Dualcast","Ball Lightning","Rebound","Streamline+1","FTL","Reinforced Body+1","Machine Learning","Electrodynamics","Biased Cognition+1","Lockon","Glacier","Hologram","Hologram","Sunder","Self Repair","Heatsinks+1","Hologram+1","Leap","Capacitor","Undo+1","Glacier+1","Go for the Eyes+1","Auto Shields+1","Hologram+1"],"special_seed":0,"relics":["Cracked Core","Cables","Pen Nib","Bottled Flame","Omamori","Letter Opener","Fusion Hammer","Strawberry","Boot","Centennial Puzzle","Oddly Smooth Stone","Cursed Key","Shovel","Anchor","Pantograph","Pear","Question Card","Ornamental Fan","Bag of Marbles"],"potions_floor_usage":[10,16,25,33,35,37,40,47,55,55,55],"damage_taken":[{"damage":7.0,"enemies":"Small Slimes","floor":1.0,"turns":3.0},{"damage":0.0,"enemies":"2 Louse","floor":3.0,"turns":2.0},{"damage":0.0,"enemies":"Cultist","floor":5.0,"turns":2.0},{"damage":8.0,"enemies":"Gremlin Nob","floor":7.0,"turns":3.0},{"damage":14,"enemies":"Lagavulin","floor":10,"turns":4},{"damage":0,"enemies":"Large Slime","floor":12,"turns":3},{"damage":0,"enemies":"Exordium Wildlife","floor":13,"turns":2},{"damage":9,"enemies":"3 Sentries","floor":14,"turns":4},{"damage":16,"enemies":"The Guardian","floor":16,"turns":9},{"damage":0,"enemies":"Spheric Guardian","floor":18,"turns":2},{"damage":0,"enemies":"3 Byrds","floor":22,"turns":3},{"damage":0,"enemies":"Gremlin Leader","floor":23,"turns":4},{"damage":17,"enemies":"Slavers","floor":25,"turns":4},{"damage":26,"enemies":"Centurion and Healer","floor":28,"turns":4},{"damage":9,"enemies":"Gremlin Leader","floor":29,"turns":5},{"damage":54,"enemies":"Champ","floor":33,"turns":10},{"damage":11,"enemies":"3 Darklings","floor":35,"turns":3},{"damage":5,"enemies":"Mind Bloom Boss Battle","floor":37,"turns":5},{"damage":3,"enemies":"Orb Walker","floor":39,"turns":2},{"damage":12,"enemies":"Reptomancer","floor":40,"turns":4},{"damage":0,"enemies":"Sphere and 2 Shapes","floor":41,"turns":4},{"damage":24,"enemies":"Spire Growth","floor":42,"turns":5},{"damage":0,"enemies":"Transient","floor":44,"turns":5},{"damage":27,"enemies":"Nemesis","floor":47,"turns":5},{"damage":2,"enemies":"Jaw Worm Horde","floor":48,"turns":4},{"damage":33,"enemies":"Awakened One","floor":50,"turns":20},{"damage":47,"enemies":"Shield and Spear","floor":54,"turns":8},{"damage":92,"enemies":"The Heart","floor":55,"turns":12}],"seed_played":"3081377626530147246","potions_obtained":[{"floor":0.0,"key":"Dexterity Potion"},{"floor":0.0,"key":"SteroidPotion"},{"floor":0.0,"key":"SkillPotion"},{"floor":10,"key":"Block Potion"},{"floor":22,"key":"Weak Potion"},{"floor":28,"key":"SteroidPotion"},{"floor":29,"key":"PowerPotion"},{"floor":33,"key":"Fire Potion"},{"floor":35,"key":"AttackPotion"},{"floor":39,"key":"Regen Potion"},{"floor":44,"key":"Dexterity Potion"},{"floor":47,"key":"SpeedPotion"},{"floor":54,"key":"PowerPotion"}],"is_trial":false,"path_per_floor":["M","?","M","?","M","R","E","$","T","E","R","M","M","E","R","B",null,"M","?","?","$","M","E","$","E","T","R","M","E","$","?","R","B",null,"M","$","?","?","M","E","M","M","T","M","$","?","E","M","R","B",null,"R","$","E","B"],"character_chosen":"DEFECT","items_purchased":["Pen Nib","Oddly Smooth Stone","FTL","Pear","Weak Potion"],"campfire_rested":2,"item_purchase_floors":[8,30,36,45,53],"current_hp_per_floor":[68,73,73,73,73,73,65,65,65,51,51,51,51,42,42,26,80,80,80,80,80,80,87,87,70,70,70,44,35,35,35,61,14,87,83,83,85,85,82,77,84,67,67,74,84,84,64,69,97,71,97,97,97,50,0],"gold":57,"neow_bonus":"THREE_SMALL_POTIONS","is_prod":false,"is_daily":false,"chose_seed":false,"campfire_upgraded":3,"win_rate":0,"timestamp":1564012192,"path_taken":["M","?","M","?","?","R","E","$","T","E","R","M","M","E","R","BOSS","M","?","?","?","?","E","$","E","T","R","M","E","$","?","R","BOSS","M","$","?","?","M","E","M","M","T","?","?","?","E","?","R","BOSS","R","$","E","BOSS"],"build_version":"2019-07-17","purchased_purges":2,"victory":false,"max_hp_per_floor":[75,80,80,80,80,80,80,80,80,80,80,80,80,80,80,80,80,80,80,80,80,80,87,87,87,87,87,87,87,87,87,87,87,87,87,87,87,87,87,87,87,87,87,87,97,97,97,97,97,97,97,97,97,97,97],"card_choices":[{"not_picked":["Reinforced Body","Tempest"],"picked":"Ball Lightning","floor":1.0},{"not_picked":["Recycle","Ball Lightning"],"picked":"Rebound","floor":3.0},{"not_picked":["Gash","Hologram"],"picked":"Streamline","floor":5.0},{"not_picked":["Blizzard","Compile Driver"],"picked":"FTL","floor":7.0},{"not_picked":["Ball Lightning","Tempest"],"picked":"Reinforced Body","floor":10},{"not_picked":["Rebound","Gash"],"picked":"Machine Learning","floor":12},{"not_picked":["Leap","Beam Cell","Coolheaded"],"picked":"SKIP","floor":13},{"not_picked":["Reinforced Body","Darkness"],"picked":"Electrodynamics","floor":14},{"not_picked":["Meteor Strike","Rainbow"],"picked":"Biased Cognition","floor":16},{"not_picked":["Ball Lightning","Force Field"],"picked":"Lockon","floor":18},{"not_picked":["Darkness+1","Streamline","Leap"],"picked":"SKIP","floor":22},{"not_picked":["Chill","Reboot"],"picked":"Hologram","floor":23},{"not_picked":["Gash","Beam Cell"],"picked":"Hologram","floor":25},{"not_picked":["Rebound","Conserve Battery","Sunder"],"picked":"SKIP","floor":28},{"not_picked":["Rebound","Conserve Battery"],"picked":"Sunder","floor":28},{"not_picked":["Coolheaded","Turbo"],"picked":"Self Repair","floor":29},{"not_picked":["Sunder","Ball Lightning"],"picked":"Heatsinks+1","floor":35},{"not_picked":["Rip and Tear","Force Field"],"picked":"Hologram+1","floor":37},{"not_picked":["Rebound+1","Conserve Battery"],"picked":"Leap","floor":39},{"not_picked":["Chaos+1","Blizzard+1"],"picked":"Capacitor","floor":40},{"not_picked":["Reprogram","Conserve Battery+1"],"picked":"Undo+1","floor":41},{"not_picked":["Turbo","Ball Lightning+1"],"picked":"Glacier+1","floor":42},{"not_picked":["Multi-Cast","Cold Snap"],"picked":"Go for the Eyes+1","floor":44},{"not_picked":["Darkness+1","Reinforced Body","Coolheaded"],"picked":"SKIP","floor":47},{"not_picked":["Streamline","Double Energy+1","Gash+1"],"picked":"Auto Shields+1","floor":48},{"not_picked":["Hello World","Sweeping Beam","Melter+1"],"picked":"Hologram+1","floor":54}],"player_experience":589365,"relics_obtained":[{"floor":7.0,"key":"Cables"},{"floor":9.0,"key":"Bottled Flame"},{"floor":10,"key":"Omamori"},{"floor":14,"key":"Letter Opener"},{"floor":23,"key":"Strawberry"},{"floor":25,"key":"Boot"},{"floor":29,"key":"Centennial Puzzle"},{"floor":37,"key":"Shovel"},{"floor":40,"key":"Anchor"},{"floor":43,"key":"Pantograph"},{"floor":47,"key":"Question Card"},{"floor":52,"key":"Ornamental Fan"},{"floor":54,"key":"Bag of Marbles"}],"event_choices":[{"damage_healed":0.0,"max_hp_gain":5.0,"max_hp_loss":0.0,"gold_gain":0.0,"event_name":"Big Fish","player_choice":"Donut","floor":2.0,"gold_loss":0.0,"damage_taken":0.0},{"cards_removed":["Strike_B"],"damage_healed":0.0,"max_hp_gain":0.0,"max_hp_loss":0.0,"gold_gain":0.0,"event_name":"Bonfire Elementals","player_choice":"Offered Basic","floor":4.0,"gold_loss":0.0,"damage_taken":0.0},{"cards_removed":["Strike_B"],"damage_healed":0,"gold_gain":0,"player_choice":"Gave Gold","damage_taken":0,"max_hp_gain":0,"max_hp_loss":0,"event_name":"Beggar","floor":19,"gold_loss":75},{"damage_healed":0,"gold_gain":0,"player_choice":"Read","damage_taken":0,"max_hp_gain":0,"max_hp_loss":0,"event_name":"The Library","floor":20,"gold_loss":0,"cards_obtained":["Glacier"]},{"damage_healed":0,"gold_gain":99,"player_choice":"Stole From Cult","damage_taken":0,"max_hp_gain":0,"max_hp_loss":0,"event_name":"Nest","floor":31,"gold_loss":0},{"damage_healed":0,"gold_gain":0,"player_choice":"Fight","damage_taken":0,"max_hp_gain":0,"max_hp_loss":0,"event_name":"MindBloom","floor":37,"gold_loss":0},{"cards_removed":["FTL"],"damage_healed":0,"gold_gain":0,"player_choice":"Removed Attack","damage_taken":0,"max_hp_gain":0,"max_hp_loss":0,"event_name":"Falling","floor":38,"gold_loss":0},{"damage_healed":0,"gold_gain":0,"player_choice":"Upgraded","damage_taken":0,"max_hp_gain":0,"max_hp_loss":0,"event_name":"Upgrade Shrine","floor":46,"gold_loss":0,"cards_upgraded":["Biased Cognition"]}],"is_beta":false,"boss_relics":[{"not_picked":["Empty Cage","Astrolabe"],"picked":"Fusion Hammer"},{"not_picked":["Lizard Tail","Busted Crown"],"picked":"Cursed Key"}],"items_purged_floors":[24,36],"is_endless":false,"potions_floor_spawned":[7,10,13,22,28,29,33,35,39,44,47,54],"killed_by":"The Heart","ascension_level":1}