{"gold_per_floor":[113,130,130,142,142,142,158,233,259,259,259,259,60,116,116,216,216,228,33,51,63,63,63,63,63,87,103,103,176,207,58,58,162,162,180,200,217,217,271,271],"floor_reached":40,"playtime":1341,"items_purged":[],"score":462,"play_id":"07fc206e-8e5b-4ed1-9dd9-755428524422","local_time":"20180805203934","is_ascension_mode":true,"campfire_choices":[{"data":"Dualcast","floor":6,"key":"SMITH"},{"data":"Leap","floor":11,"key":"SMITH"},{"floor":15,"key":"REST"},{"floor":23,"key":"REST"},{"floor":25,"key":"REST"},{"data":"Apotheosis","floor":28,"key":"SMITH"},{"floor":32,"key":"REST"}],"neow_cost":"NONE","seed_source_timestamp":37812060997254,"circlet_count":0,"master_deck":["Strike_B","Strike_B","Strike_B","Defend_B","Defend_B","Defend_B","Zap+1","Dualcast+1","Capacitor","Leap+1","Reboot","Apotheosis+1","Ball Lightning","Static Discharge","Conserve Battery","Cold Snap+1","Self Repair","Loop","Sweeping Beam","Auto Shields","Ball Lightning","Leap+1"],"relics":["Cracked Core","NeowsBlessing","FaceOfCleric","Ancient Tea Set","Happy Flower","Tiny Chest","Nuclear Battery","Oddly Smooth Stone","Centennial Puzzle","Cables","Shuriken","Anchor","Empty Cage","Mercury Hourglass","Boot"],"potions_floor_usage":[14,21,40,40,40],"damage_taken":[{"damage":0,"enemies":"Small Slimes","floor":1,"turns":1},{"damage":0,"enemies":"Cultist","floor":2,"turns":1},{"damage":0,"enemies":"Jaw Worm","floor":4,"turns":1},{"damage":6,"enemies":"Looter","floor":7,"turns":3},{"damage":10,"enemies":"Gremlin Nob","floor":14,"turns":4},{"damage":22,"enemies":"Slime Boss","floor":16,"turns":8},{"damage":23,"enemies":"Chosen","floor":18,"turns":5},{"damage":12,"enemies":"Spheric Guardian","floor":20,"turns":5},{"damage":26,"enemies":"3 Cultists","floor":21,"turns":6},{"damage":10,"enemies":"Centurion and Healer","floor":27,"turns":7},{"damage":30,"enemies":"Gremlin Leader","floor":30,"turns":5},{"damage":66,"enemies":"Automaton","floor":33,"turns":11},{"damage":23,"enemies":"Flame Bruiser 1 Orb","floor":35,"turns":6},{"damage":4,"enemies":"Orb Walker","floor":36,"turns":4},{"damage":48,"enemies":"3 Darklings","floor":37,"turns":4},{"damage":47,"enemies":"2 Orb Walkers","floor":40,"turns":4}],"seed_played":"-7668750017034156909","potions_obtained":[{"floor":1,"key":"EssenceOfSteel"},{"floor":7,"key":"Energy Potion"},{"floor":14,"key":"FocusPotion"},{"floor":16,"key":"Fire Potion"},{"floor":27,"key":"EssenceOfSteel"}],"is_trial":false,"path_per_floor":["M","M","?","M","?","R","M","?","T","?","R","?","$","E","R","B",null,"M","$","M","M","?","R","?","R","T","M","R","T","E","$","R","B",null,"M","M","M","T","T"],"character_chosen":"DEFECT","items_purchased":["Apotheosis","Oddly Smooth Stone","Conserve Battery","Anchor"],"campfire_rested":4,"item_purchase_floors":[13,19,19,31],"current_hp_per_floor":[75,75,75,76,76,76,71,60,60,60,60,42,42,33,56,35,79,57,57,46,21,21,45,45,69,69,70,70,70,51,51,76,18,85,70,67,30,30,30,0],"gold":271,"neow_bonus":"THREE_ENEMY_KILL","is_prod":false,"is_daily":false,"chose_seed":false,"campfire_upgraded":3,"win_rate":0,"timestamp":1533469174,"path_taken":["M","M","?","M","?","R","M","?","T","?","R","?","$","E","R","BOSS","M","$","M","M","?","R","?","R","T","?","R","?","E","?","R","BOSS","M","M","M","?","?","E"],"build_version":"2018-08-02","purchased_purges":0,"victory":false,"max_hp_per_floor":[75,75,75,76,76,76,77,77,77,77,77,77,77,78,78,79,79,80,80,81,82,82,82,82,82,82,83,83,83,84,84,84,85,85,86,87,88,88,88,88],"card_choices":[{"not_picked":["Fusion","Beam Cell"],"picked":"Capacitor","floor":1},{"not_picked":["Barrage","Cold Snap"],"picked":"Reinforced Body","floor":2},{"not_picked":["Steam","Gash"],"picked":"Leap","floor":4},{"not_picked":["Cold Snap","Beam Cell"],"picked":"Reboot","floor":7},{"not_picked":["Cold Snap","Heatsinks"],"picked":"Ball Lightning","floor":14},{"not_picked":["Steam+1","Genetic Algorithm"],"picked":"Static Discharge","floor":18},{"not_picked":["Chill","Streamline"],"picked":"Cold Snap+1","floor":20},{"not_picked":["Steam Power","Gash"],"picked":"Self Repair","floor":21},{"not_picked":["Coolheaded","Fusion"],"picked":"Sweeping Beam","floor":27},{"not_picked":["Multi-Cast","Rainbow"],"picked":"Auto Shields","floor":30},{"not_picked":["Darkness+1","Rebound+1"],"picked":"Ball Lightning","floor":35},{"not_picked":["Hologram","Turbo+1"],"picked":"Leap+1","floor":36},{"not_picked":["Leap","Cold Snap+1","Fusion"],"picked":"SKIP","floor":37}],"player_experience":129536,"relics_obtained":[{"floor":9,"key":"Ancient Tea Set"},{"floor":14,"key":"Tiny Chest"},{"floor":26,"key":"Centennial Puzzle"},{"floor":29,"key":"Cables"},{"floor":30,"key":"Shuriken"},{"floor":38,"key":"Mercury Hourglass"},{"floor":39,"key":"Boot"}],"event_choices":[{"event_name":"FaceTrader","player_choice":"Trade","floor":3,"damage_taken":0},{"event_name":"Living Wall","player_choice":"Grow","floor":5,"damage_taken":0},{"event_name":"World of Goop","player_choice":"Gather Gold","floor":8,"damage_taken":0},{"event_name":"The Woman in Blue","player_choice":"Bought 0 Potions","floor":10,"damage_taken":0},{"event_name":"Scrap Ooze","player_choice":"success","floor":12,"damage_taken":18},{"event_name":"The Mausoleum","player_choice":"No","floor":22,"damage_taken":0},{"event_name":"Transmorgrifier","player_choice":"Transform","floor":24,"damage_taken":0}],"is_beta":false,"boss_relics":[{"not_picked":["Black Star","Coffee Dripper"],"picked":"Nuclear Battery"},{"not_picked":["Orrery","Busted Crown"],"picked":"Empty Cage"}],"items_purged_floors":[],"is_endless":false,"potions_floor_spawned":[1,7,14,16,18,20,27,33,35],"killed_by":"2 Orb Walkers","ascension_level":3}