{"gold_per_floor":[113,33,108,126,140,140,166,166,166,198,198,213,32,43,43,118,118,131,150,150],"floor_reached":20,"playtime":794,"items_purged":["Pain"],"score":368,"play_id":"ab2e5a2d-508a-443a-94da-18cabbd9b99b","local_time":"20190501193753","is_ascension_mode":true,"campfire_choices":[{"data":"Sunder","floor":6,"key":"SMITH"},{"floor":8,"key":"REST"},{"floor":15,"key":"REST"}],"neow_cost":"NONE","seed_source_timestamp":736056952516200,"circlet_count":0,"master_deck":["AscendersBane","Strike_B","Strike_B","Strike_B","Strike_B","Defend_B","Defend_B","Defend_B","Defend_B","Zap","Dualcast","Streamline","Blizzard","Sunder+1","Doom and Gloom","Creative AI","Glacier","Discovery","Glacier","Amplify","Defragment"],"relics":["Nuclear Battery","Unceasing Top","Singing Bowl","Bird Faced Urn","WarpedTongs","Sozu"],"potions_floor_usage":[10],"damage_taken":[{"damage":2,"enemies":"Jaw Worm","floor":1,"turns":4},{"damage":2,"enemies":"Cultist","floor":4,"turns":4},{"damage":7,"enemies":"Small Slimes","floor":5,"turns":3},{"damage":35,"enemies":"3 Sentries","floor":7,"turns":6},{"damage":8,"enemies":"Gremlin Nob","floor":10,"turns":3},{"damage":8,"enemies":"3 Louse","floor":12,"turns":2},{"damage":6,"enemies":"Looter","floor":14,"turns":2},{"damage":17,"enemies":"The Guardian","floor":16,"turns":12},{"damage":22,"enemies":"3 Byrds","floor":18,"turns":7},{"damage":14,"enemies":"Spheric Guardian","floor":19,"turns":4},{"damage":67,"enemies":"3 Cultists","floor":20,"turns":5}],"seed_played":"-5156476117444776593","potions_obtained":[{"floor":4,"key":"Explosive Potion"},{"floor":7,"key":"Fire Potion"},{"floor":12,"key":"LiquidBronze"}],"is_trial":false,"path_per_floor":["M","$","?","M","M","R","E","R","T","E","?","M","$","M","R","B",null,"M","M","M"],"character_chosen":"DEFECT","items_purchased":["Blizzard","Discovery"],"campfire_rested":2,"item_purchase_floors":[2,13],"current_hp_per_floor":[62,62,51,49,42,42,7,28,28,20,20,12,12,6,27,56,67,73,59,0],"gold":150,"neow_bonus":"BOSS_RELIC","is_prod":false,"is_daily":false,"chose_seed":false,"campfire_upgraded":1,"win_rate":0,"timestamp":1556728673,"path_taken":["M","$","?","M","M","R","E","R","T","E","?","M","$","M","R","BOSS","M","M","?"],"build_version":"2019-01-23","purchased_purges":1,"victory":false,"max_hp_per_floor":[71,71,71,71,71,71,71,71,71,71,71,71,71,71,71,71,71,73,73,73],"card_choices":[{"not_picked":["Tempest","Conserve Battery"],"picked":"Streamline","floor":1},{"not_picked":["Fusion","Reprogram"],"picked":"Sunder","floor":4},{"not_picked":["Leap","Rebound"],"picked":"Doom and Gloom","floor":5},{"not_picked":["Compile Driver","Gash","Rip and Tear"],"picked":"SKIP","floor":7},{"not_picked":["Gash","Scrape"],"picked":"Creative AI","floor":10},{"not_picked":["Conserve Battery","Streamline"],"picked":"Glacier","floor":12},{"not_picked":["Hologram","Sweeping Beam"],"picked":"Glacier","floor":14},{"not_picked":["Multi-Cast","Reboot"],"picked":"Amplify","floor":16},{"not_picked":["Ball Lightning","Coolheaded","Redo+1"],"picked":"Singing Bowl","floor":18},{"not_picked":["Sweeping Beam","Steam Power"],"picked":"Defragment","floor":19}],"player_experience":1285032,"relics_obtained":[{"floor":7,"key":"Unceasing Top"},{"floor":9,"key":"Singing Bowl"},{"floor":10,"key":"Bird Faced Urn"}],"event_choices":[{"damage_healed":0,"gold_gain":75,"player_choice":"Gather Gold","damage_taken":11,"max_hp_gain":0,"max_hp_loss":0,"event_name":"World of Goop","floor":3,"gold_loss":0},{"damage_healed":0,"gold_gain":0,"player_choice":"Rummage","damage_taken":0,"relics_obtained":["WarpedTongs"],"max_hp_gain":0,"max_hp_loss":0,"event_name":"Accursed Blacksmith","floor":11,"gold_loss":0,"cards_obtained":["Pain"]}],"is_beta":false,"boss_relics":[{"not_picked":["Eternal Feather","Snecko Eye"],"picked":"Sozu"}],"items_purged_floors":[13],"is_endless":false,"potions_floor_spawned":[4,7,12],"killed_by":"3 Cultists","ascension_level":20}