{"gold_per_floor":[112,125,139,152,170,203,203,235,235,235,235,235,235,246,246,344,344,364,381,392,52,52],"floor_reached":22,"playtime":1296,"items_purged":[],"score":218,"play_id":"e1357b4d-22a6-4c64-9f28-f8b70f9f6e00","local_time":"20190728165933","is_ascension_mode":true,"campfire_choices":[{"floor":7,"key":"REST"},{"data":"Zap","floor":11,"key":"SMITH"},{"data":"Go for the Eyes","floor":13,"key":"SMITH"},{"data":"Go for the Eyes","floor":15,"key":"SMITH"}],"neow_cost":"NONE","seed_source_timestamp":23792029255776,"circlet_count":0,"master_deck":["Strike_B","Strike_B","Defend_B","Defend_B","Defend_B","Defend_B","Zap+1","Dualcast","Glacier","Loop","Ball Lightning","Go for the Eyes+1","Beam Cell","Sunder","Self Repair","Go for the Eyes+1","Electrodynamics","Reinforced Body+1","Lockon","Coolheaded+1","FTL"],"relics":["Cracked Core","Ancient Tea Set","Bag of Preparation","Kunai","Empty Cage","FossilizedHelix"],"potions_floor_usage":[0],"damage_taken":[{"damage":0,"enemies":"Cultist","floor":1,"turns":4},{"damage":9,"enemies":"Small Slimes","floor":2,"turns":3},{"damage":3,"enemies":"2 Louse","floor":3,"turns":3},{"damage":6,"enemies":"Exordium Thugs","floor":4,"turns":5},{"damage":1,"enemies":"Exordium Wildlife","floor":5,"turns":4},{"damage":22,"enemies":"Gremlin Nob","floor":6,"turns":4},{"damage":11,"enemies":"Lagavulin","floor":8,"turns":6},{"damage":0,"enemies":"3 Louse","floor":14,"turns":2},{"damage":22,"enemies":"Hexaghost","floor":16,"turns":9},{"damage":17,"enemies":"Spheric Guardian","floor":18,"turns":4},{"damage":15,"enemies":"2 Thieves","floor":19,"turns":3},{"damage":20,"enemies":"Sentry and Sphere","floor":20,"turns":4},{"damage":36,"enemies":"Snake Plant","floor":22,"turns":3}],"seed_played":"-5481914629386532557","potions_obtained":[{"floor":0,"key":"SneckoOil"},{"floor":0,"key":"Dexterity Potion"},{"floor":0,"key":"Fruit Juice"},{"floor":3,"key":"FearPotion"},{"floor":8,"key":"GamblersBrew"}],"is_trial":false,"path_per_floor":["M","M","M","M","M","E","R","E","T","$","R","$","R","M","R","B",null,"M","M","M","$","M"],"character_chosen":"DEFECT","items_purchased":["FTL","FossilizedHelix"],"campfire_rested":1,"item_purchase_floors":[21,21],"current_hp_per_floor":[80,71,68,62,61,39,63,52,52,52,52,52,52,59,59,44,80,70,55,35,35,0],"gold":52,"neow_bonus":"THREE_SMALL_POTIONS","is_prod":false,"is_daily":false,"chose_seed":false,"campfire_upgraded":3,"win_rate":0,"timestamp":1564325973,"path_taken":["M","?","M","M","M","E","R","E","T","$","R","$","R","M","R","BOSS","M","?","?","$","M"],"build_version":"2019-07-17","purchased_purges":0,"victory":false,"max_hp_per_floor":[80,80,80,80,80,80,80,80,80,80,80,80,80,80,80,80,80,80,80,80,80,80],"card_choices":[{"not_picked":["Sunder","Chill"],"picked":"Glacier","floor":1},{"not_picked":["Barrage","Turbo"],"picked":"Loop","floor":2},{"not_picked":["Steam","Aggregate"],"picked":"Ball Lightning","floor":3},{"not_picked":["Undo","Hologram"],"picked":"Go for the Eyes","floor":4},{"not_picked":["Thunder Strike","Rebound"],"picked":"Beam Cell","floor":5},{"not_picked":["Heatsinks","Self Repair"],"picked":"Sunder","floor":6},{"not_picked":["Ball Lightning","Chaos"],"picked":"Self Repair","floor":8},{"not_picked":["Barrage","Coolheaded"],"picked":"Go for the Eyes","floor":14},{"not_picked":["Amplify","Meteor Strike"],"picked":"Electrodynamics","floor":16},{"not_picked":["Doom and Gloom","Beam Cell+1"],"picked":"Reinforced Body+1","floor":18},{"not_picked":["Redo","Melter"],"picked":"Lockon","floor":19},{"not_picked":["Auto Shields","Steam"],"picked":"Coolheaded+1","floor":20}],"player_experience":625617,"relics_obtained":[{"floor":6,"key":"Ancient Tea Set"},{"floor":8,"key":"Bag of Preparation"},{"floor":9,"key":"Kunai"}],"event_choices":[],"is_beta":false,"boss_relics":[{"not_picked":["Runic Dome","Coffee Dripper"],"picked":"Empty Cage"}],"items_purged_floors":[],"is_endless":false,"potions_floor_spawned":[3,5,8,19],"killed_by":"Snake Plant","ascension_level":2}