{"gold_per_floor":[115,115,10,30,30,55,55,83,83,83,108,123,136,6,6,81,81,92,102,2,2,22,22,22,56,56,56,12,44,55,55,55,55],"floor_reached":33,"playtime":1426,"items_purged":["Regret","Strike_G"],"score":706,"play_id":"bb9d7286-5036-426a-9196-001f9beb6bd0","local_time":"20190511125239","is_ascension_mode":true,"campfire_choices":[{"data":"Finisher","floor":7,"key":"SMITH"},{"floor":10,"key":"REST"},{"data":"Outmaneuver","floor":15,"key":"SMITH"},{"data":"Calculated Gamble","floor":23,"key":"SMITH"},{"floor":27,"key":"REST"},{"floor":32,"key":"REST"}],"neow_cost":"NONE","seed_source_timestamp":239001865866400,"circlet_count":0,"master_deck":["AscendersBane","Defend_G","Defend_G","Defend_G","Defend_G","Defend_G","Strike_G","Strike_G","Strike_G","Survivor","Neutralize","Acrobatics","Prepared","Finisher+1","Adrenaline","Choke","Cloak And Dagger","Dodge and Roll","Cloak And Dagger","Infinite Blades","Outmaneuver+1","Envenom","Acrobatics","Blade Dance+1","Calculated Gamble+1","Die Die Die","Noxious Fumes","Dodge and Roll+1"],"relics":["Ring of the Snake","NeowsBlessing","Sundial","Bag of Marbles","Vajra","Blood Vial","Matryoshka","Runic Dome","Orichalcum","Strawberry","Snake Skull","Ice Cream","Juzu Bracelet"],"potions_floor_usage":[8,16,19,25,30,31],"damage_taken":[{"damage":0,"enemies":"Jaw Worm","floor":1,"turns":1},{"damage":0,"enemies":"Small Slimes","floor":4,"turns":1},{"damage":0,"enemies":"Gremlin Nob","floor":6,"turns":1},{"damage":40,"enemies":"Lagavulin","floor":8,"turns":9},{"damage":0,"enemies":"Gremlin Nob","floor":11,"turns":2},{"damage":0,"enemies":"Cultist","floor":12,"turns":1},{"damage":0,"enemies":"Blue Slaver","floor":13,"turns":2},{"damage":33,"enemies":"The Guardian","floor":16,"turns":15},{"damage":16,"enemies":"Shell Parasite","floor":18,"turns":5},{"damage":6,"enemies":"Spheric Guardian","floor":19,"turns":5},{"damage":4,"enemies":"Centurion and Healer","floor":22,"turns":8},{"damage":23,"enemies":"Book of Stabbing","floor":25,"turns":4},{"damage":12,"enemies":"Gremlin Leader","floor":29,"turns":4},{"damage":20,"enemies":"Snake Plant","floor":30,"turns":6},{"damage":6,"enemies":"Chosen and Byrds","floor":31,"turns":3},{"damage":39,"enemies":"Champ","floor":33,"turns":3}],"seed_played":"457114698707250850","potions_obtained":[{"floor":4,"key":"Fire Potion"},{"floor":8,"key":"Explosive Potion"},{"floor":11,"key":"FearPotion"},{"floor":12,"key":"Block Potion"},{"floor":19,"key":"Poison Potion"},{"floor":24,"key":"SmokeBomb"},{"floor":24,"key":"Weak Potion"},{"floor":25,"key":"SkillPotion"}],"is_trial":false,"path_per_floor":["M","?","$","M","?","E","R","E","T","R","E","M","M","$","R","B",null,"M","M","$","?","M","R","?","E","T","R","$","E","M","M","R","B"],"character_chosen":"THE_SILENT","items_purchased":["Prepared","Infinite Blades","Outmaneuver","Noxious Fumes"],"campfire_rested":3,"item_purchase_floors":[3,14,14,28],"current_hp_per_floor":[59,59,59,59,52,52,52,12,12,31,33,35,37,37,37,6,51,37,33,33,33,31,31,31,17,17,38,38,28,10,6,27,0],"gold":55,"neow_bonus":"THREE_ENEMY_KILL","is_prod":false,"is_daily":false,"chose_seed":false,"campfire_upgraded":3,"win_rate":0,"timestamp":1557568359,"path_taken":["M","?","$","M","?","E","R","E","T","R","E","M","M","$","R","BOSS","M","M","$","?","?","R","?","E","T","R","?","E","M","M","R","BOSS"],"build_version":"2019-01-23","purchased_purges":2,"victory":false,"max_hp_per_floor":[66,66,66,66,66,66,66,66,66,66,66,66,66,66,66,66,66,66,66,66,66,66,66,66,73,73,73,73,73,73,73,73,73],"card_choices":[{"not_picked":["Tactician","Distraction"],"picked":"Acrobatics","floor":1},{"not_picked":["Acrobatics","Setup"],"picked":"Finisher","floor":4},{"not_picked":["Well Laid Plans","Poisoned Stab"],"picked":"Adrenaline","floor":6},{"not_picked":["Leg Sweep","Concentrate"],"picked":"Choke","floor":8},{"not_picked":["Acrobatics","Skewer"],"picked":"Cloak And Dagger","floor":11},{"not_picked":["Concentrate","Well Laid Plans"],"picked":"Dodge and Roll","floor":12},{"not_picked":["Quick Slash","Dagger Spray"],"picked":"Cloak And Dagger","floor":13},{"not_picked":["Tools of the Trade","Storm of Steel"],"picked":"Envenom","floor":16},{"not_picked":["Poisoned Stab","Blade Dance"],"picked":"Acrobatics","floor":18},{"not_picked":["Setup+1","Deadly Poison"],"picked":"Blade Dance+1","floor":19},{"not_picked":["Dodge and Roll","Dagger Spray"],"picked":"Calculated Gamble","floor":22},{"not_picked":["Sucker Punch","Noxious Fumes+1"],"picked":"Die Die Die","floor":25},{"not_picked":["Slice","Heel Hook","Sucker Punch"],"picked":"SKIP","floor":29},{"not_picked":["Sucker Punch","Predator+1"],"picked":"Dodge and Roll+1","floor":30}],"player_experience":1308563,"relics_obtained":[{"floor":6,"key":"Bag of Marbles"},{"floor":8,"key":"Vajra"},{"floor":9,"key":"Blood Vial"},{"floor":11,"key":"Matryoshka"},{"floor":25,"key":"Strawberry"},{"floor":26,"key":"Snake Skull"},{"floor":26,"key":"Ice Cream"},{"floor":29,"key":"Juzu Bracelet"}],"event_choices":[{"damage_healed":0,"gold_gain":0,"player_choice":"Box","damage_taken":0,"relics_obtained":["Sundial"],"max_hp_gain":0,"max_hp_loss":0,"event_name":"Big Fish","floor":2,"gold_loss":0,"cards_obtained":["Regret"]},{"cards_removed":["Strike_G"],"damage_healed":0,"gold_gain":0,"player_choice":"Card Removal","damage_taken":7,"max_hp_gain":0,"max_hp_loss":0,"event_name":"Golden Wing","floor":5,"gold_loss":0},{"damage_healed":0,"gold_gain":0,"player_choice":"Gave Potion","damage_taken":0,"relics_obtained":["Orichalcum"],"max_hp_gain":0,"max_hp_loss":0,"event_name":"WeMeetAgain","floor":21,"gold_loss":0},{"damage_healed":0,"gold_gain":0,"player_choice":"Got Potions","damage_taken":0,"max_hp_gain":0,"max_hp_loss":0,"event_name":"Lab","floor":24,"gold_loss":0}],"is_beta":false,"boss_relics":[{"not_picked":["Empty Cage","Tiny House"],"picked":"Runic Dome"}],"items_purged_floors":[3,20],"is_endless":false,"potions_floor_spawned":[4,8,11,12,19,25,31],"killed_by":"Champ","ascension_level":20}