{"gold_per_floor":[118,193,206,206,75,109,109,134,211,361,379,379,43,69,69,140,140,159,84,99,113,113,113],"floor_reached":23,"playtime":3188,"items_purged":["Strike_B","Doubt"],"score":464,"play_id":"25f501a7-e00d-4fd9-8747-7663e76c6b17","local_time":"20191007201403","is_ascension_mode":true,"campfire_choices":[{"data":"Beam Cell","floor":7,"key":"SMITH"},{"floor":12,"key":"REST"},{"data":"Hologram","floor":15,"key":"SMITH"}],"neow_cost":"NONE","seed_source_timestamp":213751300441800,"circlet_count":0,"master_deck":["AscendersBane","Defend_B","Defend_B","Defend_B","Defend_B","Dualcast","Streamline","Compile Driver","Ball Lightning","Beam Cell+1","Coolheaded","Hologram+1","Genetic Algorithm","Hologram","Electrodynamics","Go for the Eyes"],"relics":["Cracked Core","NeowsBlessing","Orichalcum","Mercury Hourglass","Symbiotic Virus","PreservedInsect","Pen Nib","Empty Cage"],"potions_floor_usage":[16,18],"damage_taken":[{"damage":0,"enemies":"2 Louse","floor":1,"turns":1},{"damage":0,"enemies":"Jaw Worm","floor":3,"turns":1},{"damage":0,"enemies":"Lagavulin","floor":6,"turns":1},{"damage":33,"enemies":"3 Sentries","floor":8,"turns":7},{"damage":0,"enemies":"Small Slimes","floor":11,"turns":2},{"damage":12,"enemies":"Lagavulin","floor":14,"turns":3},{"damage":20,"enemies":"The Guardian","floor":16,"turns":9},{"damage":0,"enemies":"3 Byrds","floor":18,"turns":2},{"damage":0,"enemies":"Chosen","floor":20,"turns":3},{"damage":41,"enemies":"Shelled Parasite and Fungi","floor":21,"turns":4},{"damage":20,"enemies":"Book of Stabbing","floor":23,"turns":3}],"seed_played":"-3220454239828434934","potions_obtained":[{"floor":1,"key":"Ancient Potion"},{"floor":8,"key":"LiquidBronze"},{"floor":14,"key":"Regen Potion"}],"is_trial":false,"path_per_floor":["M","?","M","?","$","E","R","E","T","?","M","R","$","E","R","B",null,"M","?","M","M","?","E"],"character_chosen":"DEFECT","items_purchased":["Ball Lightning","PreservedInsect","Genetic Algorithm"],"campfire_rested":1,"item_purchase_floors":[5,13,13],"current_hp_per_floor":[64,53,53,46,46,46,46,13,13,13,13,34,34,22,22,17,58,58,58,58,17,17,0],"gold":113,"neow_bonus":"THREE_ENEMY_KILL","is_prod":false,"is_daily":false,"chose_seed":false,"campfire_upgraded":2,"win_rate":0,"timestamp":1570446843,"path_taken":["M","?","M","?","$","E","R","E","T","?","M","R","$","E","R","BOSS","M","?","M","M","?","E"],"build_version":"2019-07-17","purchased_purges":2,"victory":false,"max_hp_per_floor":[71,71,71,71,71,71,71,71,71,71,71,71,71,71,71,71,71,71,71,71,71,71,71],"card_choices":[{"not_picked":["Recycle","Steam"],"picked":"Streamline","floor":1},{"not_picked":["White Noise","Stack"],"picked":"Compile Driver","floor":3},{"not_picked":["Compile Driver","Hyperbeam"],"picked":"Beam Cell","floor":6},{"not_picked":["Streamline","Chill"],"picked":"Coolheaded","floor":8},{"not_picked":["Go for the Eyes","Beam Cell"],"picked":"Hologram","floor":11},{"not_picked":["Biased Cognition","Loop"],"picked":"Hologram","floor":14},{"not_picked":["Thunder Strike","Core Surge"],"picked":"Electrodynamics","floor":16},{"not_picked":["Glacier","Lockon","Beam Cell"],"picked":"SKIP","floor":18},{"not_picked":["Static Discharge","Consume","Sweeping Beam"],"picked":"SKIP","floor":20},{"not_picked":["Ball Lightning","Sweeping Beam"],"picked":"Go for the Eyes","floor":21}],"player_experience":584166,"relics_obtained":[{"floor":6,"key":"Orichalcum"},{"floor":8,"key":"Mercury Hourglass"},{"floor":9,"key":"Symbiotic Virus"},{"floor":14,"key":"Pen Nib"}],"event_choices":[{"damage_healed":0,"gold_gain":75,"player_choice":"Gather Gold","damage_taken":11,"max_hp_gain":0,"max_hp_loss":0,"event_name":"World of Goop","floor":2,"gold_loss":0},{"cards_removed":["Strike_B"],"damage_healed":0,"gold_gain":0,"player_choice":"Card Removal","damage_taken":7,"max_hp_gain":0,"max_hp_loss":0,"event_name":"Golden Wing","floor":4,"gold_loss":0},{"damage_healed":0,"gold_gain":150,"player_choice":"AGREE","damage_taken":0,"max_hp_gain":0,"max_hp_loss":0,"event_name":"Liars Game","floor":10,"gold_loss":0,"cards_obtained":["Doubt"]},{"cards_removed":["Zap"],"damage_healed":0,"gold_gain":0,"player_choice":"Gave Gold","damage_taken":0,"max_hp_gain":0,"max_hp_loss":0,"event_name":"Beggar","floor":19,"gold_loss":75},{"damage_healed":0,"gold_gain":0,"player_choice":"Ignored","damage_taken":0,"max_hp_gain":0,"max_hp_loss":0,"event_name":"Vampires","floor":22,"gold_loss":0}],"is_beta":false,"boss_relics":[{"not_picked":["Ectoplasm","Snecko Eye"],"picked":"Empty Cage"}],"items_purged_floors":[5,13],"is_endless":false,"potions_floor_spawned":[1,8,14],"killed_by":"Book of Stabbing","ascension_level":20}