{"gold_per_floor":[115,131,131,149,149,149,180,180,203,234,290,290,323,323,323,394,394,410,410,429,248,248,248,259,259,312,345,345,83,83,102,102,176,176,192,205,80,96,110,110,0,26,26,56,75,75,87,87,87,87],"floor_reached":51,"playtime":3778,"items_purged":["Barricade","Rupture","Searing Blow"],"score":1313,"play_id":"d3525af8-8967-4d39-80e7-06d3e559f443","local_time":"20191007232440","is_ascension_mode":true,"campfire_choices":[{"data":"Bash","floor":6,"key":"SMITH"},{"data":"Uppercut","floor":8,"key":"SMITH"},{"data":"Anger","floor":12,"key":"SMITH"},{"data":"Spot Weakness","floor":15,"key":"SMITH"},{"data":"Immolate","floor":23,"key":"SMITH"},{"floor":25,"key":"REST"},{"data":"Flame Barrier","floor":28,"key":"SMITH"},{"floor":32,"key":"REST"},{"floor":40,"key":"REST"},{"data":"Barricade","floor":46,"key":"SMITH"},{"floor":49,"key":"REST"}],"neow_cost":"NONE","seed_source_timestamp":48456379934608,"circlet_count":0,"master_deck":["AscendersBane","Bash+1","Battle Trance+1","Anger+1","Evolve","Uppercut+1","Rage+1","Spot Weakness+1","Immolate+1","Barricade+1","Thunderclap","Power Through","Iron Wave","Intimidate+1","Inflame+1","Sword Boomerang","Disarm","Flame Barrier+1","Offering","Battle Trance","Shrug It Off+1","Shrug It Off+1","Offering"],"relics":["Black Blood","Oddly Smooth Stone","Orichalcum","Meat on the Bone","Ornamental Fan","Pear","Pandora\u0027s Box","Red Skull","Vajra","Happy Flower","Red Mask","Ginger","Regal Pillow","Bottled Tornado"],"potions_floor_usage":[7,10,33,44,50,50],"damage_taken":[{"damage":9,"enemies":"Jaw Worm","floor":1,"turns":3},{"damage":2,"enemies":"2 Louse","floor":2,"turns":3},{"damage":7,"enemies":"Small Slimes","floor":4,"turns":3},{"damage":26,"enemies":"Lagavulin","floor":7,"turns":6},{"damage":12,"enemies":"3 Sentries","floor":10,"turns":7},{"damage":12,"enemies":"Gremlin Nob","floor":11,"turns":4},{"damage":10,"enemies":"Lagavulin","floor":13,"turns":5},{"damage":25,"enemies":"The Guardian","floor":16,"turns":10},{"damage":6,"enemies":"Shell Parasite","floor":18,"turns":6},{"damage":2,"enemies":"2 Thieves","floor":20,"turns":4},{"damage":31,"enemies":"Sentry and Sphere","floor":24,"turns":5},{"damage":22,"enemies":"Book of Stabbing","floor":27,"turns":6},{"damage":10,"enemies":"Centurion and Healer","floor":31,"turns":5},{"damage":57,"enemies":"Automaton","floor":33,"turns":8},{"damage":24,"enemies":"3 Darklings","floor":35,"turns":4},{"damage":14,"enemies":"Orb Walker","floor":36,"turns":4},{"damage":11,"enemies":"Jaw Worm Horde","floor":38,"turns":3},{"damage":24,"enemies":"Writhing Mass","floor":39,"turns":4},{"damage":23,"enemies":"Reptomancer","floor":42,"turns":5},{"damage":52,"enemies":"Giant Head","floor":44,"turns":7},{"damage":15,"enemies":"Sphere and 2 Shapes","floor":45,"turns":9},{"damage":35,"enemies":"Spire Growth","floor":47,"turns":5},{"damage":77,"enemies":"Donu and Deca","floor":50,"turns":8}],"seed_played":"4042862495494576085","potions_obtained":[{"floor":0,"key":"SpeedPotion"},{"floor":0,"key":"Fire Potion"},{"floor":1,"key":"Dexterity Potion"},{"floor":7,"key":"BloodPotion"},{"floor":16,"key":"SteroidPotion"},{"floor":20,"key":"Strength Potion"},{"floor":33,"key":"SteroidPotion"},{"floor":45,"key":"SkillPotion"},{"floor":47,"key":"SteroidPotion"}],"is_trial":false,"path_per_floor":["M","M","?","M","?","R","E","R","T","E","?","R","E","?","R","B",null,"M","?","M","$","?","R","M","R","T","E","R","$","?","M","R","B",null,"M","M","$","M","M","R","?","E","T","E","M","R","M","?","R","B",null],"character_chosen":"IRONCLAD","items_purchased":["Sword Boomerang","Disarm","Happy Flower"],"campfire_rested":4,"item_purchase_floors":[21,21,29],"current_hp_per_floor":[65,69,62,61,61,61,41,41,41,35,41,41,59,59,59,52,77,77,77,81,81,81,81,56,81,81,65,65,65,65,61,85,46,75,61,57,57,56,54,79,79,66,66,57,64,64,51,51,85,30],"gold":87,"neow_bonus":"THREE_SMALL_POTIONS","is_prod":false,"is_daily":false,"chose_seed":false,"campfire_upgraded":7,"win_rate":0,"timestamp":1570483480,"path_taken":["M","M","?","M","?","R","E","R","T","E","?","R","E","?","R","BOSS","M","?","M","$","?","R","?","R","T","E","R","$","?","?","R","BOSS","M","M","$","M","M","R","?","E","T","E","M","R","M","?","R","BOSS"],"build_version":"2019-07-17","purchased_purges":3,"victory":true,"max_hp_per_floor":[75,75,75,75,75,75,75,75,75,75,75,75,85,85,85,85,85,85,85,85,85,85,85,85,85,85,85,85,85,85,85,85,85,85,85,85,85,85,85,85,85,85,85,85,85,85,85,85,85,85],"card_choices":[{"not_picked":["Havoc","Sever Soul"],"picked":"Battle Trance","floor":1},{"not_picked":["Wild Strike","Rage"],"picked":"Anger","floor":2},{"not_picked":["Anger","Warcry"],"picked":"Evolve","floor":4},{"not_picked":["Power Through","True Grit"],"picked":"Uppercut","floor":7},{"not_picked":["Armaments","Infernal Blade","Brutality"],"picked":"SKIP","floor":10},{"not_picked":["Twin Strike","Cleave"],"picked":"Rage","floor":11},{"not_picked":["Thunderclap","Perfected Strike"],"picked":"Spot Weakness","floor":13},{"not_picked":["Berserk","Limit Break"],"picked":"Immolate","floor":16},{"not_picked":["Clash","Clothesline+1"],"picked":"Intimidate+1","floor":18},{"not_picked":["Second Wind","Armaments+1"],"picked":"Inflame+1","floor":20},{"not_picked":["True Grit","Wild Strike"],"picked":"Flame Barrier","floor":24},{"not_picked":["Infernal Blade","Thunderclap+1","Demon Form"],"picked":"SKIP","floor":27},{"not_picked":["Flex","Evolve","Havoc"],"picked":"SKIP","floor":31},{"not_picked":["Demon Form","Bludgeon"],"picked":"Offering","floor":33},{"not_picked":["Armaments","Sword Boomerang"],"picked":"Battle Trance","floor":35},{"not_picked":["Dropkick","Anger+1"],"picked":"Shrug It Off+1","floor":36},{"not_picked":["Shrug It Off","Twin Strike","Perfected Strike"],"picked":"SKIP","floor":38},{"not_picked":["Warcry","Inflame"],"picked":"Shrug It Off+1","floor":39},{"not_picked":["Anger+1","Perfected Strike","Rage"],"picked":"SKIP","floor":42},{"not_picked":["Entrench","Ghostly Armor","Cleave+1"],"picked":"SKIP","floor":44},{"not_picked":["Entrench","Ghostly Armor","Cleave+1"],"picked":"SKIP","floor":44},{"not_picked":["Power Through","Sever Soul","Shockwave"],"picked":"SKIP","floor":45},{"not_picked":["Power Through","Sever Soul","Shockwave"],"picked":"SKIP","floor":45},{"not_picked":["Twin Strike","Anger","Burning Pact"],"picked":"SKIP","floor":47}],"player_experience":1161745,"relics_obtained":[{"floor":7,"key":"Oddly Smooth Stone"},{"floor":9,"key":"Orichalcum"},{"floor":10,"key":"Meat on the Bone"},{"floor":11,"key":"Ornamental Fan"},{"floor":13,"key":"Pear"},{"floor":26,"key":"Red Skull"},{"floor":27,"key":"Vajra"},{"floor":42,"key":"Ginger"},{"floor":43,"key":"Regal Pillow"},{"floor":44,"key":"Bottled Tornado"}],"event_choices":[{"cards_removed":["Strike_R"],"damage_healed":0,"gold_gain":0,"player_choice":"Card Removal","damage_taken":7,"max_hp_gain":0,"max_hp_loss":0,"event_name":"Golden Wing","floor":3,"gold_loss":0},{"damage_healed":0,"gold_gain":0,"player_choice":"Ignored","damage_taken":0,"max_hp_gain":0,"max_hp_loss":0,"event_name":"Liars Game","floor":5,"gold_loss":0},{"damage_healed":0,"gold_gain":0,"player_choice":"Searched \u00271\u0027 times","damage_taken":0,"max_hp_gain":0,"max_hp_loss":0,"event_name":"Dead Adventurer","floor":11,"gold_loss":0},{"damage_healed":0,"gold_gain":0,"player_choice":"Grow","damage_taken":0,"max_hp_gain":0,"max_hp_loss":0,"event_name":"Living Wall","floor":14,"gold_loss":0,"cards_upgraded":["Rage"]},{"damage_healed":0,"gold_gain":0,"player_choice":"Ignored","damage_taken":0,"max_hp_gain":0,"max_hp_loss":0,"event_name":"Ghosts","floor":19,"gold_loss":0},{"cards_removed":["Perfected Strike"],"damage_healed":0,"gold_gain":0,"player_choice":"Purged","damage_taken":0,"max_hp_gain":0,"max_hp_loss":0,"event_name":"Purifier","floor":22,"gold_loss":0},{"damage_healed":0,"gold_gain":0,"player_choice":"Upgraded","damage_taken":0,"max_hp_gain":0,"max_hp_loss":0,"event_name":"Upgrade Shrine","floor":30,"gold_loss":0,"cards_upgraded":["Battle Trance"]},{"damage_healed":0,"gold_gain":0,"player_choice":"Paid","damage_taken":0,"relics_obtained":["Red Mask"],"max_hp_gain":0,"max_hp_loss":0,"event_name":"Tomb of Lord Red Mask","floor":41,"gold_loss":110},{"damage_healed":0,"gold_gain":0,"player_choice":"Copied","damage_taken":0,"max_hp_gain":0,"max_hp_loss":0,"event_name":"Duplicator","floor":48,"gold_loss":0,"cards_obtained":["Offering"]}],"is_beta":false,"boss_relics":[{"not_picked":["Velvet Choker","Lizard Tail"],"picked":"Pandora\u0027s Box"},{"not_picked":["Runic Pyramid","Black Star"],"picked":"Black Blood"}],"items_purged_floors":[21,29,37],"is_endless":false,"potions_floor_spawned":[1,7,16,20,24,33,38,45,47],"ascension_level":18}