{"gold_per_floor":[109,124,124,140,159,190,190,190,190,190,24,24,39,39,39,143,143,156,156,106,116,133,133,58,92,92,110,110,124,135,153,153,153],"floor_reached":33,"playtime":1488,"items_purged":["Strike_G"],"score":269,"play_id":"c8629245-ab78-4046-baf0-ffdf40f8ef99","local_time":"20180807230253","is_ascension_mode":false,"campfire_choices":[{"data":"Poisoned Stab","floor":8,"key":"SMITH"},{"floor":12,"key":"REST"},{"floor":15,"key":"REST"},{"data":"Leg Sweep","floor":23,"key":"SMITH"},{"data":"Footwork","floor":28,"key":"SMITH"},{"floor":32,"key":"REST"}],"neow_cost":"NONE","seed_source_timestamp":219068387511218,"circlet_count":0,"master_deck":["Defend_G","Defend_G","Defend_G","Defend_G","Defend_G","Strike_G+1","Strike_G+1","Survivor","Neutralize+1","Dagger Spray+1","Poisoned Stab+1","Trip","Leg Sweep+1","Poisoned Stab+1","PiercingWail+1","Backstab+1","Footwork+1","Dodge and Roll+1"],"relics":["Ring of the Snake","Ninja Scroll","Turnip","StoneCalendar","Orrery","Mango","Orichalcum"],"potions_floor_usage":[16,30],"damage_taken":[{"damage":2,"enemies":"Jaw Worm","floor":1,"turns":5},{"damage":5,"enemies":"Small Slimes","floor":2,"turns":3},{"damage":0,"enemies":"Cultist","floor":4,"turns":3},{"damage":8,"enemies":"Large Slime","floor":5,"turns":6},{"damage":12,"enemies":"Gremlin Nob","floor":6,"turns":5},{"damage":0,"enemies":"2 Fungi Beasts","floor":13,"turns":1},{"damage":8,"enemies":"The Guardian","floor":16,"turns":9},{"damage":6,"enemies":"Shell Parasite","floor":18,"turns":6},{"damage":0,"enemies":"3 Byrds","floor":21,"turns":7},{"damage":13,"enemies":"Cultist and Chosen","floor":22,"turns":7},{"damage":20,"enemies":"Book of Stabbing","floor":25,"turns":7},{"damage":4,"enemies":"Centurion and Healer","floor":27,"turns":7},{"damage":5,"enemies":"Snecko","floor":29,"turns":5},{"damage":11,"enemies":"Slaver and Parasite","floor":30,"turns":7},{"damage":0,"enemies":"3 Cultists","floor":31,"turns":6},{"damage":55,"enemies":"Automaton","floor":33,"turns":10}],"seed_played":"7756502480651876037","potions_obtained":[{"floor":4,"key":"SpeedPotion"},{"floor":13,"key":"Poison Potion"},{"floor":22,"key":"SneckoOil"},{"floor":27,"key":"AttackPotion"},{"floor":29,"key":"Strength Potion"}],"is_trial":false,"path_per_floor":["M","M","?","M","M","E","?","R","T","?","$","R","M","?","R","B",null,"M","?","?","M","M","R","?","E","T","M","R","M","M","M","R"],"character_chosen":"THE_SILENT","items_purchased":["Trip"],"campfire_rested":3,"item_purchase_floors":[11],"current_hp_per_floor":[68,63,49,49,41,29,29,29,29,22,22,43,43,10,31,23,70,64,64,64,64,51,51,51,45,45,41,41,36,25,25,50,0],"gold":153,"neow_bonus":"UPGRADE_CARD","is_prod":false,"is_daily":false,"chose_seed":false,"campfire_upgraded":3,"win_rate":0,"timestamp":1533650573,"path_taken":["M","M","?","M","M","E","?","R","T","?","$","R","?","?","R","BOSS","M","?","?","?","M","R","?","E","T","M","R","M","M","M","R","BOSS"],"build_version":"2018-08-02","purchased_purges":1,"victory":false,"max_hp_per_floor":[70,70,70,70,70,70,70,70,70,70,70,70,70,70,70,70,70,70,70,70,70,70,70,70,84,84,84,84,84,84,84,84,84],"card_choices":[{"not_picked":["Heel Hook","Cloak And Dagger"],"picked":"Dagger Spray","floor":1},{"not_picked":["Underhanded Strike","Prepared"],"picked":"Poisoned Stab","floor":2},{"not_picked":["Endless Agony","Backflip"],"picked":"Deadly Poison","floor":4},{"not_picked":["Acrobatics","Heel Hook","Choke"],"picked":"SKIP","floor":5},{"not_picked":["Slice","Expertise","Finisher"],"picked":"SKIP","floor":6},{"not_picked":["Riddle With Holes","Phantasmal Killer","Sucker Punch"],"picked":"SKIP","floor":13},{"not_picked":["Endless Agony","Caltrops"],"picked":"Leg Sweep","floor":18},{"not_picked":["Deflect","Footwork"],"picked":"Poisoned Stab+1","floor":21},{"not_picked":["Underhanded Strike","Phantasmal Killer"],"picked":"PiercingWail+1","floor":22},{"not_picked":["Dash","Eviscerate"],"picked":"Backstab+1","floor":25},{"not_picked":["Deflect","Blade Dance"],"picked":"Footwork","floor":27},{"not_picked":["Blade Dance","Sucker Punch","Backflip"],"picked":"SKIP","floor":29},{"not_picked":["Well Laid Plans","PiercingWail","Underhanded Strike"],"picked":"SKIP","floor":30},{"not_picked":["Quick Slash+1","Corpse Explosion"],"picked":"Dodge and Roll+1","floor":31}],"player_experience":160028,"relics_obtained":[{"floor":6,"key":"Ninja Scroll"},{"floor":9,"key":"Turnip"},{"floor":25,"key":"Mango"},{"floor":26,"key":"Orichalcum"}],"event_choices":[{"event_name":"Shining Light","player_choice":"Entered Light","floor":3,"damage_taken":0},{"event_name":"Living Wall","player_choice":"Grow","floor":7,"damage_taken":0},{"event_name":"Golden Wing","player_choice":"Card Removal","floor":10,"damage_taken":0},{"event_name":"Scrap Ooze","player_choice":"success","floor":14,"damage_taken":33},{"event_name":"Back to Basics","player_choice":"Elegance","floor":19,"damage_taken":0},{"event_name":"The Joust","player_choice":"Bet on Owner","floor":20,"damage_taken":0},{"event_name":"Beggar","player_choice":"Gave Gold","floor":24,"damage_taken":0}],"is_beta":false,"boss_relics":[{"not_picked":["Ring of the Serpent","Snecko Eye"],"picked":"Orrery"}],"items_purged_floors":[11],"is_endless":false,"potions_floor_spawned":[4,13,22,27,29],"killed_by":"Automaton","ascension_level":0}