{"gold_per_floor":[115,115,125,143,162,162,195,195,195,195,223,223,255,269,269,366,366,385,385,403,403,415,450,450,461,461,473,498,104,121,153,153,251,301,315,329,347,358,358,358,358,368,415,431,431,431,431,457,457,457],"floor_reached":50,"playtime":3105,"items_purged":["Strike_R"],"score":555,"play_id":"d385abfe-7d0e-4f15-9587-0617eaf2f1a4","local_time":"20190915223649","is_ascension_mode":true,"campfire_choices":[{"floor":6.0,"key":"RECALL"},{"data":"Whirlwind","floor":8.0,"key":"SMITH"},{"data":"Pommel Strike","floor":10.0,"key":"SMITH"},{"floor":12.0,"key":"REST"},{"floor":15.0,"key":"REST"},{"data":"Burning Pact","floor":24.0,"key":"SMITH"},{"data":"Ghostly Armor","floor":27.0,"key":"SMITH"},{"floor":32.0,"key":"REST"},{"data":"Dark Embrace","floor":40,"key":"SMITH"},{"data":"Feel No Pain","floor":47,"key":"SMITH"},{"data":"Dual Wield","floor":49,"key":"SMITH"}],"neow_cost":"NONE","seed_source_timestamp":159341494409800,"circlet_count":0,"master_deck":["Strike_R","Strike_R","Defend_R","Defend_R","Defend_R","Defend_R","Bash+1","Whirlwind+1","Seeing Red","Headbutt","Burning Pact+1","Pommel Strike+1","Disarm","Offering","Double Tap","Ghostly Armor+1","Carnage","Reckless Charge","Burning Pact+1","Feel No Pain+1","Anger","Iron Wave","Sentinel","Dark Shackles","Dual Wield+1","Dark Embrace+1","Power Through+1","Spot Weakness","Flex","Body Slam+1","Battle Trance+1","Flex","Purity"],"special_seed":0,"relics":["Burning Blood","Juzu Bracelet","Gremlin Horn","Pen Nib","Boot","Bronze Scales","Mark of Pain","Art of War","MawBank","Darkstone Periapt","Tiny House"],"potions_floor_usage":[33,36,38],"damage_taken":[{"damage":0.0,"enemies":"Small Slimes","floor":1.0,"turns":3.0},{"damage":6.0,"enemies":"Jaw Worm","floor":3.0,"turns":5.0},{"damage":0.0,"enemies":"2 Louse","floor":4.0,"turns":1.0},{"damage":22.0,"enemies":"Large Slime","floor":5.0,"turns":6.0},{"damage":35.0,"enemies":"3 Sentries","floor":7.0,"turns":7.0},{"damage":28.0,"enemies":"Gremlin Nob","floor":11.0,"turns":4.0},{"damage":18.0,"enemies":"3 Sentries","floor":13.0,"turns":4.0},{"damage":6.0,"enemies":"Looter","floor":14.0,"turns":2.0},{"damage":43.0,"enemies":"Hexaghost","floor":16.0,"turns":10.0},{"damage":5.0,"enemies":"Spheric Guardian","floor":18.0,"turns":3.0},{"damage":15.0,"enemies":"2 Thieves","floor":20.0,"turns":3.0},{"damage":6.0,"enemies":"Snecko","floor":22.0,"turns":3.0},{"damage":16.0,"enemies":"Slavers","floor":23.0,"turns":4.0},{"damage":22.0,"enemies":"Cultist and Chosen","floor":25.0,"turns":5.0},{"damage":16.0,"enemies":"Snake Plant","floor":28.0,"turns":5.0},{"damage":6.0,"enemies":"3 Cultists","floor":30.0,"turns":1.0},{"damage":6.0,"enemies":"Gremlin Leader","floor":31.0,"turns":5.0},{"damage":56,"enemies":"Champ","floor":33,"turns":19},{"damage":19,"enemies":"Orb Walker","floor":35,"turns":4},{"damage":18,"enemies":"3 Darklings","floor":36,"turns":2},{"damage":40,"enemies":"Writhing Mass","floor":37,"turns":6},{"damage":11,"enemies":"Maw","floor":38,"turns":7},{"damage":6,"enemies":"Jaw Worm Horde","floor":42,"turns":3},{"damage":6,"enemies":"Writhing Mass","floor":44,"turns":2},{"damage":82,"enemies":"Time Eater","floor":50,"turns":7}],"seed_played":"5548836605388012049","potions_obtained":[{"floor":3.0,"key":"Poison Potion"},{"floor":4.0,"key":"Dexterity Potion"},{"floor":5.0,"key":"SpeedPotion"},{"floor":16.0,"key":"SpeedPotion"},{"floor":22.0,"key":"Block Potion"},{"floor":25.0,"key":"Explosive Potion"},{"floor":34,"key":"Ancient Potion"},{"floor":38,"key":"Ancient Potion"},{"floor":42,"key":"Explosive Potion"}],"is_trial":false,"path_per_floor":["M","?","M","M","M","R","E","R","T","R","E","R","E","M","R","B",null,"M","?","M","?","M","E","R","M","T","R","M","$","M","E","R","B",null,"M","M","M","M","?","R","?","M","T","M","?","?","R","T","R","B"],"character_chosen":"IRONCLAD","items_purchased":["Inflame","Sentinel","Dark Shackles","Energy Potion","Dual Wield"],"campfire_rested":3,"item_purchase_floors":[29,29,29,29,29],"current_hp_per_floor":[88,85,85,88,72,72,43,43,43,43,21,47,35,35,61,24,88,88,88,79,79,79,69,69,53,53,53,43,43,43,43,69,19,93,80,68,34,29,81,81,81,81,81,81,81,81,81,81,81,0],"gold":457,"neow_bonus":"TEN_PERCENT_HP_BONUS","is_prod":false,"is_daily":false,"chose_seed":false,"campfire_upgraded":7,"win_rate":0,"timestamp":1568554609,"path_taken":["M","?","M","M","M","R","E","R","T","R","E","R","E","M","R","BOSS","M","?","M","?","M","E","R","M","T","R","M","$","M","E","R","BOSS","M","M","M","M","?","R","?","M","T","M","?","?","R","?","R","BOSS"],"build_version":"2019-07-17","purchased_purges":1,"victory":false,"max_hp_per_floor":[88,88,88,88,88,88,88,88,88,88,88,88,88,88,88,88,88,88,88,88,88,88,88,88,88,88,88,88,88,88,88,88,88,93,93,93,93,93,81,81,81,81,81,81,81,81,81,81,81,81],"card_choices":[{"not_picked":["Shrug It Off","Feel No Pain"],"picked":"Whirlwind","floor":1.0},{"not_picked":["Thunderclap","Wild Strike"],"picked":"Seeing Red","floor":3.0},{"not_picked":["Twin Strike","Sword Boomerang"],"picked":"Headbutt","floor":4.0},{"not_picked":["Clash","Cleave"],"picked":"Burning Pact","floor":5.0},{"not_picked":["Burning Pact","Carnage"],"picked":"Pommel Strike","floor":7.0},{"not_picked":["Warcry","Thunderclap"],"picked":"Disarm","floor":11.0},{"not_picked":["Pommel Strike","Wild Strike"],"picked":"Offering","floor":13.0},{"not_picked":["Shockwave","Wild Strike","Warcry"],"picked":"SKIP","floor":14.0},{"not_picked":["Bludgeon","Dark Embrace"],"picked":"Double Tap","floor":16.0},{"not_picked":["Thunderclap","Inflame"],"picked":"Ghostly Armor","floor":18.0},{"not_picked":["Reckless Charge+1","Fire Breathing"],"picked":"Burning Pact+1","floor":20.0},{"not_picked":["Thunderclap+1","Bludgeon"],"picked":"Anger","floor":22.0},{"not_picked":["Blood for Blood+1","Twin Strike"],"picked":"Iron Wave","floor":23.0},{"not_picked":["Thunderclap","Carnage","Whirlwind"],"picked":"SKIP","floor":25.0},{"not_picked":["Clash","Carnage","Corruption"],"picked":"SKIP","floor":28.0},{"not_picked":["Heavy Blade","Clash","Headbutt+1"],"picked":"SKIP","floor":30.0},{"not_picked":["Corruption","Evolve","Hemokinesis"],"picked":"SKIP","floor":31.0},{"not_picked":["Feed","Impervious"],"picked":"Dark Embrace","floor":33},{"not_picked":["Second Wind","Uppercut"],"picked":"Power Through+1","floor":34},{"not_picked":["Pommel Strike","Dropkick"],"picked":"Spot Weakness","floor":35},{"not_picked":["Wild Strike+1","Thunderclap"],"picked":"Flex","floor":36},{"not_picked":["Headbutt+1","Infernal Blade"],"picked":"Body Slam+1","floor":37},{"not_picked":["Sentinel","Searing Blow+1"],"picked":"Battle Trance+1","floor":38},{"not_picked":["Cleave+1","Flame Barrier"],"picked":"Flex","floor":42},{"not_picked":["Warcry","Havoc","Battle Trance+1"],"picked":"SKIP","floor":44},{"not_picked":["Trip","Enlightenment"],"picked":"Purity","floor":45}],"player_experience":332545,"relics_obtained":[{"floor":7.0,"key":"Gremlin Horn"},{"floor":9.0,"key":"Pen Nib"},{"floor":11.0,"key":"Boot"},{"floor":13.0,"key":"Bronze Scales"},{"floor":23.0,"key":"Art of War"},{"floor":26.0,"key":"MawBank"},{"floor":31.0,"key":"Darkstone Periapt"}],"event_choices":[{"damage_healed":0.0,"max_hp_gain":0.0,"max_hp_loss":0.0,"gold_gain":0.0,"event_name":"Scrap Ooze","player_choice":"Success","floor":2.0,"gold_loss":0.0,"damage_taken":3.0,"relics_obtained":["Juzu Bracelet"]},{"damage_healed":0.0,"max_hp_gain":0.0,"max_hp_loss":0.0,"gold_gain":0.0,"cards_transformed":["Strike_R","Strike_R"],"event_name":"Drug Dealer","player_choice":"Became Test Subject","floor":19.0,"gold_loss":0.0,"damage_taken":0.0,"cards_obtained":["Carnage","Reckless Charge"]},{"damage_healed":0.0,"max_hp_gain":0.0,"max_hp_loss":0.0,"gold_gain":0.0,"event_name":"The Library","player_choice":"Read","floor":21.0,"gold_loss":0.0,"damage_taken":0.0,"cards_obtained":["Feel No Pain"]},{"damage_healed":81,"gold_gain":0,"player_choice":"Heal","damage_taken":0,"max_hp_gain":0,"max_hp_loss":12,"event_name":"The Moai Head","floor":39,"gold_loss":0},{"cards_removed":["Inflame"],"damage_healed":0,"gold_gain":0,"player_choice":"Removed Power","damage_taken":0,"max_hp_gain":0,"max_hp_loss":0,"event_name":"Falling","floor":41,"gold_loss":0},{"damage_healed":0,"gold_gain":0,"player_choice":"Memory 1","damage_taken":0,"max_hp_gain":0,"max_hp_loss":0,"event_name":"SensoryStone","floor":45,"gold_loss":0},{"damage_healed":0,"gold_gain":0,"player_choice":"Ignored","damage_taken":0,"max_hp_gain":0,"max_hp_loss":0,"event_name":"Mysterious Sphere","floor":46,"gold_loss":0}],"is_beta":false,"boss_relics":[{"not_picked":["Calling Bell","Busted Crown"],"picked":"Mark of Pain"},{"not_picked":["Fusion Hammer","Coffee Dripper"],"picked":"Tiny House"}],"items_purged_floors":[29],"is_endless":false,"potions_floor_spawned":[3,4,5,16,22,23,25,35,38,42],"killed_by":"Time Eater","ascension_level":1}