{"gold_per_floor":[117,117,117,137,137,169,169,232,255,269,287,304,304,330,330,429,429,444,455,455,470,489,489,506,520,520,520,5,5,32,50,50,153,153,171,187,39,53,65,65,147,147,147,147,0,19,19,32,32,32],"floor_reached":51,"playtime":3450,"items_purged":["Strike_R"],"score":721,"play_id":"39831710-3637-47ee-ba1e-352a6bbb9d3d","local_time":"20190702094309","is_ascension_mode":false,"campfire_choices":[{"data":"Bash","floor":7,"key":"SMITH"},{"data":"Rage","floor":13,"key":"SMITH"},{"data":"Inflame","floor":15,"key":"SMITH"},{"data":"Demon Form","floor":23,"key":"SMITH"},{"floor":27,"key":"REST"},{"data":"Discovery","floor":32,"key":"SMITH"},{"floor":40,"key":"REST"},{"floor":42,"key":"RECALL"},{"floor":44,"key":"REST"},{"floor":49,"key":"REST"}],"neow_cost":"NONE","seed_source_timestamp":85066160161800,"circlet_count":0,"master_deck":["Strike_R","Defend_R","Defend_R","Defend_R","Defend_R","Bash+1","Iron Wave","Inflame+1","Rage+1","Shrug It Off","Cleave","Demon Form+1","Heavy Blade","Twin Strike","Disarm","Shrug It Off","Battle Trance+1","Shrug It Off","Discovery+1","Shrug It Off","Barricade","Armaments+1","Immolate"],"relics":["Burning Blood","NeowsBlessing","Pen Nib","Tiny Chest","Happy Flower","Blood Vial","Philosopher\u0027s Stone","Shuriken","Magic Flower","Centennial Puzzle","Fusion Hammer","Bag of Preparation","Gremlin Horn","Smiling Mask","Red Mask"],"potions_floor_usage":[8,8,19,22,33,35,50,50,50],"damage_taken":[{"damage":0,"enemies":"Small Slimes","floor":1,"turns":1},{"damage":0,"enemies":"Cultist","floor":4,"turns":1},{"damage":0,"enemies":"3 Sentries","floor":6,"turns":1},{"damage":21,"enemies":"Lagavulin","floor":8,"turns":7},{"damage":0,"enemies":"Jaw Worm","floor":10,"turns":3},{"damage":0,"enemies":"Exordium Thugs","floor":11,"turns":4},{"damage":0,"enemies":"Exordium Wildlife","floor":12,"turns":3},{"damage":12,"enemies":"3 Sentries","floor":14,"turns":8},{"damage":50,"enemies":"The Guardian","floor":16,"turns":11},{"damage":17,"enemies":"Spheric Guardian","floor":18,"turns":4},{"damage":15,"enemies":"3 Byrds","floor":19,"turns":5},{"damage":5,"enemies":"Snecko","floor":21,"turns":4},{"damage":16,"enemies":"Cultist and Chosen","floor":22,"turns":6},{"damage":27,"enemies":"Shelled Parasite and Fungi","floor":24,"turns":5},{"damage":13,"enemies":"Centurion and Healer","floor":25,"turns":7},{"damage":3,"enemies":"3 Cultists","floor":31,"turns":4},{"damage":10,"enemies":"Champ","floor":33,"turns":8},{"damage":4,"enemies":"3 Shapes","floor":35,"turns":4},{"damage":0,"enemies":"Orb Walker","floor":36,"turns":3},{"damage":12,"enemies":"Jaw Worm Horde","floor":38,"turns":5},{"damage":3,"enemies":"Sphere and 2 Shapes","floor":39,"turns":5},{"damage":7,"enemies":"Writhing Mass","floor":46,"turns":9},{"damage":0,"enemies":"3 Darklings","floor":48,"turns":4},{"damage":27,"enemies":"Time Eater","floor":50,"turns":11}],"seed_played":"-4162923832203800854","potions_obtained":[{"floor":1,"key":"FearPotion"},{"floor":4,"key":"SkillPotion"},{"floor":5,"key":"EssenceOfSteel"},{"floor":12,"key":"EssenceOfSteel"},{"floor":18,"key":"Fire Potion"},{"floor":19,"key":"Swift Potion"},{"floor":22,"key":"Poison Potion"},{"floor":33,"key":"EssenceOfSteel"},{"floor":36,"key":"LiquidBronze"}],"is_trial":false,"path_per_floor":["M","?","?","M","?","E","R","E","T","M","M","M","R","E","R","B",null,"M","M","?","M","M","R","M","M","T","R","$","?","T","M","R","B",null,"M","M","$","M","M","R","T","R","T","R","?","M","?","M","R","B",null],"character_chosen":"IRONCLAD","items_purchased":["Magic Flower","Shrug It Off","Discovery","Bag of Preparation"],"campfire_rested":4,"item_purchase_floors":[28,28,28,37],"current_hp_per_floor":[80,80,80,80,80,80,80,65,65,71,77,80,80,74,74,32,80,69,62,62,65,57,57,38,33,33,57,57,57,57,66,66,68,80,80,80,80,77,80,80,80,80,80,80,80,80,80,80,80,62],"gold":32,"neow_bonus":"THREE_ENEMY_KILL","is_prod":false,"is_daily":false,"chose_seed":false,"campfire_upgraded":5,"win_rate":0,"timestamp":1562049789,"path_taken":["M","?","?","?","?","E","R","E","T","?","M","M","R","E","R","BOSS","M","M","?","M","?","R","M","M","T","R","$","?","?","M","R","BOSS","M","M","$","M","M","R","?","R","T","R","?","M","?","M","R","BOSS"],"build_version":"2019-07-01","purchased_purges":1,"victory":true,"max_hp_per_floor":[80,80,80,80,80,80,80,80,80,80,80,80,80,80,80,80,80,80,80,80,80,80,80,80,80,80,80,80,80,80,80,80,80,80,80,80,80,80,80,80,80,80,80,80,80,80,80,80,80,80],"card_choices":[{"not_picked":["Searing Blow","Havoc","Fire Breathing"],"picked":"SKIP","floor":1},{"not_picked":["Thunderclap","Evolve"],"picked":"Iron Wave","floor":4},{"not_picked":["Combust","Body Slam"],"picked":"Inflame","floor":6},{"not_picked":["Flex","Iron Wave"],"picked":"Rage","floor":8},{"not_picked":["Exhume","True Grit"],"picked":"Shrug It Off","floor":10},{"not_picked":["Entrench","Clash"],"picked":"Cleave","floor":11},{"not_picked":["Flex","Perfected Strike","Warcry"],"picked":"SKIP","floor":12},{"not_picked":["Clash","Evolve","Dark Embrace"],"picked":"SKIP","floor":14},{"not_picked":["Brutality","Limit Break"],"picked":"Demon Form","floor":16},{"not_picked":["Metallicize","Perfected Strike+1"],"picked":"Heavy Blade","floor":18},{"not_picked":["Headbutt","Dropkick"],"picked":"Twin Strike","floor":19},{"not_picked":["Iron Wave","Twin Strike","Wild Strike"],"picked":"SKIP","floor":21},{"not_picked":["Spot Weakness+1","Power Through"],"picked":"Shrug It Off","floor":22},{"not_picked":["Twin Strike+1","Wild Strike","Perfected Strike+1"],"picked":"SKIP","floor":24},{"not_picked":["Shrug It Off","Reckless Charge+1"],"picked":"Battle Trance+1","floor":25},{"not_picked":["Headbutt","Wild Strike+1"],"picked":"Shrug It Off","floor":31},{"not_picked":["Bludgeon","Limit Break"],"picked":"Barricade","floor":33},{"not_picked":["Sever Soul+1","Anger","Rage"],"picked":"SKIP","floor":35},{"not_picked":["Heavy Blade","Thunderclap+1"],"picked":"Armaments+1","floor":36},{"not_picked":["True Grit","Reckless Charge","Rage+1"],"picked":"SKIP","floor":38},{"not_picked":["Feel No Pain+1","Combust","Warcry"],"picked":"SKIP","floor":39},{"not_picked":["Feel No Pain+1","Combust","Warcry"],"picked":"SKIP","floor":39},{"not_picked":["Second Wind+1","Clothesline+1"],"picked":"Immolate","floor":46},{"not_picked":["Clothesline","Combust","Iron Wave"],"picked":"SKIP","floor":48}],"player_experience":1335618,"relics_obtained":[{"floor":6,"key":"Pen Nib"},{"floor":8,"key":"Tiny Chest"},{"floor":9,"key":"Happy Flower"},{"floor":14,"key":"Blood Vial"},{"floor":26,"key":"Shuriken"},{"floor":30,"key":"Centennial Puzzle"},{"floor":41,"key":"Gremlin Horn"},{"floor":43,"key":"Smiling Mask"}],"event_choices":[{"cards_removed":["Strike_R"],"damage_healed":0,"gold_gain":0,"player_choice":"Forget","damage_taken":0,"max_hp_gain":0,"max_hp_loss":0,"event_name":"Living Wall","floor":2,"gold_loss":0},{"cards_removed":["Strike_R"],"damage_healed":0,"gold_gain":0,"player_choice":"Offered Basic","damage_taken":0,"max_hp_gain":0,"max_hp_loss":0,"event_name":"Bonfire Elementals","floor":3,"gold_loss":0},{"damage_healed":0,"gold_gain":0,"player_choice":"Got Potions","damage_taken":0,"max_hp_gain":0,"max_hp_loss":0,"event_name":"Lab","floor":5,"gold_loss":0},{"damage_healed":0,"gold_gain":0,"cards_transformed":["Strike_R"],"player_choice":"Transformed","damage_taken":0,"max_hp_gain":0,"max_hp_loss":0,"event_name":"Transmorgrifier","floor":20,"gold_loss":0,"cards_obtained":["Disarm"]},{"damage_healed":0,"gold_gain":0,"player_choice":"Ignored","damage_taken":0,"max_hp_gain":0,"max_hp_loss":0,"event_name":"Vampires","floor":29,"gold_loss":0},{"damage_healed":0,"gold_gain":0,"player_choice":"Paid","damage_taken":0,"relics_obtained":["Red Mask"],"max_hp_gain":0,"max_hp_loss":0,"event_name":"Tomb of Lord Red Mask","floor":45,"gold_loss":147},{"damage_healed":0,"gold_gain":0,"player_choice":"Ignored","damage_taken":0,"max_hp_gain":0,"max_hp_loss":0,"event_name":"NoteForYourself","floor":47,"gold_loss":0}],"is_beta":false,"boss_relics":[{"not_picked":["Astrolabe","Coffee Dripper"],"picked":"Philosopher\u0027s Stone"},{"not_picked":["Mark of Pain","Velvet Choker"],"picked":"Fusion Hammer"}],"items_purged_floors":[28],"is_endless":false,"potions_floor_spawned":[1,4,6,12,18,19,22,33,36],"ascension_level":0}