{"gold_per_floor":[217,217,241,241,264,264,303,303,374,374,299,30,30,69,69,163,163,184,184,184,19,19,19,54,54,129,129,173,196,215,249,249,347,347,360,378,378,258,272,310,310,334,361,361,386,386,386,401,401,401,401,401,401,19,55,55],"floor_reached":57,"playtime":3516,"items_purged":["Strike_G","Strike_G","Strike_G","Strike_G"],"score":2809,"play_id":"4c2c77d3-794c-442e-b3ce-9fbce57da83f","local_time":"20190416111215","is_ascension_mode":true,"campfire_choices":[{"data":"Noxious Fumes","floor":6,"key":"SMITH"},{"data":"Leg Sweep","floor":10,"key":"SMITH"},{"data":"Neutralize","floor":13,"key":"SMITH"},{"data":"Footwork","floor":15,"key":"SMITH"},{"data":"Envenom","floor":23,"key":"SMITH"},{"floor":25,"key":"DIG"},{"floor":27,"key":"DIG"},{"floor":32,"key":"DIG"},{"data":"Calculated Gamble","floor":41,"key":"SMITH"},{"data":"Night Terror","floor":44,"key":"SMITH"},{"floor":46,"key":"RECALL"},{"floor":49,"key":"DIG"},{"floor":53,"key":"DIG"}],"neow_cost":"NONE","seed_source_timestamp":703829508256900,"circlet_count":0,"master_deck":["AscendersBane","Defend_G","Defend_G","Defend_G","Defend_G","Defend_G","Strike_G","Survivor","Neutralize+1","Quick Slash","Noxious Fumes+1","Leg Sweep+1","Footwork+1","Envenom+1","Noxious Fumes","Catalyst+1","PiercingWail","Blur","Calculated Gamble+1","Cloak And Dagger","Night Terror+1","Blur+1","Catalyst+1","Leg Sweep+1","Burst"],"relics":["Ring of the Snake","Golden Idol","Lantern","Regal Pillow","Ninja Scroll","Paper Crane","Bottled Tornado","Omamori","PreservedInsect","Coffee Dripper","Shovel","Snake Skull","Shuriken","Question Card","Vajra","Singing Bowl","The Courier","Runic Pyramid","Tough Bandages","Blood Vial","Gremlin Horn","Bag of Marbles","Art of War","Oddly Smooth Stone","Bottled Flame"],"potions_floor_usage":[7,24,30,33,55,56],"damage_taken":[{"damage":4,"enemies":"Jaw Worm","floor":1,"turns":7},{"damage":0,"enemies":"2 Louse","floor":5,"turns":2},{"damage":12,"enemies":"3 Sentries","floor":7,"turns":7},{"damage":2,"enemies":"Lagavulin","floor":14,"turns":8},{"damage":10,"enemies":"Hexaghost","floor":16,"turns":13},{"damage":10,"enemies":"Spheric Guardian","floor":18,"turns":7},{"damage":26,"enemies":"Slavers","floor":24,"turns":5},{"damage":0,"enemies":"Gremlin Leader","floor":28,"turns":4},{"damage":14,"enemies":"Shell Parasite","floor":29,"turns":5},{"damage":0,"enemies":"Cultist and Chosen","floor":30,"turns":5},{"damage":0,"enemies":"Slavers","floor":31,"turns":5},{"damage":2,"enemies":"Champ","floor":33,"turns":11},{"damage":3,"enemies":"Orb Walker","floor":35,"turns":3},{"damage":0,"enemies":"3 Shapes","floor":36,"turns":5},{"damage":2,"enemies":"Maw","floor":39,"turns":4},{"damage":17,"enemies":"Nemesis","floor":40,"turns":7},{"damage":1,"enemies":"Jaw Worm Horde","floor":42,"turns":5},{"damage":0,"enemies":"Writhing Mass","floor":45,"turns":5},{"damage":0,"enemies":"Sphere and 2 Shapes","floor":48,"turns":5},{"damage":25,"enemies":"Donu and Deca","floor":50,"turns":11},{"damage":3,"enemies":"Awakened One","floor":51,"turns":18},{"damage":8,"enemies":"Shield and Spear","floor":55,"turns":7},{"damage":28,"enemies":"The Heart","floor":56,"turns":8}],"seed_played":"2456974512203085614","potions_obtained":[{"floor":1,"key":"Weak Potion"},{"floor":5,"key":"Poison Potion"},{"floor":18,"key":"GamblersBrew"},{"floor":28,"key":"Ancient Potion"},{"floor":30,"key":"Dexterity Potion"},{"floor":33,"key":"Energy Potion"},{"floor":36,"key":"SkillPotion"},{"floor":55,"key":"LiquidBronze"}],"is_trial":false,"path_per_floor":["M","?","T","T","M","R","E","?","T","R","$","$","R","E","R","B",null,"M","?","?","$","?","R","E","R","T","R","E","M","M","E","R","B",null,"M","M","?","$","M","E","R","M","T","R","M","R","?","M","R","B","B",null,"R","$","E","B",null],"character_chosen":"THE_SILENT","items_purchased":["Omamori","Catalyst","Bag of Marbles","Art of War","Oddly Smooth Stone"],"campfire_rested":0,"item_purchase_floors":[12,21,54,54,54],"current_hp_per_floor":[55,55,55,55,55,55,43,38,38,38,38,38,38,36,36,26,52,42,42,42,42,42,42,16,16,16,16,16,2,2,4,4,2,47,46,48,48,48,46,29,29,30,30,30,32,32,70,70,70,45,44,64,64,64,58,32],"gold":55,"neow_bonus":"HUNDRED_GOLD","is_prod":false,"is_daily":false,"chose_seed":false,"campfire_upgraded":7,"win_rate":0,"timestamp":1555402335,"path_taken":["M","?","?","?","?","R","E","?","T","R","?","$","R","E","R","BOSS","M","?","?","$","?","R","E","R","T","R","E","M","M","E","R","BOSS","M","?","?","$","M","E","R","M","T","R","M","R","?","M","R","BOSS","BOSS","R","$","E","BOSS"],"build_version":"2019-01-23","purchased_purges":4,"victory":true,"max_hp_per_floor":[66,60,60,60,60,60,60,60,60,60,60,60,60,60,60,60,60,60,60,60,60,60,60,60,60,60,60,60,60,60,62,62,62,62,64,66,66,66,66,66,66,68,68,68,70,70,70,70,70,70,70,70,70,70,70,70],"card_choices":[{"not_picked":["Distraction","Choke"],"picked":"Quick Slash","floor":1},{"not_picked":["Accuracy","Dodge and Roll"],"picked":"Noxious Fumes","floor":5},{"not_picked":["Masterful Stab","Skewer"],"picked":"Leg Sweep","floor":7},{"not_picked":["Dash","Flying Knee"],"picked":"Footwork","floor":14},{"not_picked":["Malaise","Tools of the Trade"],"picked":"Envenom","floor":16},{"not_picked":["Heel Hook","PiercingWail"],"picked":"Noxious Fumes","floor":18},{"not_picked":["Flying Knee","Dagger Spray"],"picked":"PiercingWail","floor":24},{"not_picked":["Finisher","Tactician","Caltrops"],"picked":"Blur","floor":28},{"not_picked":["Deadly Poison","Dodge and Roll","All Out Attack"],"picked":"Calculated Gamble","floor":29},{"not_picked":["Acrobatics","Distraction+1","Bouncing Flask+1"],"picked":"Cloak And Dagger","floor":30},{"not_picked":["Concentrate","PiercingWail","Poisoned Stab","Flying Knee"],"picked":"Singing Bowl","floor":31},{"not_picked":["Phantasmal Killer","Tools of the Trade","Grand Finale"],"picked":"Night Terror","floor":33},{"not_picked":["Flying Knee","Calculated Gamble","Quick Slash","Dagger Throw"],"picked":"Singing Bowl","floor":35},{"not_picked":["Backflip","Heel Hook","Underhanded Strike","Skewer"],"picked":"Singing Bowl","floor":36},{"not_picked":["Backflip","Flechettes","Distraction"],"picked":"Blur+1","floor":39},{"not_picked":["Storm of Steel","Dash","Blade Dance"],"picked":"Catalyst+1","floor":40},{"not_picked":["Blade Dance","Bane+1","Backflip","Quick Slash"],"picked":"Singing Bowl","floor":42},{"not_picked":["All Out Attack","Backflip","Acrobatics","Dagger Spray"],"picked":"Singing Bowl","floor":45},{"not_picked":["Envenom","Escape Plan","Backflip"],"picked":"Leg Sweep+1","floor":48},{"not_picked":["Underhanded Strike","Backflip","Slice"],"picked":"Burst","floor":55}],"player_experience":1169573,"relics_obtained":[{"floor":3,"key":"Lantern"},{"floor":4,"key":"Regal Pillow"},{"floor":7,"key":"Ninja Scroll"},{"floor":9,"key":"Bottled Tornado"},{"floor":14,"key":"PreservedInsect"},{"floor":24,"key":"Shovel"},{"floor":25,"key":"Snake Skull"},{"floor":26,"key":"Shuriken"},{"floor":27,"key":"Question Card"},{"floor":28,"key":"Vajra"},{"floor":31,"key":"Singing Bowl"},{"floor":32,"key":"The Courier"},{"floor":40,"key":"Tough Bandages"},{"floor":49,"key":"Blood Vial"},{"floor":53,"key":"Gremlin Horn"},{"floor":55,"key":"Bottled Flame"}],"event_choices":[{"damage_healed":0,"gold_gain":0,"player_choice":"Lose Max HP","damage_taken":0,"relics_obtained":["Golden Idol"],"max_hp_gain":0,"max_hp_loss":6,"event_name":"Golden Idol","floor":2,"gold_loss":0},{"damage_healed":0,"gold_gain":0,"player_choice":"Success","damage_taken":5,"relics_obtained":["Paper Crane"],"max_hp_gain":0,"max_hp_loss":0,"event_name":"Scrap Ooze","floor":8,"gold_loss":0},{"damage_healed":0,"gold_gain":0,"player_choice":"Ignored","damage_taken":0,"max_hp_gain":0,"max_hp_loss":0,"event_name":"Cursed Tome","floor":19,"gold_loss":0},{"damage_healed":0,"gold_gain":0,"player_choice":"Ignored","damage_taken":0,"max_hp_gain":0,"max_hp_loss":0,"event_name":"Vampires","floor":20,"gold_loss":0},{"damage_healed":0,"gold_gain":0,"player_choice":"Upgraded","damage_taken":0,"max_hp_gain":0,"max_hp_loss":0,"event_name":"Upgrade Shrine","floor":22,"gold_loss":0,"cards_upgraded":["Catalyst"]},{"damage_healed":0,"gold_gain":0,"player_choice":"Ignored","damage_taken":0,"max_hp_gain":0,"max_hp_loss":0,"event_name":"Tomb of Lord Red Mask","floor":37,"gold_loss":0},{"damage_healed":38,"gold_gain":0,"player_choice":"Heal","damage_taken":0,"max_hp_gain":0,"max_hp_loss":0,"event_name":"MindBloom","floor":47,"gold_loss":0,"cards_obtained":["Doubt"]}],"is_beta":false,"boss_relics":[{"not_picked":["Snecko Eye","Orrery"],"picked":"Coffee Dripper"},{"not_picked":["Calling Bell","Tiny House"],"picked":"Runic Pyramid"}],"items_purged_floors":[11,12,21,38],"is_endless":false,"potions_floor_spawned":[1,5,18,28,30,33,36,40,48,55],"ascension_level":20}