{"gold_per_floor":[212,225,35,50,67,67,96,96,96,96,46,46,77,95,95,190,190,206,8,19,19,37,37,62,62],"floor_reached":25,"playtime":1019,"items_purged":[],"score":327,"play_id":"6ee7f6a3-058c-4f65-ae68-f621f0200023","local_time":"20190825214546","is_ascension_mode":true,"campfire_choices":[{"data":"Doom and Gloom","floor":6,"key":"SMITH"},{"data":"Static Discharge","floor":8,"key":"SMITH"},{"data":"Coolheaded","floor":15,"key":"SMITH"},{"floor":23,"key":"REST"}],"neow_cost":"NONE","seed_source_timestamp":45591371242634,"circlet_count":0,"master_deck":["AscendersBane","Strike_B","Strike_B","Defend_B","Defend_B","Defend_B","Defend_B","Zap","Dualcast","Reinforced Body+1","Cold Snap","Doom and Gloom+1","Static Discharge+1","Gash","Gash","Compile Driver","Capacitor","Coolheaded+1","Echo Form","Loop+1","Conserve Battery","Barrage","Self Repair"],"relics":["Cracked Core","Ornamental Fan","Potion Belt","Sozu","ClockworkSouvenir","Red Mask"],"potions_floor_usage":[7,13,22],"damage_taken":[{"damage":0,"enemies":"Cultist","floor":1,"turns":3},{"damage":0,"enemies":"2 Louse","floor":2,"turns":3},{"damage":0,"enemies":"Small Slimes","floor":4,"turns":3},{"damage":3,"enemies":"Blue Slaver","floor":5,"turns":5},{"damage":8,"enemies":"Lagavulin","floor":7,"turns":5},{"damage":18,"enemies":"Gremlin Nob","floor":13,"turns":4},{"damage":4,"enemies":"Red Slaver","floor":14,"turns":4},{"damage":18,"enemies":"Slime Boss","floor":16,"turns":7},{"damage":4,"enemies":"3 Byrds","floor":18,"turns":4},{"damage":26,"enemies":"2 Thieves","floor":20,"turns":4},{"damage":26,"enemies":"Snake Plant","floor":22,"turns":5},{"damage":33,"enemies":"Masked Bandits","floor":24,"turns":4},{"damage":8,"enemies":"Book of Stabbing","floor":25,"turns":4}],"seed_played":"-3629966622785029592","potions_obtained":[{"floor":1,"key":"GamblersBrew"},{"floor":4,"key":"PowerPotion"},{"floor":16,"key":"Regen Potion"}],"is_trial":false,"path_per_floor":["M","M","$","M","M","R","E","R","T","?","?","$","E","M","R","B",null,"M","$","M","?","M","R","?","E"],"character_chosen":"DEFECT","items_purchased":["Doom and Gloom","Static Discharge","Weak Potion","ClockworkSouvenir"],"campfire_rested":1,"item_purchase_floors":[3,3,3,19],"current_hp_per_floor":[68,68,68,68,65,65,57,57,57,57,57,57,39,35,35,17,61,57,57,31,31,19,41,8,0],"gold":62,"neow_bonus":"HUNDRED_GOLD","is_prod":false,"is_daily":false,"chose_seed":false,"campfire_upgraded":3,"win_rate":0,"timestamp":1566762346,"path_taken":["M","M","$","M","?","R","E","R","T","?","?","$","E","M","R","BOSS","M","$","M","?","?","R","?","E"],"build_version":"2019-07-17","purchased_purges":0,"victory":false,"max_hp_per_floor":[75,75,75,75,75,75,75,75,75,75,75,75,75,75,75,75,75,75,75,75,75,75,75,75,75],"card_choices":[{"not_picked":["Redo","Beam Cell"],"picked":"Reinforced Body","floor":1},{"not_picked":["Self Repair","Skim"],"picked":"Cold Snap","floor":2},{"not_picked":["Cold Snap","Scrape"],"picked":"Gash","floor":4},{"not_picked":["Hologram","Coolheaded"],"picked":"Gash","floor":5},{"not_picked":["Hologram","Stack"],"picked":"Compile Driver","floor":7},{"not_picked":["Heatsinks","Streamline"],"picked":"Capacitor","floor":13},{"not_picked":["Cold Snap","Go for the Eyes"],"picked":"Coolheaded","floor":14},{"not_picked":["Core Surge","Machine Learning"],"picked":"Echo Form","floor":16},{"not_picked":["Compile Driver","Genetic Algorithm"],"picked":"Loop+1","floor":18},{"not_picked":["Blizzard","Beam Cell"],"picked":"Conserve Battery","floor":20},{"not_picked":["Compile Driver","Rebound"],"picked":"Barrage","floor":22},{"not_picked":["Cold Snap","Ball Lightning"],"picked":"Self Repair","floor":24}],"player_experience":1027062,"relics_obtained":[{"floor":7,"key":"Ornamental Fan"},{"floor":13,"key":"Potion Belt"},{"floor":24,"key":"Red Mask"}],"event_choices":[{"damage_healed":0,"gold_gain":0,"player_choice":"Grow","damage_taken":0,"max_hp_gain":0,"max_hp_loss":0,"event_name":"Living Wall","floor":10,"gold_loss":0,"cards_upgraded":["Reinforced Body"]},{"cards_removed":["Strike_B"],"damage_healed":0,"gold_gain":0,"player_choice":"Card Removal","damage_taken":0,"max_hp_gain":0,"max_hp_loss":0,"event_name":"The Cleric","floor":11,"gold_loss":50},{"cards_removed":["Strike_B"],"damage_healed":0,"gold_gain":0,"player_choice":"Purged","damage_taken":0,"max_hp_gain":0,"max_hp_loss":0,"event_name":"Purifier","floor":21,"gold_loss":0},{"damage_healed":0,"gold_gain":0,"player_choice":"Fought Bandits","damage_taken":0,"max_hp_gain":0,"max_hp_loss":0,"event_name":"Masked Bandits","floor":24,"gold_loss":0}],"is_beta":false,"boss_relics":[{"not_picked":["Calling Bell","Empty Cage"],"picked":"Sozu"}],"items_purged_floors":[],"is_endless":false,"potions_floor_spawned":[1,4,5,16,18,22],"killed_by":"Book of Stabbing","ascension_level":11}