{"gold_per_floor":[116,41,41,41,56,90,36,69,92,117,132,132,132,161,161,234,234,248,20,20,33,48,48,63,63,63,80,80,30,30,30],"floor_reached":31,"playtime":1221,"items_purged":["Shame"],"score":547,"play_id":"51bfaa9c-cef2-4001-a050-703df9ced8ee","local_time":"20190409150817","is_ascension_mode":true,"campfire_choices":[{"data":"Anger","floor":12,"key":"SMITH"},{"data":"Juggernaut","floor":15,"key":"SMITH"},{"data":"Barricade","floor":23,"key":"SMITH"},{"data":"Body Slam","floor":25,"key":"SMITH"},{"floor":30,"key":"REST"}],"neow_cost":"CURSE","seed_source_timestamp":115499331269000,"circlet_count":0,"master_deck":["AscendersBane","Strike_R","Strike_R+1","Strike_R+1","Defend_R","Defend_R","Defend_R","Defend_R","Bash+1","Perfected Strike","Flame Barrier","Headbutt","Shrug It Off","Disarm+1","Anger+1","Juggernaut+1","Barricade+1","Body Slam+1","Uppercut+1","Shrug It Off","Entrench","Burning Pact","Perfected Strike"],"relics":["Burning Blood","Mango","Bag of Marbles","Bottled Lightning","Whetstone","Bottled Flame","Sundial","Velvet Choker","ClockworkSouvenir","Pear"],"potions_floor_usage":[6,8,10,14,21,27,31],"damage_taken":[{"damage":12,"enemies":"Cultist","floor":1,"turns":4},{"damage":4,"enemies":"Small Slimes","floor":5,"turns":5},{"damage":38,"enemies":"3 Sentries","floor":6,"turns":10},{"damage":23,"enemies":"Lagavulin","floor":8,"turns":5},{"damage":24,"enemies":"3 Sentries","floor":10,"turns":8},{"damage":0,"enemies":"Jaw Worm","floor":11,"turns":6},{"damage":10,"enemies":"Lagavulin","floor":14,"turns":5},{"damage":12,"enemies":"Hexaghost","floor":16,"turns":9},{"damage":16,"enemies":"Chosen","floor":18,"turns":4},{"damage":14,"enemies":"2 Thieves","floor":21,"turns":3},{"damage":26,"enemies":"Snake Plant","floor":22,"turns":4},{"damage":8,"enemies":"Chosen and Byrds","floor":24,"turns":5},{"damage":49,"enemies":"Shelled Parasite and Fungi","floor":27,"turns":6},{"damage":43,"enemies":"Slavers","floor":31,"turns":5}],"seed_played":"5965082022811065959","potions_obtained":[{"floor":5,"key":"Regen Potion"},{"floor":6,"key":"SpeedPotion"},{"floor":8,"key":"LiquidBronze"},{"floor":10,"key":"SkillPotion"},{"floor":20,"key":"AttackPotion"},{"floor":20,"key":"LiquidBronze"},{"floor":22,"key":"Energy Potion"},{"floor":24,"key":"BloodPotion"}],"is_trial":false,"path_per_floor":["M","$","?","$","M","E","$","E","T","E","M","R","?","E","R","B",null,"M","$","?","M","M","R","M","R","T","M","?","?","R","E"],"character_chosen":"IRONCLAD","items_purchased":["SkillPotion","ClockworkSouvenir"],"campfire_rested":1,"item_purchase_floors":[7,19],"current_hp_per_floor":[76,76,76,76,78,61,61,44,44,26,32,32,32,28,28,22,72,62,62,62,54,34,34,32,32,42,8,8,8,37,0],"gold":30,"neow_bonus":"ONE_RARE_RELIC","is_prod":false,"is_daily":false,"chose_seed":false,"campfire_upgraded":4,"win_rate":0,"timestamp":1554811697,"path_taken":["M","?","?","?","M","E","$","E","T","E","?","R","?","E","R","BOSS","M","$","?","M","?","R","M","R","T","M","?","?","R","E"],"build_version":"2019-01-23","purchased_purges":1,"victory":false,"max_hp_per_floor":[89,89,89,89,89,89,89,89,89,89,89,89,89,89,89,89,89,89,89,89,89,89,89,89,89,99,99,99,99,99,99],"card_choices":[{"not_picked":["Warcry","Rupture"],"picked":"Perfected Strike","floor":1},{"not_picked":["True Grit","Metallicize"],"picked":"Flame Barrier","floor":5},{"not_picked":["Warcry","Offering"],"picked":"Headbutt","floor":6},{"not_picked":["Clash","True Grit"],"picked":"Shrug It Off","floor":8},{"not_picked":["Havoc","Armaments"],"picked":"Disarm","floor":10},{"not_picked":["Entrench","Heavy Blade"],"picked":"Anger","floor":11},{"not_picked":["Clothesline","Armaments"],"picked":"Juggernaut","floor":14},{"not_picked":["Impervious","Bludgeon"],"picked":"Barricade","floor":16},{"not_picked":["Second Wind+1","Evolve"],"picked":"Body Slam","floor":18},{"not_picked":["Dual Wield","Clothesline","Wild Strike"],"picked":"SKIP","floor":21},{"not_picked":["Havoc","Armaments"],"picked":"Uppercut+1","floor":22},{"not_picked":["Uppercut","Sever Soul"],"picked":"Shrug It Off","floor":24},{"not_picked":["Heavy Blade","Disarm"],"picked":"Entrench","floor":27}],"player_experience":1136835,"relics_obtained":[{"floor":6,"key":"Bag of Marbles"},{"floor":8,"key":"Bottled Lightning"},{"floor":9,"key":"Whetstone"},{"floor":10,"key":"Bottled Flame"},{"floor":14,"key":"Sundial"},{"floor":26,"key":"Pear"}],"event_choices":[{"damage_healed":0,"gold_gain":0,"player_choice":"Grow","damage_taken":0,"max_hp_gain":0,"max_hp_loss":0,"event_name":"Living Wall","floor":3,"gold_loss":0,"cards_upgraded":["Bash"]},{"damage_healed":0,"gold_gain":0,"player_choice":"Forge","damage_taken":0,"max_hp_gain":0,"max_hp_loss":0,"event_name":"Accursed Blacksmith","floor":13,"gold_loss":0,"cards_upgraded":["Disarm"]},{"damage_healed":0,"gold_gain":0,"player_choice":"Got Potions","damage_taken":0,"max_hp_gain":0,"max_hp_loss":0,"event_name":"Lab","floor":20,"gold_loss":0},{"damage_healed":0,"gold_gain":0,"cards_transformed":["Strike_R","Strike_R"],"player_choice":"Became Test Subject","damage_taken":0,"max_hp_gain":0,"max_hp_loss":0,"event_name":"Drug Dealer","floor":28,"gold_loss":0,"cards_obtained":["Burning Pact","Perfected Strike"]},{"damage_healed":0,"gold_gain":0,"player_choice":"Bet on Murderer","damage_taken":0,"max_hp_gain":0,"max_hp_loss":0,"event_name":"The Joust","floor":29,"gold_loss":50}],"is_beta":false,"boss_relics":[{"not_picked":["Lizard Tail","Tiny House"],"picked":"Velvet Choker"}],"items_purged_floors":[2],"is_endless":false,"potions_floor_spawned":[5,6,8,10,22,24],"killed_by":"Slavers","ascension_level":20}