{"gold_per_floor":[116,134,150,150,168,168,168,168,219,219,247,322,322,355,355,431,431,441,455,64,64,84,84,34,68,68,99,99,49,49,68,68,141,141,156,171,1170,1170,579,579],"floor_reached":40,"playtime":2558,"items_purged":["Parasite","Decay","Writhe","Normality"],"score":935,"play_id":"beabf8b4-be3b-4fc8-8453-110930f73ccf","local_time":"20190326120140","is_ascension_mode":true,"campfire_choices":[{"data":"Armaments","floor":6,"key":"SMITH"},{"data":"Rampage","floor":8,"key":"SMITH"},{"data":"Feel No Pain","floor":10,"key":"SMITH"},{"data":"Bash","floor":15,"key":"SMITH"},{"floor":23,"key":"REST"},{"floor":32,"key":"DIG"}],"neow_cost":"CURSE","seed_source_timestamp":694488043229600,"circlet_count":0,"master_deck":["AscendersBane","Strike_R","Strike_R","Strike_R","Strike_R","Defend_R","Defend_R","Defend_R","Defend_R","Bash+1","Rampage+1","Armaments+1","Feel No Pain+1","Clothesline","Reckless Charge","Juggernaut","Immolate","Headbutt+1","Impervious","Shrug It Off","Double Tap","Shockwave","Normality"],"relics":["Burning Blood","Pocketwatch","Magic Flower","Regal Pillow","Red Skull","Self Forming Clay","Smiling Mask","Sozu","Incense Burner","Anchor","Shovel","Charon\u0027s Ashes","Dream Catcher","Juzu Bracelet","Fusion Hammer","Champion Belt","Lee\u0027s Waffle"],"potions_floor_usage":[11,14,18],"damage_taken":[{"damage":2,"enemies":"Cultist","floor":1,"turns":4},{"damage":9,"enemies":"Jaw Worm","floor":2,"turns":4},{"damage":7,"enemies":"Small Slimes","floor":3,"turns":4},{"damage":4,"enemies":"3 Louse","floor":5,"turns":5},{"damage":8,"enemies":"Gremlin Nob","floor":11,"turns":3},{"damage":7,"enemies":"Lagavulin","floor":14,"turns":7},{"damage":23,"enemies":"Slime Boss","floor":16,"turns":13},{"damage":26,"enemies":"3 Byrds","floor":18,"turns":6},{"damage":27,"enemies":"Shell Parasite","floor":19,"turns":4},{"damage":17,"enemies":"Snecko","floor":22,"turns":5},{"damage":0,"enemies":"Gremlin Leader","floor":25,"turns":4},{"damage":20,"enemies":"Book of Stabbing","floor":27,"turns":5},{"damage":5,"enemies":"Snake Plant","floor":31,"turns":4},{"damage":46,"enemies":"Collector","floor":33,"turns":9},{"damage":12,"enemies":"Orb Walker","floor":35,"turns":3},{"damage":22,"enemies":"3 Darklings","floor":36,"turns":4},{"damage":106,"enemies":"Giant Head","floor":40,"turns":9}],"seed_played":"-809010279596789993","potions_obtained":[{"floor":2,"key":"Fire Potion"},{"floor":5,"key":"AttackPotion"},{"floor":11,"key":"Block Potion"}],"is_trial":false,"path_per_floor":["M","M","M","T","M","R","?","R","T","R","E","?","?","E","R","B",null,"M","M","$","?","M","R","$","E","T","E","?","$","?","M","R","B",null,"M","M","?","?","$","E"],"character_chosen":"IRONCLAD","items_purchased":["Incense Burner","Champion Belt","Lee\u0027s Waffle"],"campfire_rested":1,"item_purchase_floors":[20,39,39],"current_hp_per_floor":[72,69,68,68,73,73,62,62,62,62,63,52,52,54,54,40,66,49,31,31,31,23,59,59,68,68,57,57,57,57,61,61,24,60,57,44,44,44,79,0],"gold":579,"neow_bonus":"ONE_RARE_RELIC","is_prod":false,"is_daily":false,"chose_seed":false,"campfire_upgraded":4,"win_rate":0,"timestamp":1553590900,"path_taken":["M","M","M","?","?","R","?","R","T","R","E","?","?","E","R","BOSS","M","M","$","?","M","R","$","E","T","E","?","?","?","?","R","BOSS","M","M","?","?","$","E"],"build_version":"2019-01-23","purchased_purges":4,"victory":false,"max_hp_per_floor":[75,75,75,75,75,75,75,75,75,75,75,75,75,75,75,75,75,75,75,72,72,72,72,72,72,72,72,72,72,72,72,72,72,72,72,72,72,72,79,79],"card_choices":[{"not_picked":["Havoc","Rage"],"picked":"Rampage","floor":1},{"not_picked":["Body Slam","Flex"],"picked":"Armaments","floor":2},{"not_picked":["Havoc","Power Through"],"picked":"Feel No Pain","floor":3},{"not_picked":["Hemokinesis","Flex","Clash"],"picked":"SKIP","floor":5},{"not_picked":["Burning Pact","Demon Form"],"picked":"Clothesline","floor":11},{"not_picked":["Uppercut","Clash"],"picked":"Reckless Charge","floor":14},{"not_picked":["Impervious","Double Tap"],"picked":"Juggernaut","floor":16},{"not_picked":["Flex","Wild Strike","Warcry"],"picked":"SKIP","floor":18},{"not_picked":["Wild Strike","Warcry"],"picked":"Immolate","floor":19},{"not_picked":["Uppercut","Twin Strike"],"picked":"Headbutt+1","floor":22},{"not_picked":["Spot Weakness","Entrench"],"picked":"Impervious","floor":25},{"not_picked":["Ghostly Armor","Bloodletting+1"],"picked":"Shrug It Off","floor":27},{"not_picked":["Twin Strike","Wild Strike","Anger"],"picked":"SKIP","floor":31},{"not_picked":["Exhume","Limit Break"],"picked":"Double Tap","floor":33},{"not_picked":["Flex","Rupture","Heavy Blade"],"picked":"SKIP","floor":35},{"not_picked":["Entrench","Whirlwind+1"],"picked":"Shockwave","floor":36}],"player_experience":1019949,"relics_obtained":[{"floor":4,"key":"Magic Flower"},{"floor":9,"key":"Red Skull"},{"floor":11,"key":"Self Forming Clay"},{"floor":14,"key":"Smiling Mask"},{"floor":25,"key":"Anchor"},{"floor":26,"key":"Shovel"},{"floor":27,"key":"Charon\u0027s Ashes"},{"floor":32,"key":"Juzu Bracelet"}],"event_choices":[{"damage_healed":0,"gold_gain":0,"player_choice":"Success","damage_taken":11,"relics_obtained":["Regal Pillow"],"max_hp_gain":0,"max_hp_loss":0,"event_name":"Scrap Ooze","floor":7,"gold_loss":0},{"damage_healed":0,"gold_gain":75,"player_choice":"Gather Gold","damage_taken":11,"max_hp_gain":0,"max_hp_loss":0,"event_name":"World of Goop","floor":12,"gold_loss":0},{"damage_healed":0,"gold_gain":0,"player_choice":"Ignored","damage_taken":0,"max_hp_gain":0,"max_hp_loss":0,"event_name":"Liars Game","floor":13,"gold_loss":0},{"damage_healed":0,"gold_gain":0,"player_choice":"Smashed Altar","damage_taken":0,"max_hp_gain":0,"max_hp_loss":0,"event_name":"Forgotten Altar","floor":21,"gold_loss":0,"cards_obtained":["Decay"]},{"damage_healed":0,"gold_gain":0,"player_choice":"Opened","damage_taken":0,"relics_obtained":["Dream Catcher"],"max_hp_gain":0,"max_hp_loss":0,"event_name":"The Mausoleum","floor":28,"gold_loss":0,"cards_obtained":["Writhe"]},{"cards_removed":["Strike_R"],"damage_healed":0,"gold_gain":0,"player_choice":"Purged","damage_taken":0,"max_hp_gain":0,"max_hp_loss":0,"event_name":"Purifier","floor":30,"gold_loss":0},{"damage_healed":0,"gold_gain":999,"player_choice":"Gold","damage_taken":0,"max_hp_gain":0,"max_hp_loss":0,"event_name":"MindBloom","floor":37,"gold_loss":0,"cards_obtained":["Normality","Normality"]},{"damage_healed":0,"gold_gain":0,"player_choice":"Ignored","damage_taken":0,"max_hp_gain":0,"max_hp_loss":0,"event_name":"SecretPortal","floor":38,"gold_loss":0}],"is_beta":false,"boss_relics":[{"not_picked":["Ectoplasm","Runic Dome"],"picked":"Sozu"},{"not_picked":["Calling Bell","Mark of Pain"],"picked":"Fusion Hammer"}],"items_purged_floors":[20,24,29,39],"is_endless":false,"potions_floor_spawned":[2,5,11,25,31,35],"killed_by":"Giant Head","ascension_level":20}