{"gold_per_floor":[213,130,141,66,141,174,174,174,245,260,270,220,249,264,264,264],"floor_reached":16,"playtime":513,"items_purged":["Strike_B"],"score":149,"play_id":"81353230-dc2e-42c8-92c8-131d42cc34c3","local_time":"20180808110726","is_ascension_mode":true,"campfire_choices":[{"data":"Zap","floor":7,"key":"SMITH"},{"data":"Hologram","floor":15,"key":"SMITH"}],"neow_cost":"NONE","seed_source_timestamp":263517903445386,"circlet_count":0,"master_deck":["Strike_B","Strike_B","Defend_B","Defend_B","Defend_B","Defend_B","Zap+1","Dualcast","Hologram","Streamline","Melter","Gash","Hologram+1","Gash"],"relics":["Cracked Core","Meat on the Bone","Anchor","Mercury Hourglass","Ancient Tea Set"],"potions_floor_usage":[6,13,16],"damage_taken":[{"damage":1,"enemies":"Cultist","floor":1,"turns":3},{"damage":7,"enemies":"Jaw Worm","floor":3,"turns":3},{"damage":10,"enemies":"Gremlin Nob","floor":6,"turns":4},{"damage":0,"enemies":"2 Louse","floor":10,"turns":2},{"damage":0,"enemies":"Large Slime","floor":11,"turns":3},{"damage":22,"enemies":"Lagavulin","floor":13,"turns":5},{"damage":0,"enemies":"Exordium Thugs","floor":14,"turns":3},{"damage":40,"enemies":"The Guardian","floor":16,"turns":9}],"seed_played":"4129639663733822356","potions_obtained":[{"floor":1,"key":"Block Potion"},{"floor":10,"key":"Swift Potion"},{"floor":11,"key":"Energy Potion"}],"is_trial":false,"path_per_floor":["M","$","M","$","?","E","R","?","T","M","M","?","E","M","R"],"character_chosen":"DEFECT","items_purchased":["Streamline","Melter"],"campfire_rested":0,"item_purchase_floors":[2,2],"current_hp_per_floor":[67,67,60,60,49,39,39,14,14,26,38,38,28,40,40,0],"gold":264,"neow_bonus":"HUNDRED_GOLD","is_prod":false,"is_daily":false,"chose_seed":false,"campfire_upgraded":2,"win_rate":0,"timestamp":1533694046,"path_taken":["M","$","M","$","?","E","R","?","T","?","M","?","E","M","R","BOSS"],"build_version":"2018-08-02","purchased_purges":1,"victory":false,"max_hp_per_floor":[75,75,75,75,75,75,75,75,75,75,75,75,75,75,75,75],"card_choices":[{"not_picked":["Hello World","Compile Driver"],"picked":"Hologram","floor":1},{"not_picked":["Melter","Blizzard"],"picked":"Gash","floor":3},{"not_picked":["Coolheaded","Cold Snap"],"picked":"Hologram","floor":6},{"not_picked":["Turbo","Machine Learning","Redo"],"picked":"SKIP","floor":10},{"not_picked":["Force Field","White Noise","Consume"],"picked":"SKIP","floor":11},{"not_picked":["Barrage","Darkness"],"picked":"Gash","floor":13},{"not_picked":["Steam","Coolheaded","Cold Snap"],"picked":"SKIP","floor":14}],"player_experience":171408,"relics_obtained":[{"floor":6,"key":"Meat on the Bone"},{"floor":9,"key":"Mercury Hourglass"},{"floor":13,"key":"Ancient Tea Set"}],"event_choices":[{"event_name":"World of Goop","player_choice":"Gather Gold","floor":5,"damage_taken":0},{"event_name":"Scrap Ooze","player_choice":"success","floor":8,"damage_taken":25},{"event_name":"The Cleric","player_choice":"Card Removal","floor":12,"damage_taken":0}],"is_beta":false,"boss_relics":[],"items_purged_floors":[4],"is_endless":false,"potions_floor_spawned":[1,10,11],"killed_by":"The Guardian","ascension_level":7}