{"gold_per_floor":[114,114,137,137,152,187,187,60,106,124,148,186,186,227,227,358,358,382,120,120,67,91,126,126,149,149,165,165,179,179,200,200,200],"floor_reached":33,"playtime":3597,"items_purged":["Strike_R"],"score":302,"play_id":"b6bec9fa-f04c-48f3-8844-1e57a5f4693d","local_time":"20190816030542","is_ascension_mode":false,"campfire_choices":[{"data":"Demon Form","floor":13,"key":"SMITH"},{"data":"Bash","floor":15,"key":"SMITH"},{"data":"Immolate","floor":24,"key":"SMITH"},{"data":"True Grit","floor":28,"key":"SMITH"},{"data":"Feel No Pain","floor":30,"key":"SMITH"},{"floor":32,"key":"REST"}],"neow_cost":"NONE","seed_source_timestamp":54072324567089,"circlet_count":0,"master_deck":["Strike_R+1","Strike_R+1","Defend_R","Defend_R","Defend_R","Defend_R","Bash+1","Twin Strike","Anger","Clothesline","Pommel Strike","Spot Weakness","Demon Form+1","True Grit+1","Immolate+1","True Grit+1","Shrug It Off","Intimidate","Disarm+1","Feel No Pain+1","Cleave+1","Heavy Blade"],"relics":["Burning Blood","Golden Idol","Strawberry","Bag of Marbles","Odd Mushroom","Mercury Hourglass","Empty Cage","Gremlin Horn","Bottled Flame","Blue Candle"],"potions_floor_usage":[14,20,23,31,31,33,33],"damage_taken":[{"damage":5,"enemies":"2 Louse","floor":1,"turns":3},{"damage":3,"enemies":"Small Slimes","floor":3,"turns":3},{"damage":0,"enemies":"Cultist","floor":5,"turns":2},{"damage":17,"enemies":"Gremlin Nob","floor":6,"turns":4},{"damage":7,"enemies":"Blue Slaver","floor":10,"turns":2},{"damage":0,"enemies":"3 Louse","floor":11,"turns":2},{"damage":19,"enemies":"The Mushroom Lair","floor":12,"turns":4},{"damage":15,"enemies":"3 Sentries","floor":14,"turns":5},{"damage":31,"enemies":"The Guardian","floor":16,"turns":6},{"damage":20,"enemies":"Spheric Guardian","floor":18,"turns":4},{"damage":17,"enemies":"2 Thieves","floor":22,"turns":3},{"damage":39,"enemies":"Slavers","floor":23,"turns":5},{"damage":14,"enemies":"Snecko","floor":25,"turns":4},{"damage":6,"enemies":"Shelled Parasite and Fungi","floor":27,"turns":5},{"damage":0,"enemies":"Centurion and Healer","floor":29,"turns":3},{"damage":19,"enemies":"Snecko","floor":31,"turns":5},{"damage":78,"enemies":"Automaton","floor":33,"turns":6}],"seed_played":"1817022382359665228","potions_obtained":[{"floor":3,"key":"Fire Potion"},{"floor":5,"key":"LiquidBronze"},{"floor":6,"key":"Regen Potion"},{"floor":20,"key":"Fruit Juice"},{"floor":20,"key":"Swift Potion"},{"floor":25,"key":"Explosive Potion"},{"floor":27,"key":"AttackPotion"},{"floor":31,"key":"FearPotion"}],"is_trial":false,"path_per_floor":["M","?","M","?","M","E","?","$","T","M","M","?","R","E","R","B",null,"M","$","?","$","M","E","R","M","T","M","R","M","R","M","R","B"],"character_chosen":"IRONCLAD","items_purchased":["Pommel Strike","Gremlin Horn","Shrug It Off"],"campfire_rested":1,"item_purchase_floors":[8,19,21],"current_hp_per_floor":[88,66,69,51,57,53,95,95,95,94,95,82,82,73,73,48,95,81,81,86,86,75,56,56,48,48,48,48,54,54,41,71,0],"gold":200,"neow_bonus":"TEN_PERCENT_HP_BONUS","is_prod":false,"is_daily":false,"chose_seed":false,"campfire_upgraded":5,"win_rate":0,"timestamp":1565917542,"path_taken":["M","?","M","?","M","E","?","$","T","M","?","?","R","E","R","BOSS","M","$","?","$","M","E","R","?","T","M","R","M","R","M","R","BOSS"],"build_version":"2019-07-17","purchased_purges":1,"victory":false,"max_hp_per_floor":[88,88,88,88,88,95,95,95,95,95,95,95,95,95,95,95,95,95,95,100,100,100,100,100,100,100,100,100,100,100,100,100,100],"card_choices":[{"not_picked":["Shrug It Off","Iron Wave"],"picked":"Twin Strike","floor":1},{"not_picked":["Havoc","Wild Strike","Burning Pact"],"picked":"SKIP","floor":3},{"not_picked":["Whirlwind","Perfected Strike"],"picked":"Anger","floor":5},{"not_picked":["Perfected Strike","Headbutt"],"picked":"Clothesline","floor":6},{"not_picked":["Rage","Warcry"],"picked":"Spot Weakness","floor":10},{"not_picked":["Twin Strike","True Grit"],"picked":"Demon Form","floor":11},{"not_picked":["Spot Weakness","Perfected Strike"],"picked":"True Grit","floor":12},{"not_picked":["Iron Wave","Clothesline","Warcry"],"picked":"SKIP","floor":14},{"not_picked":["Feed","Limit Break"],"picked":"Immolate","floor":16},{"not_picked":["Hemokinesis","Perfected Strike"],"picked":"True Grit+1","floor":18},{"not_picked":["Clash","True Grit"],"picked":"Intimidate","floor":22},{"not_picked":["Evolve","Iron Wave","Bludgeon"],"picked":"SKIP","floor":23},{"not_picked":["Clothesline+1","Iron Wave"],"picked":"Disarm+1","floor":25},{"not_picked":["Warcry","Havoc"],"picked":"Feel No Pain","floor":27},{"not_picked":["Warcry","Flex"],"picked":"Cleave+1","floor":29},{"not_picked":["Headbutt","Limit Break"],"picked":"Heavy Blade","floor":31}],"player_experience":946105,"relics_obtained":[{"floor":6,"key":"Strawberry"},{"floor":9,"key":"Bag of Marbles"},{"floor":12,"key":"Odd Mushroom"},{"floor":14,"key":"Mercury Hourglass"},{"floor":23,"key":"Bottled Flame"},{"floor":26,"key":"Blue Candle"}],"event_choices":[{"damage_healed":0,"gold_gain":0,"player_choice":"Take Damage","damage_taken":22,"relics_obtained":["Golden Idol"],"max_hp_gain":0,"max_hp_loss":0,"event_name":"Golden Idol","floor":2,"gold_loss":0},{"damage_healed":0,"gold_gain":0,"player_choice":"Entered Light","damage_taken":18,"max_hp_gain":0,"max_hp_loss":0,"event_name":"Shining Light","floor":4,"gold_loss":0,"cards_upgraded":["Strike_R","Strike_R"]},{"damage_healed":42,"gold_gain":0,"player_choice":"Full Heal","damage_taken":0,"max_hp_gain":0,"max_hp_loss":0,"event_name":"Wheel of Change","floor":7,"gold_loss":0},{"damage_healed":0,"gold_gain":0,"player_choice":"Fought Mushrooms","damage_taken":0,"max_hp_gain":0,"max_hp_loss":0,"event_name":"Mushrooms","floor":12,"gold_loss":0},{"damage_healed":0,"gold_gain":0,"player_choice":"Got Potions","damage_taken":0,"max_hp_gain":0,"max_hp_loss":0,"event_name":"Lab","floor":20,"gold_loss":0}],"is_beta":false,"boss_relics":[{"not_picked":["Black Blood","Tiny House"],"picked":"Empty Cage"}],"items_purged_floors":[8],"is_endless":false,"potions_floor_spawned":[3,5,6,25,27,29,31],"killed_by":"Automaton","ascension_level":0}