{"gold_per_floor":[117,42,42,68,68,68,78,96,96,112,112,143,159,159],"floor_reached":14,"playtime":2373,"items_purged":["Normality"],"score":171,"play_id":"c902c3ed-a2ff-41e5-9732-329c22d6b4ca","local_time":"20190822154918","is_ascension_mode":true,"campfire_choices":[{"data":"Cloak And Dagger","floor":6,"key":"SMITH"},{"data":"Flechettes","floor":11,"key":"SMITH"}],"neow_cost":"NONE","seed_source_timestamp":21537941015287,"circlet_count":0,"master_deck":["AscendersBane","Strike_G","Strike_G","Strike_G","Strike_G","Strike_G","Defend_G","Defend_G","Defend_G","Defend_G","Defend_G","Survivor","Neutralize","Parasite","Cloak And Dagger+1","Flechettes+1","Envenom","Dash","Corpse Explosion","Noxious Fumes+1"],"relics":["Calling Bell","Happy Flower","Dodecahedron","Pocketwatch","Juzu Bracelet","Orichalcum","Frozen Egg 2","Gremlin Horn"],"potions_floor_usage":[13,14],"damage_taken":[{"damage":1,"enemies":"2 Louse","floor":1,"turns":4},{"damage":7,"enemies":"Jaw Worm","floor":7,"turns":5},{"damage":0,"enemies":"Small Slimes","floor":8,"turns":2},{"damage":8,"enemies":"Exordium Wildlife","floor":10,"turns":3},{"damage":13,"enemies":"3 Sentries","floor":12,"turns":7},{"damage":0,"enemies":"Large Slime","floor":13,"turns":4},{"damage":27,"enemies":"Gremlin Nob","floor":14,"turns":4}],"seed_played":"-5507906437300465456","potions_obtained":[{"floor":10,"key":"FearPotion"},{"floor":12,"key":"Dexterity Potion"}],"is_trial":false,"path_per_floor":["M","$","?","T","?","R","M","M","T","M","R","E","M","E"],"character_chosen":"THE_SILENT","items_purchased":[],"campfire_rested":0,"item_purchase_floors":[],"current_hp_per_floor":[58,58,47,47,47,47,40,40,40,32,32,19,19,0],"gold":159,"neow_bonus":"BOSS_RELIC","is_prod":false,"is_daily":false,"chose_seed":false,"campfire_upgraded":2,"win_rate":0,"timestamp":1566481758,"path_taken":["M","$","?","?","?","R","M","M","T","M","R","E","M","E"],"build_version":"2019-07-17","purchased_purges":1,"victory":false,"max_hp_per_floor":[66,66,66,66,66,66,66,66,66,66,66,66,66,66],"card_choices":[{"not_picked":["Deflect","Underhanded Strike"],"picked":"Cloak And Dagger","floor":1},{"not_picked":["Leg Sweep","Cloak And Dagger"],"picked":"Flechettes","floor":7},{"not_picked":["Flying Knee","Blade Dance"],"picked":"Envenom","floor":8},{"not_picked":["Escape Plan","Riddle With Holes"],"picked":"Dash","floor":10},{"not_picked":["Dash","Dagger Throw"],"picked":"Corpse Explosion","floor":12},{"not_picked":["Deflect","Eviscerate"],"picked":"Noxious Fumes+1","floor":13}],"player_experience":1008811,"relics_obtained":[{"floor":0,"key":"Happy Flower"},{"floor":0,"key":"Dodecahedron"},{"floor":0,"key":"Pocketwatch"},{"floor":4,"key":"Orichalcum"},{"floor":9,"key":"Frozen Egg 2"},{"floor":12,"key":"Gremlin Horn"}],"event_choices":[{"damage_healed":0,"gold_gain":0,"player_choice":"Success","damage_taken":11,"relics_obtained":["Juzu Bracelet"],"max_hp_gain":0,"max_hp_loss":0,"event_name":"Scrap Ooze","floor":3,"gold_loss":0},{"cards_removed":["Normality"],"damage_healed":0,"gold_gain":0,"player_choice":"Forget","damage_taken":0,"max_hp_gain":0,"max_hp_loss":0,"event_name":"Living Wall","floor":5,"gold_loss":0}],"is_beta":false,"boss_relics":[],"items_purged_floors":[2],"is_endless":false,"potions_floor_spawned":[10,12],"killed_by":"Gremlin Nob","ascension_level":18}