{"gold_per_floor":[117,117,267,3,15,15,44,44,68,102,187,197,497,474,474,474],"floor_reached":16,"playtime":513,"items_purged":[],"score":216,"play_id":"61952dc3-ad98-454f-a23c-764469846acf","local_time":"20190430222238","is_ascension_mode":true,"campfire_choices":[{"data":"Noxious Fumes","floor":6,"key":"SMITH"},{"floor":8,"key":"REST"},{"data":"Catalyst","floor":15,"key":"SMITH"}],"neow_cost":"NONE","seed_source_timestamp":659817414529300,"circlet_count":0,"master_deck":["AscendersBane","Defend_G","Defend_G","Defend_G","Defend_G","Defend_G","Strike_G","Strike_G","Strike_G","Strike_G","Strike_G","Survivor","Neutralize","Noxious Fumes+1","Catalyst+1","Doubt","Dash","Dash","Footwork","Escape Plan","Bane","PiercingWail"],"relics":["Ring of the Snake","Question Card","Dead Branch","Vajra","Regal Pillow","Tiny Chest","Old Coin"],"potions_floor_usage":[7,10,16],"damage_taken":[{"damage":6,"enemies":"Small Slimes","floor":1,"turns":5},{"damage":9,"enemies":"2 Louse","floor":5,"turns":4},{"damage":17,"enemies":"3 Sentries","floor":7,"turns":7},{"damage":8,"enemies":"Gremlin Nob","floor":10,"turns":6},{"damage":30,"enemies":"Gremlin Nob","floor":11,"turns":6},{"damage":0,"enemies":"Cultist","floor":12,"turns":4},{"damage":9,"enemies":"Exordium Thugs","floor":14,"turns":4},{"damage":8,"enemies":"Hexaghost","floor":16,"turns":4}],"seed_played":"-849130179315962303","potions_obtained":[{"floor":1,"key":"GamblersBrew"},{"floor":7,"key":"Ancient Potion"},{"floor":14,"key":"PowerPotion"}],"is_trial":false,"path_per_floor":["M","?","?","$","M","R","E","R","T","E","?","M","T","M","R","B"],"character_chosen":"THE_SILENT","items_purchased":["Question Card"],"campfire_rested":1,"item_purchase_floors":[4],"current_hp_per_floor":[53,58,58,58,49,49,32,53,53,45,15,15,15,6,6,0],"gold":474,"neow_bonus":"THREE_CARDS","is_prod":false,"is_daily":false,"chose_seed":false,"campfire_upgraded":2,"win_rate":0,"timestamp":1556652158,"path_taken":["M","?","?","$","M","R","E","R","T","E","?","M","?","?","R","BOSS"],"build_version":"2019-01-23","purchased_purges":0,"victory":false,"max_hp_per_floor":[66,71,71,71,71,71,71,71,71,71,71,71,71,71,71,71],"card_choices":[{"not_picked":["Endless Agony","Quick Slash"],"picked":"Noxious Fumes","floor":0},{"not_picked":["Escape Plan","Backstab"],"picked":"Catalyst","floor":1},{"not_picked":["Dodge and Roll","Acrobatics","Quick Slash"],"picked":"Dash","floor":5},{"not_picked":["Night Terror","Prepared","Skewer"],"picked":"Dash","floor":7},{"not_picked":["Deadly Poison","Blade Dance","PiercingWail"],"picked":"Footwork","floor":10},{"not_picked":["Tactician","Bane","Backflip"],"picked":"Escape Plan","floor":11},{"not_picked":["Dagger Spray","Acrobatics","Cloak And Dagger"],"picked":"Bane","floor":12},{"not_picked":["Eviscerate","A Thousand Cuts","Choke"],"picked":"PiercingWail","floor":14}],"player_experience":1265196,"relics_obtained":[{"floor":7,"key":"Dead Branch"},{"floor":9,"key":"Vajra"},{"floor":10,"key":"Regal Pillow"},{"floor":11,"key":"Tiny Chest"},{"floor":13,"key":"Old Coin"}],"event_choices":[{"damage_healed":0,"gold_gain":0,"player_choice":"Donut","damage_taken":0,"max_hp_gain":5,"max_hp_loss":0,"event_name":"Big Fish","floor":2,"gold_loss":0},{"damage_healed":0,"gold_gain":150,"player_choice":"AGREE","damage_taken":0,"max_hp_gain":0,"max_hp_loss":0,"event_name":"Liars Game","floor":3,"gold_loss":0,"cards_obtained":["Doubt"]},{"damage_healed":0,"gold_gain":30,"player_choice":"Searched \u00272\u0027 times","damage_taken":0,"max_hp_gain":0,"max_hp_loss":0,"event_name":"Dead Adventurer","floor":11,"gold_loss":0}],"is_beta":false,"boss_relics":[],"items_purged_floors":[],"is_endless":false,"potions_floor_spawned":[1,7,14],"killed_by":"Hexaghost","ascension_level":20}