{"gold_per_floor":[112,131,148,148,98,98,98,123,197,216,233,245,245],"floor_reached":13,"playtime":412,"items_purged":[],"score":139,"play_id":"1ed676bb-b057-46b7-b17f-83c4aa65ebc0","local_time":"20181102143729","is_ascension_mode":true,"campfire_choices":[{"data":"Zap","floor":6,"key":"SMITH"}],"neow_cost":"NONE","seed_source_timestamp":1861588006130506,"circlet_count":0,"master_deck":["AscendersBane","Strike_B","Strike_B","Strike_B","Defend_B+1","Defend_B","Defend_B","Defend_B","Zap+1","Dualcast","Hologram","Conserve Battery+1","Leap+1","Leap","Thunder Strike","Ball Lightning"],"relics":["Cracked Core","NeowsBlessing","War Paint","Dodecahedron"],"potions_floor_usage":[13,13],"damage_taken":[{"damage":0,"enemies":"2 Louse","floor":1,"turns":1},{"damage":0,"enemies":"Small Slimes","floor":2,"turns":1},{"damage":0,"enemies":"Jaw Worm","floor":3,"turns":1},{"damage":35,"enemies":"3 Sentries","floor":8,"turns":11},{"damage":1,"enemies":"Looter","floor":10,"turns":4},{"damage":0,"enemies":"Blue Slaver","floor":11,"turns":5},{"damage":4,"enemies":"Red Slaver","floor":12,"turns":5},{"damage":32,"enemies":"Gremlin Nob","floor":13,"turns":4}],"seed_played":"811377925792370149","potions_obtained":[{"floor":3,"key":"FearPotion"},{"floor":8,"key":"Dexterity Potion"}],"is_trial":false,"path_per_floor":["M","M","M","?","?","R","?","E","T","M","M","M","E"],"character_chosen":"DEFECT","items_purchased":[],"campfire_rested":0,"item_purchase_floors":[],"current_hp_per_floor":[68,68,68,68,68,68,68,33,33,32,32,28,0],"gold":245,"neow_bonus":"THREE_ENEMY_KILL","is_prod":false,"is_daily":false,"chose_seed":false,"campfire_upgraded":1,"win_rate":0,"timestamp":1541137049,"path_taken":["M","M","M","?","?","R","?","E","T","M","M","M","E"],"build_version":"2018-11-01","purchased_purges":0,"victory":false,"max_hp_per_floor":[75,75,75,75,75,75,75,75,75,75,75,75,75],"card_choices":[{"not_picked":["Coolheaded","Heatsinks"],"picked":"Hologram","floor":1},{"not_picked":["Leap","Ball Lightning"],"picked":"Conserve Battery","floor":2},{"not_picked":["Coolheaded","Force Field"],"picked":"Leap","floor":3},{"not_picked":["Force Field","Darkness"],"picked":"Leap","floor":8},{"not_picked":["Rip and Tear","Hologram"],"picked":"Thunder Strike","floor":10},{"not_picked":["Barrage","Hologram","Consume"],"picked":"SKIP","floor":11},{"not_picked":["Beam Cell","Go for the Eyes"],"picked":"Ball Lightning","floor":12}],"player_experience":269051,"relics_obtained":[{"floor":8,"key":"War Paint"},{"floor":9,"key":"Dodecahedron"}],"event_choices":[{"damage_healed":0,"gold_gain":0,"player_choice":"Ignored","damage_taken":0,"max_hp_gain":0,"max_hp_loss":0,"event_name":"Liars Game","floor":4,"gold_loss":0},{"cards_removed":["Strike_B"],"damage_healed":0,"gold_gain":0,"player_choice":"Card Removal","damage_taken":0,"max_hp_gain":0,"max_hp_loss":0,"event_name":"The Cleric","floor":5,"gold_loss":50},{"damage_healed":0,"gold_gain":0,"player_choice":"Grow","damage_taken":0,"max_hp_gain":0,"max_hp_loss":0,"event_name":"Living Wall","floor":7,"gold_loss":0,"cards_upgraded":["Conserve Battery"]}],"is_beta":false,"boss_relics":[],"items_purged_floors":[],"is_endless":false,"potions_floor_spawned":[3,8],"killed_by":"Gremlin Nob","ascension_level":12}