{"gold_per_floor":[111,111,121,196,213,213,223,252,252,280,105,121,196,221,221,299,299,318,335,350,379,63,63,82,82,136,136,136,149,167,186,186,258,258,272,92,102,115,129,129],"floor_reached":40,"playtime":3268,"items_purged":["Strike_B","Strike_B","Defend_B"],"score":784,"play_id":"8e638911-0590-4aba-a761-af1a164fb776","local_time":"20190919021101","is_ascension_mode":true,"campfire_choices":[{"data":"Streamline","floor":6.0,"key":"SMITH"},{"data":"Coolheaded","floor":15.0,"key":"SMITH"},{"floor":23.0,"key":"REST"},{"data":"Sunder","floor":25.0,"key":"SMITH"},{"data":"Well Laid Plans","floor":27.0,"key":"SMITH"},{"data":"Blind","floor":32.0,"key":"SMITH"}],"neow_cost":"NONE","seed_source_timestamp":430436456314700,"circlet_count":0,"master_deck":["AscendersBane","Defend_B","Defend_B","Defend_B","Zap+1","Dualcast","Coolheaded+1","Compile Driver","Streamline+1","Sunder+1","Auto Shields","Leap","Blind+1","FTL","Gash","Machine Learning","BootSequence","Beam Cell+1","Well Laid Plans+1","Coolheaded+1","PiercingWail","Panacea+1","Venomology","Deflect+1","Gash+1","Fire Breathing+1"],"special_seed":0,"relics":["Cracked Core","Peace Pipe","Pantograph","Meat on the Bone","Tiny Chest","Odd Mushroom","Empty Cage","Red Mask","PrismaticShard","Strawberry","Black Star"],"potions_floor_usage":[40,40,40],"damage_taken":[{"damage":1.0,"enemies":"Cultist","floor":1.0,"turns":3.0},{"damage":11.0,"enemies":"Small Slimes","floor":3.0,"turns":3.0},{"damage":0.0,"enemies":"Jaw Worm","floor":5.0,"turns":4.0},{"damage":0.0,"enemies":"2 Fungi Beasts","floor":7.0,"turns":3.0},{"damage":23.0,"enemies":"3 Sentries","floor":8.0,"turns":6.0},{"damage":15.0,"enemies":"Lagavulin","floor":10.0,"turns":7.0},{"damage":2.0,"enemies":"3 Louse","floor":12.0,"turns":3.0},{"damage":6.0,"enemies":"The Mushroom Lair","floor":14.0,"turns":4.0},{"damage":15.0,"enemies":"Hexaghost","floor":16.0,"turns":10.0},{"damage":18.0,"enemies":"Spheric Guardian","floor":18.0,"turns":6.0},{"damage":15.0,"enemies":"3 Byrds","floor":19.0,"turns":5.0},{"damage":3.0,"enemies":"Snecko","floor":20.0,"turns":7.0},{"damage":42.0,"enemies":"Masked Bandits","floor":21.0,"turns":6.0},{"damage":22.0,"enemies":"3 Cultists","floor":24.0,"turns":6.0},{"damage":5.0,"enemies":"Shelled Parasite and Fungi","floor":29.0,"turns":6.0},{"damage":0.0,"enemies":"Centurion and Healer","floor":30.0,"turns":7.0},{"damage":5.0,"enemies":"Cultist and Chosen","floor":31.0,"turns":6.0},{"damage":27.0,"enemies":"Champ","floor":33.0,"turns":13.0},{"damage":18.0,"enemies":"3 Darklings","floor":35.0,"turns":8.0},{"damage":0.0,"enemies":"3 Shapes","floor":37.0,"turns":7.0},{"damage":26.0,"enemies":"3 Darklings","floor":38.0,"turns":8.0},{"damage":34.0,"enemies":"Transient","floor":39.0,"turns":6.0},{"damage":55,"enemies":"Giant Head","floor":40,"turns":8}],"seed_played":"7608718885093238394","potions_obtained":[{"floor":3.0,"key":"Fruit Juice"},{"floor":5.0,"key":"Strength Potion"},{"floor":12.0,"key":"Energy Potion"},{"floor":21.0,"key":"FearPotion"},{"floor":38.0,"key":"Regen Potion"},{"floor":39.0,"key":"Explosive Potion"}],"is_trial":false,"path_per_floor":["M","?","M","?","M","R","M","E","T","E","$","M","T","?","R","B",null,"M","M","M","?","$","R","M","R","T","R","?","M","M","M","R","B",null,"M","$","M","M","M","E"],"character_chosen":"DEFECT","items_purchased":["Blind","PrismaticShard","Fire Potion"],"campfire_rested":1,"item_purchase_floors":[11,22,36],"current_hp_per_floor":[63,68,62,51,51,51,51,28,28,13,13,23,23,29,29,51,74,56,41,50,20,20,44,34,34,41,41,41,48,48,55,55,53,79,61,61,61,47,40,0],"gold":129,"neow_bonus":"UPGRADE_CARD","is_prod":false,"is_daily":false,"chose_seed":false,"campfire_upgraded":5,"win_rate":0,"timestamp":1568826661,"path_taken":["M","?","M","?","M","R","M","E","T","E","$","M","?","?","R","BOSS","M","M","M","?","$","R","M","R","T","R","?","M","?","?","R","BOSS","M","$","M","M","M","E"],"build_version":"2019-07-17","purchased_purges":3,"victory":false,"max_hp_per_floor":[71,76,81,81,81,81,81,81,81,81,81,81,81,81,81,81,81,81,81,81,81,81,81,81,81,88,88,88,88,88,88,88,88,88,88,88,88,88,88,88],"card_choices":[{"not_picked":["Steam","Leap"],"picked":"Coolheaded","floor":1.0},{"not_picked":["Reinforced Body","Redo"],"picked":"Compile Driver","floor":3.0},{"not_picked":["Coolheaded","Compile Driver"],"picked":"Streamline","floor":5.0},{"not_picked":["Chaos","Barrage"],"picked":"Sunder","floor":7.0},{"not_picked":["Go for the Eyes","Defragment"],"picked":"Auto Shields","floor":8.0},{"not_picked":["White Noise","Go for the Eyes"],"picked":"Leap","floor":10.0},{"not_picked":["Fusion","Tempest"],"picked":"FTL","floor":12.0},{"not_picked":["Compile Driver","Coolheaded"],"picked":"Gash","floor":14.0},{"not_picked":["Multi-Cast","Thunder Strike"],"picked":"Machine Learning","floor":16.0},{"not_picked":["Compile Driver","Recycle","Rip and Tear"],"picked":"SKIP","floor":18.0},{"not_picked":["Redo","Barrage+1","Storm"],"picked":"SKIP","floor":19.0},{"not_picked":["Blizzard","Streamline"],"picked":"BootSequence","floor":20.0},{"not_picked":["White Noise","Storm"],"picked":"Beam Cell+1","floor":21.0},{"not_picked":["Expertise","Sweeping Beam"],"picked":"Well Laid Plans","floor":24.0},{"not_picked":["Thunderclap","Pommel Strike"],"picked":"PiercingWail","floor":29.0},{"not_picked":["Blade Dance+1","Dagger Spray","Bloodletting"],"picked":"SKIP","floor":30.0},{"not_picked":["Jack Of All Trades","Prepared"],"picked":"Panacea+1","floor":31.0},{"not_picked":["Exhume","Biased Cognition"],"picked":"Venomology","floor":33.0},{"not_picked":["Dagger Spray","Eviscerate","Havoc"],"picked":"SKIP","floor":35.0},{"not_picked":["Sucker Punch","Disarm"],"picked":"Deflect+1","floor":37.0},{"not_picked":["Dagger Throw","Anger"],"picked":"Gash+1","floor":38.0},{"not_picked":["Underhanded Strike","Deadly Poison+1"],"picked":"Fire Breathing+1","floor":39.0}],"player_experience":420883,"relics_obtained":[{"floor":8.0,"key":"Peace Pipe"},{"floor":9.0,"key":"Pantograph"},{"floor":10.0,"key":"Meat on the Bone"},{"floor":13.0,"key":"Tiny Chest"},{"floor":14.0,"key":"Odd Mushroom"},{"floor":21.0,"key":"Red Mask"},{"floor":26.0,"key":"Strawberry"}],"event_choices":[{"damage_healed":0.0,"max_hp_gain":5.0,"max_hp_loss":0.0,"gold_gain":0.0,"event_name":"Big Fish","player_choice":"Donut","floor":2.0,"gold_loss":0.0,"damage_taken":0.0},{"damage_healed":0.0,"max_hp_gain":0.0,"max_hp_loss":0.0,"gold_gain":75.0,"event_name":"World of Goop","player_choice":"Gather Gold","floor":4.0,"gold_loss":0.0,"damage_taken":11.0},{"damage_healed":0.0,"max_hp_gain":0.0,"max_hp_loss":0.0,"gold_gain":0.0,"event_name":"Mushrooms","player_choice":"Fought Mushrooms","floor":14.0,"gold_loss":0.0,"damage_taken":0.0},{"damage_healed":0.0,"max_hp_gain":0.0,"max_hp_loss":0.0,"gold_gain":0.0,"event_name":"Masked Bandits","player_choice":"Fought Bandits","floor":21.0,"gold_loss":0.0,"damage_taken":0.0},{"damage_healed":0.0,"max_hp_gain":0.0,"max_hp_loss":0.0,"gold_gain":0.0,"event_name":"Duplicator","player_choice":"Copied","floor":28.0,"gold_loss":0.0,"damage_taken":0.0,"cards_obtained":["Coolheaded"]}],"is_beta":false,"boss_relics":[{"not_picked":["Ectoplasm","Runic Pyramid"],"picked":"Empty Cage"},{"not_picked":["Philosopher\u0027s Stone","Snecko Eye"],"picked":"Black Star"}],"items_purged_floors":[11,22,36],"is_endless":false,"potions_floor_spawned":[3,5,12,19,21,29,31,37,38,39],"killed_by":"Giant Head","ascension_level":19}