{"gold_per_floor":[114,114,130,141,141,167,167,21,21,21,41,41,60,82,82,183,183,168,179,179,197,213,213,245,245,316,77,77,92,92,120,120,219,219,239,114,131,131,231,231,258,258,309,219,238,250,250,263,263,263,263,263,61,96,96],"floor_reached":56,"playtime":3471,"items_purged":["Strike_B","Regret","Beam Cell","Defend_B"],"score":1190,"play_id":"0dde7d13-f974-40e8-81c0-95743042947c","local_time":"20190904223444","is_ascension_mode":false,"campfire_choices":[{"data":"Capacitor","floor":7,"key":"SMITH"},{"data":"Barrage","floor":12,"key":"SMITH"},{"data":"Consume","floor":15,"key":"SMITH"},{"data":"Fission","floor":23,"key":"SMITH"},{"floor":25,"key":"REST"},{"floor":28,"key":"REST"},{"floor":32,"key":"REST"},{"data":"Chaos","floor":40,"key":"SMITH"},{"data":"Chill","floor":42,"key":"SMITH"},{"floor":47,"key":"RECALL"},{"data":"Loop","floor":49,"key":"SMITH"},{"data":"Capacitor","floor":52,"key":"SMITH"}],"neow_cost":"NONE","seed_source_timestamp":32030962025457,"circlet_count":0,"master_deck":["Defend_B+1","Defend_B","Defend_B","Zap","Dualcast","Hyperbeam","Glacier","Capacitor+1","Self Repair","Barrage+1","Consume+1","Core Surge","Fission+1","Cold Snap+1","Chaos+1","Chill+1","Meteor Strike","Loop+1","Creative AI","Heatsinks+1","Capacitor+1","Compile Driver","Steam Power+1"],"relics":["Cracked Core","Dead Branch","Mummified Hand","Torii","Odd Mushroom","Busted Crown","Sundial","Shuriken","Mercury Hourglass","Snecko Eye","Turnip","Happy Flower","Oddly Smooth Stone"],"potions_floor_usage":[24,24,31,55,55],"damage_taken":[{"damage":0,"enemies":"2 Louse","floor":1,"turns":1},{"damage":5,"enemies":"Jaw Worm","floor":3,"turns":2},{"damage":0,"enemies":"Cultist","floor":4,"turns":2},{"damage":8,"enemies":"3 Sentries","floor":6,"turns":11},{"damage":3,"enemies":"Blue Slaver","floor":11,"turns":4},{"damage":0,"enemies":"2 Fungi Beasts","floor":13,"turns":1},{"damage":0,"enemies":"The Mushroom Lair","floor":14,"turns":2},{"damage":20,"enemies":"Hexaghost","floor":16,"turns":13},{"damage":13,"enemies":"2 Thieves","floor":18,"turns":4},{"damage":3,"enemies":"Shell Parasite","floor":19,"turns":7},{"damage":2,"enemies":"3 Cultists","floor":21,"turns":6},{"damage":7,"enemies":"Centurion and Healer","floor":22,"turns":9},{"damage":82,"enemies":"Slavers","floor":24,"turns":8},{"damage":0,"enemies":"Cultist and Chosen","floor":29,"turns":7},{"damage":34,"enemies":"Gremlin Leader","floor":31,"turns":7},{"damage":43,"enemies":"Collector","floor":33,"turns":7},{"damage":0,"enemies":"3 Shapes","floor":35,"turns":5},{"damage":0,"enemies":"Orb Walker","floor":37,"turns":2},{"damage":0,"enemies":"Mind Bloom Boss Battle","floor":39,"turns":4},{"damage":0,"enemies":"Nemesis","floor":41,"turns":5},{"damage":0,"enemies":"4 Shapes","floor":45,"turns":2},{"damage":1,"enemies":"Jaw Worm Horde","floor":46,"turns":4},{"damage":0,"enemies":"Transient","floor":48,"turns":5},{"damage":24,"enemies":"Time Eater","floor":50,"turns":4},{"damage":14,"enemies":"Shield and Spear","floor":54,"turns":7},{"damage":38,"enemies":"The Heart","floor":55,"turns":9}],"seed_played":"8037229180926382877","potions_obtained":[{"floor":1,"key":"Regen Potion"},{"floor":14,"key":"Swift Potion"},{"floor":16,"key":"Strength Potion"},{"floor":24,"key":"LiquidBronze"},{"floor":31,"key":"AttackPotion"},{"floor":39,"key":"Ancient Potion"}],"is_trial":false,"path_per_floor":["M","$","M","M","?","E","R","$","T","$","M","R","M","?","R","B",null,"M","M","?","M","M","R","E","R","T","$","R","M","?","E","R","B",null,"M","$","M","$","?","R","E","R","T","?","M","M","R","M","R","B",null,"R","$","E","B",null],"character_chosen":"DEFECT","items_purchased":["Self Repair","Meteor Strike","Compile Driver"],"campfire_rested":3,"item_purchase_floors":[8,27,53],"current_hp_per_floor":[75,75,70,70,70,62,62,62,62,62,66,66,66,66,66,53,75,69,73,73,75,75,75,14,36,36,36,58,65,65,38,60,17,75,75,75,75,75,75,75,75,75,75,75,75,75,75,75,75,51,75,75,75,68,37],"gold":96,"neow_bonus":"TRANSFORM_CARD","is_prod":false,"is_daily":false,"chose_seed":false,"campfire_upgraded":8,"win_rate":0,"timestamp":1567629284,"path_taken":["M","$","M","M","?","E","R","$","T","?","M","R","M","?","R","BOSS","M","M","?","M","M","R","E","R","T","$","R","M","?","E","R","BOSS","M","$","M","$","?","R","E","R","T","?","?","M","R","M","R","BOSS","R","$","E","BOSS"],"build_version":"2019-07-17","purchased_purges":4,"victory":true,"max_hp_per_floor":[75,75,75,75,75,75,75,75,75,75,75,75,75,75,75,75,75,75,75,75,75,75,75,75,75,75,75,75,75,75,75,75,75,75,75,75,75,75,75,75,75,75,75,75,75,75,75,75,75,75,75,75,75,75,75],"card_choices":[{"not_picked":["Lockon","Turbo"],"picked":"Steam","floor":1},{"not_picked":["Rip and Tear","Sweeping Beam","Barrage"],"picked":"SKIP","floor":3},{"not_picked":["Loop","Gash"],"picked":"Glacier","floor":4},{"not_picked":["Coolheaded","Recycle"],"picked":"Capacitor","floor":6},{"not_picked":["Beam Cell","Double Energy"],"picked":"Barrage","floor":11},{"not_picked":["Hologram","Ball Lightning"],"picked":"Consume","floor":13},{"not_picked":["Cold Snap","Rip and Tear"],"picked":"Core Surge","floor":14},{"not_picked":["Biased Cognition","Amplify"],"picked":"Fission","floor":16},{"not_picked":["Leap"],"picked":"SKIP","floor":18},{"not_picked":[],"picked":"Cold Snap+1","floor":19},{"not_picked":["Heatsinks+1"],"picked":"SKIP","floor":21},{"not_picked":["Recycle+1"],"picked":"SKIP","floor":22},{"not_picked":[],"picked":"Chill","floor":24},{"not_picked":["Recycle+1"],"picked":"SKIP","floor":29},{"not_picked":[],"picked":"Creative AI","floor":31},{"not_picked":[],"picked":"Heatsinks+1","floor":35},{"not_picked":["Force Field+1"],"picked":"SKIP","floor":37},{"not_picked":[],"picked":"Capacitor","floor":41},{"not_picked":["Tempest"],"picked":"SKIP","floor":45},{"not_picked":["Hologram"],"picked":"SKIP","floor":46},{"not_picked":["Gash+1"],"picked":"SKIP","floor":48},{"not_picked":[],"picked":"Steam Power+1","floor":54}],"player_experience":1043812,"relics_obtained":[{"floor":6,"key":"Mummified Hand"},{"floor":9,"key":"Torii"},{"floor":14,"key":"Odd Mushroom"},{"floor":24,"key":"Sundial"},{"floor":26,"key":"Shuriken"},{"floor":31,"key":"Mercury Hourglass"},{"floor":39,"key":"Turnip"},{"floor":41,"key":"Happy Flower"},{"floor":54,"key":"Oddly Smooth Stone"}],"event_choices":[{"damage_healed":0,"gold_gain":0,"player_choice":"Box","damage_taken":0,"relics_obtained":["Dead Branch"],"max_hp_gain":0,"max_hp_loss":0,"event_name":"Big Fish","floor":5,"gold_loss":0,"cards_obtained":["Regret"]},{"damage_healed":0,"gold_gain":0,"player_choice":"Fought Mushrooms","damage_taken":0,"max_hp_gain":0,"max_hp_loss":0,"event_name":"Mushrooms","floor":14,"gold_loss":0},{"damage_healed":0,"gold_gain":0,"cards_transformed":["Strike_B","Strike_B"],"player_choice":"Became Test Subject","damage_taken":0,"max_hp_gain":0,"max_hp_loss":0,"event_name":"Drug Dealer","floor":20,"gold_loss":0,"cards_obtained":["Beam Cell","Chaos"]},{"damage_healed":0,"gold_gain":0,"player_choice":"Read","damage_taken":0,"max_hp_gain":0,"max_hp_loss":0,"event_name":"The Library","floor":30,"gold_loss":0,"cards_obtained":["Loop"]},{"damage_healed":0,"gold_gain":0,"player_choice":"Fight","damage_taken":0,"max_hp_gain":0,"max_hp_loss":0,"event_name":"MindBloom","floor":39,"gold_loss":0},{"cards_removed":["Steam"],"damage_healed":0,"gold_gain":0,"player_choice":"Upgrade and Remove","damage_taken":0,"max_hp_gain":0,"max_hp_loss":0,"event_name":"Designer","floor":44,"gold_loss":90,"cards_upgraded":["Defend_B"]}],"is_beta":false,"boss_relics":[{"not_picked":["Eternal Feather","Tiny House"],"picked":"Busted Crown"},{"not_picked":["Cursed Key","Astrolabe"],"picked":"Snecko Eye"}],"items_purged_floors":[8,27,36,53],"is_endless":false,"potions_floor_spawned":[1,14,16,18,24,31,39,45],"ascension_level":0}