{"gold_per_floor":[118,118,129,54,54,54,68,68,91,120,44,68,68,99,99,178,178,192,66,86,102,102,102,74,108,131,131,142,152,170,2,2,2],"floor_reached":33,"playtime":1556,"items_purged":["Strike_G"],"score":566,"play_id":"85ba32a4-34cd-4431-a9af-190247ad9d96","local_time":"20190822150934","is_ascension_mode":true,"campfire_choices":[{"data":"Deadly Poison","floor":6,"key":"SMITH"},{"data":"Endless Agony","floor":8,"key":"SMITH"},{"data":"Noxious Fumes","floor":13,"key":"SMITH"},{"data":"Well Laid Plans","floor":15,"key":"SMITH"},{"data":"Backstab","floor":23,"key":"SMITH"},{"data":"Noxious Fumes","floor":27,"key":"SMITH"},{"data":"Flying Knee","floor":32,"key":"SMITH"}],"neow_cost":"NONE","seed_source_timestamp":19968517570285,"circlet_count":0,"master_deck":["AscendersBane","Strike_G","Strike_G+1","Strike_G+1","Defend_G","Defend_G","Defend_G","Defend_G","Defend_G","Survivor","Neutralize+1","Flying Knee+1","Deadly Poison+1","Endless Agony+1","Backstab+1","Noxious Fumes+1","Well Laid Plans+1","Malaise+1","Dagger Spray+1","Prepared+1","Deadly Poison+1","Noxious Fumes+1","Corpse Explosion+1","Outmaneuver+1"],"relics":["Ring of the Snake","Whetstone","Bag of Marbles","Regal Pillow","Toxic Egg 2","Coffee Dripper","Tiny Chest","Ancient Tea Set","Blood Vial","Happy Flower"],"potions_floor_usage":[18,18,21,25,25,25,33],"damage_taken":[{"damage":0,"enemies":"Small Slimes","floor":1,"turns":5},{"damage":3,"enemies":"Jaw Worm","floor":3,"turns":5},{"damage":2,"enemies":"2 Louse","floor":7,"turns":3},{"damage":21,"enemies":"Lagavulin","floor":10,"turns":8},{"damage":0,"enemies":"Gremlin Nob","floor":14,"turns":2},{"damage":14,"enemies":"The Guardian","floor":16,"turns":10},{"damage":5,"enemies":"Shell Parasite","floor":18,"turns":4},{"damage":9,"enemies":"Spheric Guardian","floor":20,"turns":6},{"damage":2,"enemies":"Chosen and Byrds","floor":21,"turns":5},{"damage":27,"enemies":"Gremlin Leader","floor":25,"turns":6},{"damage":0,"enemies":"Centurion and Healer","floor":28,"turns":5},{"damage":12,"enemies":"Snake Plant","floor":29,"turns":3},{"damage":1,"enemies":"Snecko","floor":30,"turns":6},{"damage":6,"enemies":"Automaton","floor":33,"turns":2}],"seed_played":"-7433413247753122568","potions_obtained":[{"floor":10,"key":"Swift Potion"},{"floor":14,"key":"Block Potion"},{"floor":18,"key":"AttackPotion"},{"floor":20,"key":"EntropicBrew"},{"floor":25,"key":"SteroidPotion"},{"floor":28,"key":"Explosive Potion"}],"is_trial":false,"path_per_floor":["M","?","M","?","$","R","M","R","T","E","$","T","R","E","R","B",null,"M","$","M","M","?","R","?","E","T","R","M","M","M","$","R","B"],"character_chosen":"THE_SILENT","items_purchased":["Noxious Fumes","Prepared+1","Happy Flower"],"campfire_rested":0,"item_purchase_floors":[11,19,31],"current_hp_per_floor":[59,59,56,56,56,56,54,54,54,33,33,33,33,33,33,19,54,49,49,40,38,38,38,38,11,11,11,13,3,4,4,4,0],"gold":2,"neow_bonus":"UPGRADE_CARD","is_prod":false,"is_daily":false,"chose_seed":false,"campfire_upgraded":7,"win_rate":0,"timestamp":1566479374,"path_taken":["M","?","M","?","$","R","M","R","T","E","$","?","R","E","R","BOSS","M","$","M","M","?","R","?","E","T","R","?","?","M","?","R","BOSS"],"build_version":"2019-07-17","purchased_purges":1,"victory":false,"max_hp_per_floor":[66,66,66,66,66,66,66,66,66,66,66,66,66,66,66,66,66,66,66,66,66,66,66,66,66,66,66,66,66,66,66,66,66],"card_choices":[{"not_picked":["Concentrate","Masterful Stab"],"picked":"Flying Knee","floor":1},{"not_picked":["Eviscerate","Endless Agony"],"picked":"Deadly Poison","floor":3},{"not_picked":["Prepared","Flying Knee"],"picked":"Endless Agony","floor":7},{"not_picked":["Accuracy","Escape Plan"],"picked":"Backstab","floor":10},{"not_picked":["Flechettes","Terror"],"picked":"Well Laid Plans","floor":14},{"not_picked":["Venomology+1","Wraith Form v2"],"picked":"Malaise+1","floor":16},{"not_picked":["Well Laid Plans","Reflex+1"],"picked":"Dagger Spray+1","floor":18},{"not_picked":["Endless Agony","Eviscerate","Bane"],"picked":"SKIP","floor":20},{"not_picked":["Masterful Stab","Flying Knee"],"picked":"Deadly Poison+1","floor":21},{"not_picked":["Blade Dance+1","Noxious Fumes","Infinite Blades"],"picked":"SKIP","floor":25},{"not_picked":["Blade Dance+1","Infinite Blades"],"picked":"Noxious Fumes","floor":25},{"not_picked":["Blade Dance+1","Backflip+1"],"picked":"Corpse Explosion+1","floor":28},{"not_picked":["Noxious Fumes","Well Laid Plans","Tactician+1"],"picked":"SKIP","floor":29},{"not_picked":["Bane","Dagger Spray+1"],"picked":"Outmaneuver+1","floor":30}],"player_experience":1007255,"relics_obtained":[{"floor":9,"key":"Whetstone"},{"floor":10,"key":"Bag of Marbles"},{"floor":12,"key":"Regal Pillow"},{"floor":14,"key":"Toxic Egg 2"},{"floor":25,"key":"Ancient Tea Set"},{"floor":26,"key":"Blood Vial"}],"event_choices":[{"damage_healed":0,"gold_gain":0,"player_choice":"Ignored","damage_taken":0,"max_hp_gain":0,"max_hp_loss":0,"event_name":"Liars Game","floor":2,"gold_loss":0},{"cards_removed":["Strike_G"],"damage_healed":0,"gold_gain":0,"player_choice":"Card Removal","damage_taken":0,"max_hp_gain":0,"max_hp_loss":0,"event_name":"The Cleric","floor":4,"gold_loss":75},{"damage_healed":0,"gold_gain":0,"player_choice":"Ignored","damage_taken":0,"max_hp_gain":0,"max_hp_loss":0,"event_name":"Cursed Tome","floor":22,"gold_loss":0},{"damage_healed":0,"gold_gain":0,"player_choice":"Paid Gold","damage_taken":0,"relics_obtained":["Tiny Chest"],"max_hp_gain":0,"max_hp_loss":0,"event_name":"WeMeetAgain","floor":24,"gold_loss":58}],"is_beta":false,"boss_relics":[{"not_picked":["WristBlade","Tiny House"],"picked":"Coffee Dripper"}],"items_purged_floors":[19],"is_endless":false,"potions_floor_spawned":[10,14,16,18,20,25,28],"killed_by":"Automaton","ascension_level":18}