{"gold_per_floor":[114,39,39,39,39,39,49,49,49,49,75,75,175,192,192,288,288,301,301,201,216,228,228,103,103,103,114,130,130,55,55,55,159,159,178,190,238,238,250,250,262,262,262,262,274,274,289,307,307,307],"floor_reached":50,"playtime":4141,"items_purged":["Strike_B","Compile Driver","Rip and Tear"],"score":465,"play_id":"61fbdbd4-960b-43ce-b16b-0a11c30bddb1","local_time":"20180623231605","is_ascension_mode":false,"campfire_choices":[{"data":"Zap","floor":6,"key":"SMITH"},{"data":"White Noise","floor":8,"key":"SMITH"},{"data":"Dualcast","floor":10,"key":"SMITH"},{"floor":12,"key":"REST"},{"data":"Capacitor","floor":15,"key":"SMITH"},{"data":"Buffer","floor":23,"key":"SMITH"},{"data":"Gash","floor":25,"key":"SMITH"},{"data":"Barrage","floor":29,"key":"SMITH"},{"data":"Rebound","floor":32,"key":"SMITH"},{"data":"Seek","floor":40,"key":"SMITH"},{"floor":42,"key":"REST"},{"floor":44,"key":"REST"},{"floor":49,"key":"REST"}],"neow_cost":"NONE","seed_source_timestamp":33052165398911,"circlet_count":0,"master_deck":["Zap+1","Dualcast+1","Fusion+1","White Noise+1","Capacitor+1","Buffer+1","Sweeping Beam","Barrage+1","Gash+1","Reinforced Body","Capacitor+1","Rebound+1","Seek+1","Lockon+1","Self Repair","Storm+1","Streamline+1","Madness","Madness"],"relics":["Cracked Core","Pear","Happy Flower","Pandora\u0027s Box","Calipers","Nuclear Battery","Du-Vu Doll","Shuriken"],"potions_floor_usage":[22,27,33,45,45,48,50],"damage_taken":[{"damage":5,"enemies":"Jaw Worm","floor":1,"turns":6},{"damage":0,"enemies":"Cultist","floor":7,"turns":4},{"damage":66,"enemies":"Gremlin Nob","floor":11,"turns":5},{"damage":0,"enemies":"Small Slimes","floor":14,"turns":4},{"damage":33,"enemies":"Slime Boss","floor":16,"turns":8},{"damage":12,"enemies":"2 Thieves","floor":18,"turns":4},{"damage":0,"enemies":"Spheric Guardian","floor":21,"turns":3},{"damage":15,"enemies":"Snecko","floor":22,"turns":5},{"damage":0,"enemies":"Cultist and Chosen","floor":27,"turns":5},{"damage":12,"enemies":"Centurion and Healer","floor":28,"turns":8},{"damage":50,"enemies":"Automaton","floor":33,"turns":7},{"damage":9,"enemies":"3 Shapes","floor":35,"turns":3},{"damage":21,"enemies":"Orb Walker","floor":36,"turns":5},{"damage":29,"floor":37,"turns":6},{"damage":5,"enemies":"Maw","floor":39,"turns":6},{"damage":9,"enemies":"4 Shapes","floor":41,"turns":6},{"damage":48,"enemies":"3 Darklings","floor":45,"turns":4},{"damage":8,"enemies":"Maw","floor":47,"turns":5},{"damage":7,"enemies":"4 Shapes","floor":48,"turns":4},{"damage":70,"enemies":"Time Eater","floor":50,"turns":7}],"seed_played":"5551268646892853006","potions_obtained":[{"floor":1,"key":"SteroidPotion"},{"floor":16,"key":"Ancient Potion"},{"floor":18,"key":"Regen Potion"},{"floor":27,"key":"Ancient Potion"},{"floor":36,"key":"EssenceOfSteel"},{"floor":37,"key":"GamblersBrew"},{"floor":39,"key":"GamblersBrew"},{"floor":45,"key":"Explosive Potion"}],"is_trial":false,"path_per_floor":["M","$","?","?","?","R","M","R","T","R","E","R","?","M","R","B",null,"M","?","$","M","M","R","$","R","T","M","M","R","?","?","R","B",null,"M","M","?","?","M","R","M","R","T","R","M","?","M","M","R"],"character_chosen":"DEFECT","items_purchased":[],"campfire_rested":4,"item_purchase_floors":[],"current_hp_per_floor":[70,70,70,75,75,75,75,75,85,85,19,46,46,46,46,13,90,78,78,78,78,75,75,75,75,75,75,63,63,63,63,63,13,90,81,60,31,31,33,33,31,58,58,85,44,33,32,25,52,0],"gold":307,"neow_bonus":"TRANSFORM_CARD","is_prod":false,"is_daily":false,"chose_seed":false,"campfire_upgraded":9,"win_rate":0,"timestamp":1529788565,"path_taken":["M","$","?","?","?","R","?","R","T","R","E","R","?","?","R","BOSS","M","?","$","M","M","R","$","R","T","M","M","R","?","?","R","BOSS","M","M","?","?","M","R","M","R","T","R","M","?","M","M","R","BOSS"],"build_version":"2018-06-21v2","purchased_purges":3,"victory":false,"max_hp_per_floor":[75,75,75,80,80,80,80,80,90,90,90,90,90,90,90,90,90,90,90,90,90,90,90,90,90,90,90,90,90,90,90,90,90,90,90,90,90,90,90,90,90,90,90,90,90,90,90,90,90,90],"card_choices":[{"not_picked":["Static Discharge","Streamline","Coolheaded"],"picked":"SKIP","floor":1},{"not_picked":["Leap","Fusion"],"picked":"White Noise","floor":7},{"not_picked":["Turbo","Rebound","Compile Driver"],"picked":"SKIP","floor":11},{"not_picked":["Barrage","Stack"],"picked":"Capacitor","floor":14},{"not_picked":["Thunder Strike","Rainbow"],"picked":"Buffer","floor":16},{"not_picked":["White Noise","Steam","Leap"],"picked":"SKIP","floor":18},{"not_picked":["Coolheaded","Streamline+1"],"picked":"Capacitor+1","floor":21},{"not_picked":["Sweeping Beam+1","Steam","Glacier"],"picked":"SKIP","floor":22},{"not_picked":["Heatsinks","Conserve Battery"],"picked":"Rebound","floor":27},{"not_picked":["Blizzard","Reprogram+1"],"picked":"Leap","floor":28},{"not_picked":["Amplify","Hyperbeam"],"picked":"Seek","floor":33},{"not_picked":["Self Repair","Auto Shields+1"],"picked":"Lockon+1","floor":35},{"not_picked":["Scrape+1","Heatsinks+1","Sunder+1"],"picked":"SKIP","floor":36},{"not_picked":["Genetic Algorithm+1","Stack"],"picked":"Self Repair","floor":37},{"not_picked":["Capacitor+1","Turbo+1"],"picked":"Storm+1","floor":39},{"not_picked":["Beam Cell+1","Ball Lightning+1","Sweeping Beam+1"],"picked":"SKIP","floor":41},{"not_picked":["Stack+1","Melter+1"],"picked":"Streamline+1","floor":45},{"not_picked":["Cold Snap+1","Compile Driver+1","Creative AI"],"picked":"SKIP","floor":47},{"not_picked":["Static Discharge+1","Rebound","Glacier"],"picked":"SKIP","floor":48}],"player_experience":250916,"relics_obtained":[{"floor":9,"key":"Pear"},{"floor":11,"key":"Happy Flower"},{"floor":26,"key":"Calipers"},{"floor":37,"key":"Du-Vu Doll"},{"floor":43,"key":"Shuriken"}],"event_choices":[{"event_name":"Upgrade Shrine","player_choice":"Upgraded","floor":3,"damage_taken":0},{"event_name":"Big Fish","player_choice":"Donut","floor":4,"damage_taken":0},{"event_name":"The Cleric","player_choice":"Leave","floor":5,"damage_taken":0},{"event_name":"Golden Shrine","player_choice":"Pray","floor":13,"damage_taken":0},{"event_name":"Vampires","player_choice":"Ignored","floor":19,"damage_taken":0},{"event_name":"Beggar","player_choice":"Gave Gold","floor":30,"damage_taken":0},{"event_name":"Ghosts","player_choice":"Ignored","floor":31,"damage_taken":0},{"event_name":"Mysterious Sphere","player_choice":"Fight","floor":37,"damage_taken":0},{"event_name":"Tomb of Lord Red Mask","player_choice":"Ignored","floor":38,"damage_taken":0},{"event_name":"Winding Halls","player_choice":"Embrace Madness","floor":46,"damage_taken":0}],"boss_relics":[{"not_picked":["Runic Dome","Black Star"],"picked":"Pandora\u0027s Box"},{"not_picked":["Runic Pyramid","Tiny House"],"picked":"Nuclear Battery"}],"items_purged_floors":[2,20,24],"is_endless":false,"potions_floor_spawned":[1,16,18,27,36,37,39,45],"killed_by":"Time Eater","ascension_level":0}