{"gold_per_floor":[109,184,184,200,214,214,247,247,271,289,342,392,410,425,425,425],"floor_reached":16,"playtime":599,"items_purged":[],"score":204,"play_id":"62fe168a-b41b-4db0-8d41-f148e1631150","local_time":"20190429143813","is_ascension_mode":true,"campfire_choices":[{"data":"Flying Knee","floor":6,"key":"SMITH"},{"data":"Neutralize","floor":8,"key":"SMITH"},{"data":"Doppelganger","floor":15,"key":"SMITH"}],"neow_cost":"NONE","seed_source_timestamp":545462710919600,"circlet_count":0,"master_deck":["AscendersBane","Defend_G","Defend_G","Defend_G","Defend_G","Defend_G","Strike_G","Strike_G","Strike_G","Strike_G","Strike_G","Survivor","Neutralize+1","Flying Knee+1","PiercingWail","Bouncing Flask","Dagger Spray","Doppelganger+1"],"relics":["hubris:GrandSneckoEye","Darkstone Periapt","Potion Belt"],"potions_floor_usage":[7,14],"damage_taken":[{"damage":4,"enemies":"Small Slimes","floor":1,"turns":3},{"damage":9,"enemies":"2 Louse","floor":4,"turns":2},{"damage":0,"enemies":"Cultist","floor":5,"turns":3},{"damage":9,"enemies":"Gremlin Nob","floor":7,"turns":4},{"damage":4,"enemies":"Large Slime","floor":10,"turns":7},{"damage":0,"enemies":"3 Louse","floor":13,"turns":3},{"damage":10,"enemies":"Red Slaver","floor":14,"turns":2},{"damage":36,"enemies":"The Guardian","floor":16,"turns":2}],"seed_played":"1497049836381454169","potions_obtained":[{"floor":3,"key":"SkillPotion"},{"floor":3,"key":"FearPotion"},{"floor":4,"key":"PowerPotion"},{"floor":5,"key":"GhostInAJar"},{"floor":13,"key":"Regen Potion"}],"is_trial":false,"path_per_floor":["M","?","?","M","M","R","E","R","T","M","?","?","M","M","R","B"],"character_chosen":"THE_SILENT","items_purchased":[],"campfire_rested":0,"item_purchase_floors":[],"current_hp_per_floor":[55,44,44,35,35,35,26,26,26,22,22,16,16,11,11,0],"gold":425,"neow_bonus":"BOSS_RELIC","is_prod":false,"is_daily":false,"chose_seed":false,"campfire_upgraded":3,"win_rate":0,"timestamp":1556537893,"path_taken":["M","?","?","M","?","R","E","R","T","M","?","?","?","M","R","BOSS"],"build_version":"2019-01-23","purchased_purges":0,"victory":false,"max_hp_per_floor":[66,66,66,66,66,66,66,66,66,66,66,66,66,66,66,66],"card_choices":[{"not_picked":["Underhanded Strike","Slice","hubris:Sniper"],"picked":"SKIP","floor":1},{"not_picked":["Endless Agony","Dagger Throw","Infinite Blades"],"picked":"SKIP","floor":4},{"not_picked":["Dagger Throw","Bane"],"picked":"Flying Knee","floor":5},{"not_picked":["Distraction","hubris:TrickCloak"],"picked":"PiercingWail","floor":7},{"not_picked":["PiercingWail","Deadly Poison"],"picked":"Bouncing Flask","floor":10},{"not_picked":["Deflect","Quick Slash"],"picked":"Dagger Spray","floor":13},{"not_picked":["Deflect","Endless Agony"],"picked":"Doppelganger","floor":14}],"player_experience":1250420,"relics_obtained":[{"floor":7,"key":"Darkstone Periapt"},{"floor":9,"key":"Potion Belt"}],"event_choices":[{"damage_healed":0,"gold_gain":75,"player_choice":"Gather Gold","damage_taken":11,"max_hp_gain":0,"max_hp_loss":0,"event_name":"World of Goop","floor":2,"gold_loss":0},{"damage_healed":0,"gold_gain":0,"player_choice":"Got Potions","damage_taken":0,"max_hp_gain":0,"max_hp_loss":0,"event_name":"Lab","floor":3,"gold_loss":0},{"damage_healed":0,"gold_gain":53,"player_choice":"Gained Gold","damage_taken":0,"max_hp_gain":0,"max_hp_loss":0,"event_name":"Golden Wing","floor":11,"gold_loss":0},{"damage_healed":0,"gold_gain":50,"player_choice":"Touch","damage_taken":6,"max_hp_gain":0,"max_hp_loss":0,"event_name":"FaceTrader","floor":12,"gold_loss":0}],"is_beta":false,"boss_relics":[],"items_purged_floors":[],"is_endless":false,"potions_floor_spawned":[4,5,13],"killed_by":"The Guardian","ascension_level":20}