{"gold_per_floor":[10,22,22,22,36,36,61,61,61,77,77,106,106,31,31,105,105,118,118,118,136,155,155,171,199,199,199,199,199,199,224,224,301,301,319,127,127,137,153,153,188,188,188,188,215,215,247,247,247,247],"floor_reached":50,"playtime":2061,"items_purged":["Strike_R"],"score":1269,"play_id":"0223dabd-411d-4f98-a248-63b0a1c10dbf","local_time":"20190407104903","is_ascension_mode":true,"campfire_choices":[{"data":"Fiend Fire","floor":6,"key":"SMITH"},{"data":"Immolate","floor":8,"key":"SMITH"},{"data":"Uppercut","floor":11,"key":"SMITH"},{"data":"Immolate","floor":15,"key":"SMITH"},{"data":"Havoc","floor":23,"key":"SMITH"},{"data":"Demon Form","floor":27,"key":"SMITH"},{"data":"True Grit","floor":29,"key":"SMITH"},{"data":"Feel No Pain","floor":32,"key":"SMITH"},{"data":"Dark Embrace","floor":44,"key":"SMITH"},{"floor":46,"key":"RECALL"},{"data":"Feel No Pain","floor":49,"key":"SMITH"}],"neow_cost":"NO_GOLD","seed_source_timestamp":1727492782616300,"circlet_count":0,"master_deck":["AscendersBane","Strike_R+1","Strike_R","Strike_R","Strike_R","Defend_R","Defend_R","Defend_R","Defend_R+1","Bash+1","Fiend Fire+1","Pommel Strike","Headbutt","True Grit+1","Immolate+1","Uppercut+1","Immolate+1","Demon Form+1","Havoc+1","Necronomicurse","Disarm+1","True Grit","Feel No Pain+1","Shame","Dark Embrace+1","Shrug It Off","Shrug It Off","Feel No Pain+1","Shame","Reaper","Doubt"],"special_seed":0,"relics":["Burning Blood","Meat on the Bone","Calipers","Ornamental Fan","White Beast Statue","Necronomicon","Girya","Darkstone Periapt","Bronze Scales","Singing Bowl","Cursed Key","Happy Flower","Ice Cream","Gremlin Horn","Juzu Bracelet","Vajra"],"potions_floor_usage":[22,25,31,31],"damage_taken":[{"damage":2,"enemies":"Jaw Worm","floor":1,"turns":3},{"damage":5,"enemies":"Small Slimes","floor":2,"turns":3},{"damage":0,"enemies":"2 Louse","floor":5,"turns":2},{"damage":34,"enemies":"3 Sentries","floor":7,"turns":9},{"damage":3,"enemies":"Looter","floor":10,"turns":2},{"damage":15,"enemies":"Lagavulin","floor":12,"turns":5},{"damage":16,"enemies":"Slime Boss","floor":16,"turns":7},{"damage":34,"enemies":"Shell Parasite","floor":18,"turns":4},{"damage":0,"enemies":"Spheric Guardian","floor":21,"turns":1},{"damage":7,"enemies":"Shelled Parasite and Fungi","floor":22,"turns":2},{"damage":0,"enemies":"Snecko","floor":24,"turns":2},{"damage":40,"enemies":"Gremlin Leader","floor":25,"turns":4},{"damage":3,"enemies":"Book of Stabbing","floor":31,"turns":3},{"damage":26,"enemies":"Automaton","floor":33,"turns":5},{"damage":10,"enemies":"3 Darklings","floor":35,"turns":3},{"damage":8,"enemies":"Orb Walker","floor":38,"turns":2},{"damage":13,"enemies":"Maw","floor":39,"turns":6},{"damage":51,"enemies":"Reptomancer","floor":41,"turns":6},{"damage":26,"enemies":"Giant Head","floor":45,"turns":6},{"damage":43,"enemies":"Reptomancer","floor":47,"turns":4},{"damage":100,"enemies":"Awakened One","floor":50,"turns":9}],"seed_played":"-1375638988900134392","potions_obtained":[{"floor":1,"key":"SpeedPotion"},{"floor":18,"key":"Block Potion"},{"floor":21,"key":"Block Potion"},{"floor":22,"key":"SkillPotion"},{"floor":24,"key":"FearPotion"},{"floor":25,"key":"GamblersBrew"},{"floor":31,"key":"PowerPotion"},{"floor":33,"key":"SpeedPotion"},{"floor":35,"key":"GamblersBrew"},{"floor":38,"key":"LiquidBronze"},{"floor":39,"key":"LiquidBronze"}],"is_trial":false,"path_per_floor":["M","M","?","?","M","R","E","R","T","M","R","E","T","$","R","B",null,"M","?","?","M","M","R","M","E","T","R","?","R","?","E","R","B",null,"M","$","?","M","M","$","E","$","T","R","E","R","E","?","R","B"],"character_chosen":"IRONCLAD","items_purchased":["Happy Flower","Shrug It Off"],"campfire_rested":0,"item_purchase_floors":[36,36],"current_hp_per_floor":[72,73,50,50,56,56,28,28,28,43,43,46,46,46,46,48,68,52,31,31,49,48,48,54,32,32,32,32,32,38,55,55,47,74,72,72,72,70,65,65,32,32,38,38,30,30,54,97,97,0],"gold":247,"neow_bonus":"THREE_RARE_CARDS","is_prod":false,"is_daily":false,"chose_seed":false,"campfire_upgraded":10,"win_rate":0,"timestamp":1554623343,"path_taken":["M","M","?","?","M","R","E","R","T","M","R","E","?","$","R","BOSS","M","?","?","M","?","R","M","E","T","R","?","R","?","E","R","BOSS","M","$","?","M","M","$","E","$","T","R","E","R","E","?","R","BOSS"],"build_version":"2019-01-23","purchased_purges":1,"victory":false,"max_hp_per_floor":[75,75,75,75,75,75,75,75,75,75,75,75,75,75,75,75,75,75,75,75,75,75,75,75,75,75,75,75,75,81,83,83,83,83,85,85,81,81,83,83,83,83,89,89,89,89,91,97,97,97],"card_choices":[{"not_picked":["Double Tap","Limit Break"],"picked":"Fiend Fire","floor":0.0},{"not_picked":["Sever Soul","Heavy Blade"],"picked":"Pommel Strike","floor":1},{"not_picked":["Reckless Charge","Cleave"],"picked":"Headbutt","floor":2},{"not_picked":["Sentinel","Cleave"],"picked":"True Grit","floor":5},{"not_picked":["Clothesline","Cleave"],"picked":"Immolate","floor":7},{"not_picked":["Whirlwind","Armaments"],"picked":"Uppercut","floor":10},{"not_picked":["Burning Pact","Berserk"],"picked":"Immolate","floor":12},{"not_picked":["Brutality","Bludgeon"],"picked":"Demon Form","floor":16},{"not_picked":["Combust","Clothesline"],"picked":"Havoc","floor":18},{"not_picked":["Headbutt","Pummel+1","Body Slam"],"picked":"SKIP","floor":21},{"not_picked":["Headbutt","Pummel+1","Body Slam"],"picked":"SKIP","floor":21},{"not_picked":["Headbutt","Blood for Blood","Perfected Strike"],"picked":"SKIP","floor":22},{"not_picked":["Anger","Armaments"],"picked":"Disarm+1","floor":24},{"not_picked":["Headbutt","Dual Wield"],"picked":"True Grit","floor":25},{"not_picked":["Warcry","Flame Barrier","Heavy Blade"],"picked":"Singing Bowl","floor":31},{"not_picked":["Immolate","Berserk"],"picked":"Dark Embrace","floor":33},{"not_picked":["Perfected Strike","Combust","Clash+1"],"picked":"Singing Bowl","floor":35},{"not_picked":["Searing Blow","Pommel Strike"],"picked":"Shrug It Off","floor":38},{"not_picked":["Flex","Clash","Warcry"],"picked":"Singing Bowl","floor":39},{"not_picked":["Ghostly Armor","Rupture"],"picked":"Feel No Pain","floor":41},{"not_picked":["Clash","Intimidate+1"],"picked":"Reaper","floor":45},{"not_picked":["Wild Strike+1","Pommel Strike","Perfected Strike"],"picked":"Singing Bowl","floor":47}],"player_experience":1123386,"relics_obtained":[{"floor":7,"key":"Meat on the Bone"},{"floor":9,"key":"Calipers"},{"floor":12,"key":"Ornamental Fan"},{"floor":19,"key":"Necronomicon"},{"floor":25,"key":"Girya"},{"floor":26,"key":"Darkstone Periapt"},{"floor":31,"key":"Singing Bowl"},{"floor":41,"key":"Ice Cream"},{"floor":43,"key":"Gremlin Horn"},{"floor":45,"key":"Juzu Bracelet"},{"floor":47,"key":"Vajra"}],"event_choices":[{"damage_healed":0,"gold_gain":0,"player_choice":"Entered Light","damage_taken":23,"max_hp_gain":0,"max_hp_loss":0,"event_name":"Shining Light","floor":3,"gold_loss":0,"cards_upgraded":["Defend_R","Strike_R"]},{"damage_healed":0,"gold_gain":0,"player_choice":"Grow","damage_taken":0,"max_hp_gain":0,"max_hp_loss":0,"event_name":"Living Wall","floor":4,"gold_loss":0,"cards_upgraded":["Bash"]},{"damage_healed":0,"gold_gain":0,"player_choice":"Obtained Book","damage_taken":21,"max_hp_gain":0,"max_hp_loss":0,"event_name":"Cursed Tome","floor":19,"gold_loss":0},{"damage_healed":0,"gold_gain":0,"player_choice":"Ignored","damage_taken":0,"max_hp_gain":0,"max_hp_loss":0,"event_name":"Vampires","floor":20,"gold_loss":0},{"damage_healed":0,"gold_gain":0,"player_choice":"Read","damage_taken":0,"max_hp_gain":0,"max_hp_loss":0,"event_name":"The Library","floor":28,"gold_loss":0,"cards_obtained":["Feel No Pain"]},{"damage_healed":0,"gold_gain":0,"player_choice":"Stole Relic","damage_taken":0,"relics_obtained":["Bronze Scales"],"max_hp_gain":0,"max_hp_loss":0,"event_name":"Addict","floor":30,"gold_loss":0,"cards_obtained":["Shame"]},{"damage_healed":0,"gold_gain":0,"player_choice":"Max HP","damage_taken":0,"max_hp_gain":0,"max_hp_loss":4,"event_name":"Winding Halls","floor":37,"gold_loss":0},{"damage_healed":37,"gold_gain":0,"player_choice":"Heal","damage_taken":0,"max_hp_gain":0,"max_hp_loss":0,"event_name":"MindBloom","floor":48,"gold_loss":0,"cards_obtained":["Doubt"]}],"is_beta":false,"boss_relics":[{"not_picked":["Lizard Tail","Calling Bell"],"picked":"White Beast Statue"},{"not_picked":["Eternal Feather","Coffee Dripper"],"picked":"Cursed Key"}],"items_purged_floors":[14],"is_endless":false,"potions_floor_spawned":[1,18,21,22,24,25,31,33,35,38,39,41,45,47],"killed_by":"Awakened One","ascension_level":20}