{"gold_per_floor":[119,119,44,44,44,44,59,59,59,59,78,91,91,91,91,188,188,199,199,51,70,80,80,93,40,40,55,55,65,65,65,65,163,163,174,190,65,65,65,65,98,109,179,210,38,55,55,75,75,75],"floor_reached":51,"playtime":2858,"items_purged":["Strike_B","Defend_B","Defend_B","Writhe"],"score":745,"play_id":"3398c265-d431-4ea1-87e8-e2d41cc57b67","local_time":"20180624000444","is_ascension_mode":false,"campfire_choices":[{"data":"Zap","floor":6,"key":"SMITH"},{"data":"Dualcast","floor":8,"key":"SMITH"},{"data":"Gash","floor":10,"key":"SMITH"},{"data":"Redo","floor":13,"key":"SMITH"},{"floor":15,"key":"REST"},{"data":"Redo","floor":23,"key":"SMITH"},{"data":"Machine Learning","floor":30,"key":"SMITH"},{"floor":32,"key":"REST"},{"data":"Zap","floor":40,"key":"SMITH"},{"floor":47,"key":"REST"},{"floor":49,"key":"REST"}],"neow_cost":"NONE","seed_source_timestamp":37254022857134,"circlet_count":0,"master_deck":["Strike_B+1","Defend_B","Defend_B","Zap+1","Dualcast+1","All For One","Gash+1","Redo+1","Redo+1","Machine Learning+1","Steam","Zap+1","Go for the Eyes","Hologram","Gash","Gash","Gash+1","Gash+1","Beam Cell"],"relics":["Cracked Core","Toolbox","Vajra","White Beast Statue","Unceasing Top","Runic Dome","Dream Catcher","Toxic Egg 2","Lantern"],"potions_floor_usage":[12,22,24,33,33,36,41,41,44],"damage_taken":[{"damage":6,"enemies":"2 Louse","floor":1,"turns":3},{"damage":1,"enemies":"Cultist","floor":7,"turns":3},{"damage":0,"enemies":"Small Slimes","floor":11,"turns":1},{"damage":5,"enemies":"Exordium Thugs","floor":12,"turns":2},{"damage":47,"enemies":"Hexaghost","floor":16,"turns":8},{"damage":5,"enemies":"Spheric Guardian","floor":18,"turns":3},{"damage":0,"enemies":"Chosen","floor":21,"turns":3},{"damage":18,"enemies":"Centurion and Healer","floor":22,"turns":4},{"damage":0,"enemies":"Chosen and Byrds","floor":24,"turns":4},{"damage":0,"enemies":"Cultist and Chosen","floor":27,"turns":4},{"damage":0,"enemies":"Sentry and Sphere","floor":29,"turns":2},{"damage":43,"enemies":"Collector","floor":33,"turns":7},{"damage":0,"enemies":"3 Shapes","floor":35,"turns":3},{"damage":8,"enemies":"Orb Walker","floor":36,"turns":2},{"damage":62,"enemies":"Nemesis","floor":41,"turns":5},{"damage":0,"enemies":"Maw","floor":42,"turns":4},{"damage":0,"enemies":"Giant Head","floor":44,"turns":4},{"damage":0,"enemies":"4 Shapes","floor":46,"turns":3},{"damage":0,"enemies":"Sphere and 2 Shapes","floor":48,"turns":2},{"damage":56,"enemies":"Time Eater","floor":50,"turns":4}],"seed_played":"2087490515283623898","potions_obtained":[{"floor":1,"key":"Dexterity Potion"},{"floor":2,"key":"Strength Potion"},{"floor":2,"key":"Energy Potion"},{"floor":2,"key":"SkillPotion"},{"floor":7,"key":"FocusPotion"},{"floor":16,"key":"Poison Potion"},{"floor":18,"key":"Energy Potion"},{"floor":22,"key":"SkillPotion"},{"floor":24,"key":"Block Potion"},{"floor":29,"key":"GamblersBrew"},{"floor":33,"key":"Dexterity Potion"},{"floor":35,"key":"Swift Potion"},{"floor":36,"key":"FocusPotion"},{"floor":41,"key":"Ancient Potion"},{"floor":42,"key":"SkillPotion"},{"floor":44,"key":"EssenceOfSteel"}],"is_trial":false,"path_per_floor":["M","?","$","?","?","R","M","R","T","R","M","M","R","?","R","B",null,"M","?","$","M","M","R","M","$","T","M","$","M","R","?","R","B",null,"M","M","$","?","?","R","E","M","T","E","$","M","R","M","R","B"],"character_chosen":"DEFECT","items_purchased":["Go for the Eyes","Gash","Beam Cell"],"campfire_rested":4,"item_purchase_floors":[20,25,45],"current_hp_per_floor":[69,69,69,54,54,54,53,53,53,53,53,48,48,30,52,5,75,70,70,70,70,52,52,52,52,52,52,52,52,52,52,74,31,75,75,67,67,67,75,75,13,13,13,13,13,13,35,35,57,1],"gold":75,"neow_bonus":"ONE_RANDOM_RARE_CARD","is_prod":false,"is_daily":false,"chose_seed":false,"campfire_upgraded":7,"win_rate":0,"timestamp":1529791484,"path_taken":["M","?","$","?","?","R","M","R","T","R","?","M","R","?","R","BOSS","M","?","$","M","M","R","M","$","T","M","?","M","R","?","R","BOSS","M","M","$","?","?","R","E","?","T","E","$","M","R","M","R","BOSS"],"build_version":"2018-06-21v2","purchased_purges":4,"victory":true,"max_hp_per_floor":[75,75,75,75,75,75,75,75,75,75,75,75,75,75,75,75,75,75,75,75,75,75,75,75,75,75,75,75,75,75,75,75,75,75,75,75,75,75,75,75,75,75,75,75,75,75,75,75,75,75],"card_choices":[{"not_picked":["Lockon","Turbo","Heatsinks"],"picked":"SKIP","floor":1},{"not_picked":["Recycle","Chaos"],"picked":"Gash","floor":7},{"not_picked":["Leap","Compile Driver"],"picked":"Redo","floor":11},{"not_picked":["Skim","Heatsinks"],"picked":"Redo","floor":12},{"not_picked":["Core Surge","Hyperbeam"],"picked":"Machine Learning","floor":16},{"not_picked":["Recycle","Doom and Gloom","Barrage+1"],"picked":"SKIP","floor":18},{"not_picked":["Undo","Storm+1","Melter"],"picked":"SKIP","floor":21},{"not_picked":["Redo","Go for the Eyes"],"picked":"Hologram","floor":22},{"not_picked":["Hologram+1","Streamline+1"],"picked":"Gash","floor":24},{"not_picked":["Coolheaded","Redo"],"picked":"Gash+1","floor":27},{"not_picked":["Aggregate","Streamline","Loop+1"],"picked":"SKIP","floor":29},{"not_picked":["Rip and Tear+1","Consume","Capacitor"],"picked":"SKIP","floor":35},{"not_picked":["Recycle","Barrage+1","Heatsinks"],"picked":"SKIP","floor":36},{"not_picked":["Sweeping Beam+1","Genetic Algorithm","Stack"],"picked":"SKIP","floor":41},{"not_picked":["Capacitor","Hologram+1","Static Discharge+1"],"picked":"SKIP","floor":42},{"not_picked":["Static Discharge","Reinforced Body+1"],"picked":"Gash+1","floor":44},{"not_picked":["Redo+1","Compile Driver","Melter+1"],"picked":"SKIP","floor":46},{"not_picked":["Sweeping Beam+1","Beam Cell+1","Leap+1"],"picked":"SKIP","floor":48}],"player_experience":255057,"relics_obtained":[{"floor":9,"key":"Toolbox"},{"floor":26,"key":"Unceasing Top"},{"floor":41,"key":"Dream Catcher"},{"floor":43,"key":"Toxic Egg 2"},{"floor":44,"key":"Lantern"}],"event_choices":[{"event_name":"The Lab","player_choice":"Got Potions","floor":2,"damage_taken":0},{"event_name":"Shining Light","player_choice":"Entered Light","floor":4,"damage_taken":0},{"event_name":"Living Wall","player_choice":"Forget","floor":5,"damage_taken":0},{"event_name":"Scrap Ooze","player_choice":"success","floor":14,"damage_taken":18},{"event_name":"Match and Keep!","player_choice":"2 cards matched","floor":19,"damage_taken":0},{"event_name":"Beggar","player_choice":"Ignored","floor":31,"damage_taken":0},{"event_name":"Bonfire Elementals","player_choice":"BASIC","floor":38,"damage_taken":0},{"event_name":"Winding Halls","player_choice":"Writhe","floor":39,"damage_taken":0}],"boss_relics":[{"not_picked":["Eternal Feather","Fusion Hammer"],"picked":"White Beast Statue"},{"not_picked":["Sozu","Cursed Key"],"picked":"Runic Dome"}],"items_purged_floors":[3,20,37,45],"is_endless":false,"potions_floor_spawned":[1,7,16,18,21,22,24,27,29,33,35,36,41,42,44,46,48],"ascension_level":0}