{"gold_per_floor":[115,131,131,141,141,168,186,111,138,138,38,38,38,54,54,149,149,161,260,278,203,203,234,234,252,278,278,307,307,317,333,333,434,434,454,106,106,125,25,25,1,21,46,59,72,82,82,99,99,99],"floor_reached":50,"playtime":2180,"items_purged":["Regret","Strike_R","Strike_R"],"score":489,"play_id":"d0e73b99-003e-4ab3-a891-3789f3ce384f","local_time":"20190419104408","is_ascension_mode":false,"campfire_choices":[{"data":"Iron Wave","floor":10,"key":"SMITH"},{"data":"True Grit","floor":12,"key":"SMITH"},{"data":"Headbutt","floor":15,"key":"SMITH"},{"data":"Body Slam","floor":24,"key":"SMITH"},{"data":"True Grit","floor":27,"key":"SMITH"},{"floor":29,"key":"REST"},{"floor":32,"key":"REST"},{"data":"Body Slam","floor":40,"key":"SMITH"},{"floor":47,"key":"REST"},{"floor":49,"key":"REST"}],"neow_cost":"NONE","seed_source_timestamp":962750613103200,"circlet_count":0,"master_deck":["Strike_R+1","Strike_R+1","Defend_R","Defend_R","Defend_R","Defend_R","Bash+1","True Grit+1","Headbutt+1","Shrug It Off","Shrug It Off","Iron Wave+1","Body Slam+1","True Grit+1","Iron Wave+1","Clumsy","Iron Wave+1","Body Slam+1","Body Slam+1","Parasite","Iron Wave","Thunderclap+1"],"relics":["Burning Blood","Omamori","Boot","Orichalcum","Mark of Pain","Strawberry","Happy Flower","Red Mask","Calling Bell","Art of War","Frozen Egg 2","StoneCalendar","Membership Card","Tiny Chest","DollysMirror","Dream Catcher"],"potions_floor_usage":[4,6,16,23,23,33,33,50,50,50],"damage_taken":[{"damage":2,"enemies":"2 Louse","floor":1,"turns":4},{"damage":0,"enemies":"Cultist","floor":2,"turns":3},{"damage":11,"enemies":"Jaw Worm","floor":4,"turns":5},{"damage":23,"enemies":"Gremlin Nob","floor":6,"turns":4},{"damage":2,"enemies":"Looter","floor":7,"turns":4},{"damage":0,"enemies":"2 Fungi Beasts","floor":14,"turns":4},{"damage":21,"enemies":"Hexaghost","floor":16,"turns":8},{"damage":14,"enemies":"2 Thieves","floor":18,"turns":5},{"damage":2,"enemies":"Chosen","floor":20,"turns":5},{"damage":9,"enemies":"Book of Stabbing","floor":23,"turns":5},{"damage":8,"enemies":"Centurion and Healer","floor":25,"turns":6},{"damage":61,"enemies":"Masked Bandits","floor":28,"turns":8},{"damage":7,"enemies":"Shelled Parasite and Fungi","floor":30,"turns":5},{"damage":17,"enemies":"3 Cultists","floor":31,"turns":6},{"damage":44,"enemies":"Collector","floor":33,"turns":19},{"damage":17,"enemies":"Orb Walker","floor":35,"turns":4},{"damage":17,"enemies":"3 Darklings","floor":38,"turns":7},{"damage":33,"enemies":"Spire Growth","floor":42,"turns":5},{"damage":4,"enemies":"Writhing Mass","floor":44,"turns":8},{"damage":0,"enemies":"4 Shapes","floor":45,"turns":7},{"damage":17,"enemies":"Jaw Worm Horde","floor":46,"turns":6},{"damage":20,"enemies":"Sphere and 2 Shapes","floor":48,"turns":7},{"damage":87,"enemies":"Donu and Deca","floor":50,"turns":7}],"seed_played":"-4274304950516343383","potions_obtained":[{"floor":2,"key":"Strength Potion"},{"floor":3,"key":"SkillPotion"},{"floor":3,"key":"Weak Potion"},{"floor":4,"key":"Dexterity Potion"},{"floor":6,"key":"PowerPotion"},{"floor":18,"key":"EssenceOfSteel"},{"floor":28,"key":"Strength Potion"},{"floor":33,"key":"Strength Potion"},{"floor":35,"key":"Strength Potion"}],"is_trial":false,"path_per_floor":["M","M","?","M","?","E","M","$","T","R","$","R","?","M","R","B",null,"M","?","M","?","?","E","R","M","T","R","?","R","M","M","R","B",null,"M","$","?","M","$","R","$","M","T","M","M","M","R","M","R","B"],"character_chosen":"IRONCLAD","items_purchased":["Membership Card","Tiny Chest","Body Slam","PowerPotion","DollysMirror","SpeedPotion"],"campfire_rested":4,"item_purchase_floors":[36,36,36,36,39,41],"current_hp_per_floor":[80,80,80,75,75,58,62,62,62,62,62,62,46,52,52,37,80,72,72,76,76,76,80,80,78,78,78,23,49,48,37,63,25,87,76,76,76,65,65,65,65,38,38,40,46,35,61,47,73,0],"gold":99,"neow_bonus":"UPGRADE_CARD","is_prod":false,"is_daily":false,"chose_seed":false,"campfire_upgraded":6,"win_rate":0,"timestamp":1555659848,"path_taken":["M","M","?","?","?","E","M","$","T","R","$","R","?","M","R","BOSS","M","?","M","?","?","E","R","M","T","R","?","R","M","M","R","BOSS","M","$","?","M","$","R","$","M","T","M","M","M","R","M","R","BOSS"],"build_version":"2019-01-23","purchased_purges":3,"victory":false,"max_hp_per_floor":[80,80,80,80,80,80,80,80,80,80,80,80,80,80,80,80,80,80,80,80,80,80,87,87,87,87,87,87,87,87,87,87,87,87,87,87,87,87,87,87,87,87,87,87,87,87,87,87,87,87],"card_choices":[{"not_picked":["Warcry","Thunderclap"],"picked":"True Grit","floor":1},{"not_picked":["Searing Blow","Clothesline"],"picked":"Headbutt","floor":2},{"not_picked":["Rupture","Cleave"],"picked":"Shrug It Off","floor":4},{"not_picked":["Feel No Pain","Disarm"],"picked":"Shrug It Off","floor":6},{"not_picked":["Pommel Strike","Headbutt"],"picked":"Iron Wave","floor":7},{"not_picked":["Sword Boomerang","Juggernaut","Wild Strike"],"picked":"SKIP","floor":14},{"not_picked":["Armaments","Seeing Red"],"picked":"Body Slam","floor":18},{"not_picked":["Warcry","Uppercut+1","Anger"],"picked":"SKIP","floor":20},{"not_picked":["Rage","Twin Strike"],"picked":"True Grit","floor":23},{"not_picked":["Havoc+1","Blood for Blood+1","Sentinel+1"],"picked":"SKIP","floor":25},{"not_picked":["Dual Wield","Thunderclap+1"],"picked":"Iron Wave+1","floor":28},{"not_picked":["Entrench","Evolve","Pummel+1"],"picked":"SKIP","floor":30},{"not_picked":["Heavy Blade","Bloodletting","Power Through+1"],"picked":"SKIP","floor":31},{"not_picked":["Clash+1","Heavy Blade"],"picked":"Iron Wave+1","floor":35},{"not_picked":["Flame Barrier","Warcry","Wild Strike"],"picked":"SKIP","floor":38},{"not_picked":["Body Slam","Flex+1","Anger+1"],"picked":"SKIP","floor":42},{"not_picked":["Entrench","Reckless Charge"],"picked":"Iron Wave","floor":44},{"not_picked":["True Grit","Warcry","Perfected Strike+1"],"picked":"SKIP","floor":45},{"not_picked":["Iron Wave+1","Body Slam","Heavy Blade"],"picked":"SKIP","floor":46},{"not_picked":["Iron Wave+1","Body Slam","Heavy Blade"],"picked":"SKIP","floor":46},{"not_picked":["Rage+1","Burning Pact+1"],"picked":"Thunderclap+1","floor":47},{"not_picked":["Ghostly Armor","Berserk+1","Sword Boomerang+1"],"picked":"SKIP","floor":48}],"player_experience":1194213,"relics_obtained":[{"floor":6,"key":"Boot"},{"floor":9,"key":"Orichalcum"},{"floor":23,"key":"Strawberry"},{"floor":26,"key":"Happy Flower"},{"floor":28,"key":"Red Mask"},{"floor":34,"key":"Art of War"},{"floor":34,"key":"Frozen Egg 2"},{"floor":34,"key":"StoneCalendar"},{"floor":43,"key":"Dream Catcher"}],"event_choices":[{"damage_healed":0,"gold_gain":0,"player_choice":"Got Potions","damage_taken":0,"max_hp_gain":0,"max_hp_loss":0,"event_name":"Lab","floor":3,"gold_loss":0},{"damage_healed":0,"gold_gain":0,"player_choice":"Box","damage_taken":0,"relics_obtained":["Omamori"],"max_hp_gain":0,"max_hp_loss":0,"event_name":"Big Fish","floor":5,"gold_loss":0,"cards_obtained":["Regret"]},{"damage_healed":0,"gold_gain":0,"player_choice":"Entered Light","damage_taken":16,"max_hp_gain":0,"max_hp_loss":0,"event_name":"Shining Light","floor":13,"gold_loss":0,"cards_upgraded":["Strike_R","Strike_R"]},{"damage_healed":0,"gold_gain":99,"player_choice":"Stole From Cult","damage_taken":0,"max_hp_gain":0,"max_hp_loss":0,"event_name":"Nest","floor":19,"gold_loss":0},{"cards_removed":["Strike_R"],"damage_healed":0,"gold_gain":0,"player_choice":"Gave Gold","damage_taken":0,"max_hp_gain":0,"max_hp_loss":0,"event_name":"Beggar","floor":21,"gold_loss":75},{"damage_healed":0,"gold_gain":0,"player_choice":"Ignored","damage_taken":0,"max_hp_gain":0,"max_hp_loss":0,"event_name":"Ghosts","floor":22,"gold_loss":0},{"damage_healed":0,"gold_gain":0,"player_choice":"Fought Bandits","damage_taken":0,"max_hp_gain":0,"max_hp_loss":0,"event_name":"Masked Bandits","floor":28,"gold_loss":0},{"damage_healed":0,"gold_gain":0,"player_choice":"Ignored","damage_taken":0,"max_hp_gain":0,"max_hp_loss":0,"event_name":"Mysterious Sphere","floor":37,"gold_loss":0}],"is_beta":false,"boss_relics":[{"not_picked":["Eternal Feather","Lizard Tail"],"picked":"Mark of Pain"},{"not_picked":["Empty Cage","Pandora\u0027s Box"],"picked":"Calling Bell"}],"items_purged_floors":[8,11,36],"is_endless":false,"potions_floor_spawned":[2,4,6,14,18,28,33,35,38,46],"killed_by":"Donu and Deca","ascension_level":0}