{"gold_per_floor":[113,113,113,128,54,79,99,99,99,115,160,160,171,44,44,44],"floor_reached":16,"playtime":539,"items_purged":["Strike_G"],"score":150,"play_id":"d617f8b2-a86a-4e37-87bd-63a6edad9538","local_time":"20190109222717","is_ascension_mode":true,"campfire_choices":[{"data":"Neutralize","floor":8,"key":"SMITH"},{"data":"Bouncing Flask","floor":12,"key":"SMITH"},{"data":"Survivor","floor":15,"key":"SMITH"}],"neow_cost":"NONE","seed_source_timestamp":508657258280708,"circlet_count":0,"master_deck":["Defend_G","Defend_G","Defend_G","Defend_G","Defend_G","Strike_G+1","Strike_G","Strike_G","Strike_G","Survivor+1","Neutralize+1","Catalyst+1","Poisoned Stab","Bouncing Flask+1","Poisoned Stab","Blur+1","Slice","Outmaneuver+1","Deflect+1"],"relics":["Ring of the Snake","NeowsBlessing","Shuriken","Toxic Egg 2","Torii","Oddly Smooth Stone"],"potions_floor_usage":[16,16,16,16,16],"damage_taken":[{"damage":0,"enemies":"Cultist","floor":1,"turns":1},{"damage":0,"enemies":"Small Slimes","floor":4,"turns":1},{"damage":0,"enemies":"Gremlin Nob","floor":6,"turns":1},{"damage":2,"enemies":"Jaw Worm","floor":7,"turns":3},{"damage":1,"enemies":"Blue Slaver","floor":10,"turns":4},{"damage":1,"enemies":"Red Slaver","floor":13,"turns":3},{"damage":53,"enemies":"Slime Boss","floor":16,"turns":11}],"seed_played":"-3342465577081081280","potions_obtained":[{"floor":1,"key":"Strength Potion"},{"floor":4,"key":"Fire Potion"},{"floor":10,"key":"EntropicBrew"}],"is_trial":false,"path_per_floor":["M","T","?","M","$","E","M","R","T","M","T","R","M","$","R","B"],"character_chosen":"THE_SILENT","items_purchased":["Bouncing Flask","Deflect+1"],"campfire_rested":0,"item_purchase_floors":[5,14],"current_hp_per_floor":[70,70,56,56,56,56,54,54,54,53,53,53,52,52,52,0],"gold":44,"neow_bonus":"THREE_ENEMY_KILL","is_prod":false,"is_daily":false,"chose_seed":false,"campfire_upgraded":3,"win_rate":0,"timestamp":1547040437,"path_taken":["M","?","?","M","$","E","M","R","T","M","?","R","M","?","R","BOSS"],"build_version":"2019-01-03v4","purchased_purges":1,"victory":false,"max_hp_per_floor":[70,70,70,70,70,70,70,70,70,70,70,70,70,70,70,70],"card_choices":[{"not_picked":["Slice","Eviscerate"],"picked":"Catalyst","floor":1},{"not_picked":["Outmaneuver","Deadly Poison"],"picked":"Poisoned Stab","floor":4},{"not_picked":["Prepared","Envenom"],"picked":"Poisoned Stab","floor":6},{"not_picked":["Reflex+1","Terror+1"],"picked":"Blur+1","floor":7},{"not_picked":["Dash","Expertise+1"],"picked":"Slice","floor":10},{"not_picked":["Flechettes","Quick Slash"],"picked":"Outmaneuver+1","floor":13}],"player_experience":294201,"relics_obtained":[{"floor":2,"key":"Shuriken"},{"floor":6,"key":"Toxic Egg 2"},{"floor":9,"key":"Torii"},{"floor":11,"key":"Oddly Smooth Stone"}],"event_choices":[{"damage_healed":0,"gold_gain":0,"player_choice":"Entered Light","damage_taken":14,"max_hp_gain":0,"max_hp_loss":0,"event_name":"Shining Light","floor":3,"gold_loss":0,"cards_upgraded":["Strike_G","Catalyst"]}],"is_beta":false,"boss_relics":[],"items_purged_floors":[14],"is_endless":false,"potions_floor_spawned":[1,4,10,13],"killed_by":"Slime Boss","ascension_level":4}