{"gold_per_floor":[114,131,131,142,9,9,37,37,63,63,33,68,84,115,115,115],"floor_reached":16,"playtime":999,"items_purged":[],"score":222,"play_id":"63b68cec-b3d2-4857-a630-3a36f3a7bf10","local_time":"20190809224609","is_ascension_mode":true,"campfire_choices":[{"data":"Bouncing Flask","floor":6,"key":"SMITH"},{"floor":10,"key":"REST"},{"floor":15,"key":"REST"}],"neow_cost":"NONE","seed_source_timestamp":36248037738740,"circlet_count":0,"master_deck":["AscendersBane","Strike_G","Strike_G","Strike_G","Strike_G","Strike_G+1","Defend_G","Defend_G","Defend_G","Defend_G","Defend_G","Survivor","Neutralize","Cloak And Dagger","Slice","Crippling Poison","Bouncing Flask+1","Flying Knee+1","Footwork","Well Laid Plans","Backstab"],"relics":["Ring of the Snake","Smiling Mask","Regal Pillow","Oddly Smooth Stone","Bag of Preparation","Whetstone"],"potions_floor_usage":[7,16,16],"damage_taken":[{"damage":2,"enemies":"2 Louse","floor":1,"turns":3},{"damage":5,"enemies":"Jaw Worm","floor":2,"turns":6},{"damage":1,"enemies":"Cultist","floor":4,"turns":4},{"damage":24,"enemies":"Lagavulin","floor":7,"turns":7},{"damage":2,"enemies":"Exordium Thugs","floor":11,"turns":4},{"damage":19,"enemies":"Gremlin Nob","floor":12,"turns":4},{"damage":0,"enemies":"Blue Slaver","floor":13,"turns":4},{"damage":13,"enemies":"Lagavulin","floor":14,"turns":6},{"damage":72,"enemies":"Slime Boss","floor":16,"turns":12}],"seed_played":"3976527509101104738","potions_obtained":[{"floor":2,"key":"Swift Potion"},{"floor":4,"key":"PowerPotion"},{"floor":7,"key":"Explosive Potion"}],"is_trial":false,"path_per_floor":["M","M","?","M","$","R","E","$","T","R","M","E","M","E","R","B"],"character_chosen":"THE_SILENT","items_purchased":["Bouncing Flask","Flying Knee"],"campfire_rested":2,"item_purchase_floors":[5,5],"current_hp_per_floor":[57,52,52,51,51,51,27,27,27,61,59,40,40,27,61,0],"gold":115,"neow_bonus":"RANDOM_COMMON_RELIC","is_prod":false,"is_daily":false,"chose_seed":false,"campfire_upgraded":1,"win_rate":0,"timestamp":1565383569,"path_taken":["M","M","?","M","$","R","E","?","T","R","M","E","?","E","R","BOSS"],"build_version":"2019-07-17","purchased_purges":0,"victory":false,"max_hp_per_floor":[66,66,66,66,66,66,66,66,66,66,66,66,66,66,66,66],"card_choices":[{"not_picked":["Dodge and Roll","Distraction"],"picked":"Cloak And Dagger","floor":1},{"not_picked":["Blur","Cloak And Dagger"],"picked":"Slice","floor":2},{"not_picked":["Acrobatics","Dodge and Roll"],"picked":"Crippling Poison","floor":4},{"not_picked":["Distraction","Cloak And Dagger"],"picked":"Footwork","floor":7},{"not_picked":["Deadly Poison","Infinite Blades"],"picked":"Well Laid Plans","floor":11},{"not_picked":["Bane","Concentrate"],"picked":"Backstab","floor":12},{"not_picked":["Predator","Bane","Reflex"],"picked":"SKIP","floor":13},{"not_picked":["Poisoned Stab","Acrobatics","Choke"],"picked":"SKIP","floor":14}],"player_experience":808182,"relics_obtained":[{"floor":7,"key":"Regal Pillow"},{"floor":9,"key":"Oddly Smooth Stone"},{"floor":12,"key":"Bag of Preparation"},{"floor":14,"key":"Whetstone"}],"event_choices":[{"damage_healed":0,"gold_gain":0,"player_choice":"Ignored","damage_taken":0,"max_hp_gain":0,"max_hp_loss":0,"event_name":"Liars Game","floor":3,"gold_loss":0}],"is_beta":false,"boss_relics":[],"items_purged_floors":[],"is_endless":false,"potions_floor_spawned":[2,4,7,14],"killed_by":"Slime Boss","ascension_level":17}