{"gold_per_floor":[18,31,49,199,46,46,56,70,70,70,96,96,38,49,49,122,122,140,0,0,19,19],"floor_reached":22,"playtime":858,"items_purged":["Doubt"],"score":363,"play_id":"7c257c55-6efd-4f20-8b53-c42e1badf65f","local_time":"20190928193256","is_ascension_mode":true,"campfire_choices":[{"data":"Creative AI","floor":6.0,"key":"SMITH"},{"floor":12.0,"key":"REST"},{"floor":15.0,"key":"REST"}],"neow_cost":"NO_GOLD","seed_source_timestamp":526276965683500,"circlet_count":0,"master_deck":["AscendersBane","Strike_B","Strike_B","Strike_B","Strike_B","Defend_B","Defend_B","Defend_B","Defend_B","Zap","Dualcast","Amplify","Ball Lightning","Leap","Cold Snap","Creative AI+1","Consume","Stack","Steam","Go for the Eyes","Genetic Algorithm","Buffer","Leap"],"special_seed":0,"relics":["Cracked Core","Thread and Needle","Ice Cream","Shovel","Snecko Eye","Sundial"],"potions_floor_usage":[16,16],"damage_taken":[{"damage":0.0,"enemies":"2 Louse","floor":1.0,"turns":2.0},{"damage":7.0,"enemies":"Jaw Worm","floor":2.0,"turns":2.0},{"damage":1.0,"enemies":"Cultist","floor":3.0,"turns":3.0},{"damage":7.0,"enemies":"2 Fungi Beasts","floor":7.0,"turns":4.0},{"damage":25.0,"enemies":"Exordium Thugs","floor":8.0,"turns":5.0},{"damage":11.0,"enemies":"3 Sentries","floor":11.0,"turns":9.0},{"damage":4.0,"enemies":"Looter","floor":14.0,"turns":5.0},{"damage":39,"enemies":"Slime Boss","floor":16,"turns":7},{"damage":21,"enemies":"Chosen","floor":18,"turns":5},{"damage":13,"enemies":"Spheric Guardian","floor":21,"turns":8},{"damage":27,"enemies":"3 Cultists","floor":22,"turns":4}],"seed_played":"-8101934692405609030","potions_obtained":[{"floor":3.0,"key":"Fire Potion"},{"floor":8.0,"key":"AttackPotion"},{"floor":14.0,"key":"Fire Potion"}],"is_trial":false,"path_per_floor":["M","M","M","?","$","R","M","M","T","?","E","R","$","M","R","B",null,"M","?","T","M","M"],"character_chosen":"DEFECT","items_purchased":["Creative AI","Go for the Eyes"],"campfire_rested":2,"item_purchase_floors":[5,13],"current_hp_per_floor":[64,57,56,56,56,56,49,24,24,19,8,29,29,25,46,7,55,34,34,34,21,0],"gold":19,"neow_bonus":"THREE_RARE_CARDS","is_prod":false,"is_daily":false,"chose_seed":false,"campfire_upgraded":1,"win_rate":0,"timestamp":1569666776,"path_taken":["M","M","M","?","$","R","M","M","T","?","E","R","?","M","R","BOSS","M","?","?","M","M"],"build_version":"2019-07-17","purchased_purges":1,"victory":false,"max_hp_per_floor":[71,71,71,71,71,71,71,71,71,71,71,71,71,71,71,71,71,71,71,71,71,71],"card_choices":[{"not_picked":["Reboot","Thunder Strike"],"picked":"Amplify","floor":0.0},{"not_picked":["Leap","Steam Power"],"picked":"Ball Lightning","floor":1.0},{"not_picked":["Barrage","Turbo"],"picked":"Leap","floor":2.0},{"not_picked":["Rebound","Redo"],"picked":"Cold Snap","floor":3.0},{"not_picked":["Turbo","Hologram"],"picked":"Consume","floor":7.0},{"not_picked":["Hologram","Tempest"],"picked":"Stack","floor":8.0},{"not_picked":["Reinforced Body","Coolheaded"],"picked":"Steam","floor":11.0},{"not_picked":["Undo","Ball Lightning"],"picked":"Genetic Algorithm","floor":14.0},{"not_picked":["Meteor Strike","Core Surge"],"picked":"Buffer","floor":16},{"not_picked":["Chill+1","Rip and Tear+1","Stack"],"picked":"SKIP","floor":18},{"not_picked":["Rebound","Steam"],"picked":"Leap","floor":21}],"player_experience":512251,"relics_obtained":[{"floor":9.0,"key":"Thread and Needle"},{"floor":11.0,"key":"Shovel"},{"floor":20,"key":"Sundial"}],"event_choices":[{"damage_healed":0.0,"max_hp_gain":0.0,"max_hp_loss":0.0,"gold_gain":150.0,"event_name":"Liars Game","player_choice":"AGREE","floor":4.0,"gold_loss":0.0,"damage_taken":0.0,"cards_obtained":["Doubt"]},{"damage_healed":0.0,"max_hp_gain":0.0,"max_hp_loss":0.0,"gold_gain":0.0,"event_name":"Scrap Ooze","player_choice":"Success","floor":10.0,"gold_loss":0.0,"damage_taken":5.0,"relics_obtained":["Ice Cream"]},{"damage_healed":0,"gold_gain":0,"player_choice":"Paid Fearfully","damage_taken":0,"max_hp_gain":0,"max_hp_loss":0,"event_name":"Masked Bandits","floor":19,"gold_loss":140}],"is_beta":false,"boss_relics":[{"not_picked":["Runic Pyramid","Philosopher\u0027s Stone"],"picked":"Snecko Eye"}],"items_purged_floors":[5],"is_endless":false,"potions_floor_spawned":[3,8,14],"killed_by":"3 Cultists","ascension_level":19}