{"gold_per_floor":[117,65,80,80,80,107,121,156,181,181,181,193,193,213,213,290,290,300,317,328,328,345,371,371,385,385,410,410,410,423,456,456,533,533,547,547,559,559,559,559,115,147,147,162,5,105,131,157,157,157],"floor_reached":50,"playtime":4524,"items_purged":["Endless Agony","Slice"],"score":1174,"play_id":"e092ace0-ba28-45a1-a6ed-7882424e72a7","local_time":"20190919234653","is_ascension_mode":true,"campfire_choices":[{"data":"Catalyst","floor":10,"key":"SMITH"},{"data":"Deadly Poison","floor":13,"key":"SMITH"},{"floor":15,"key":"REST"},{"floor":24,"key":"REST"},{"floor":29,"key":"REST"},{"floor":32,"key":"REST"},{"data":"Noxious Fumes","floor":40,"key":"SMITH"},{"floor":49,"key":"REST"}],"neow_cost":"NONE","seed_source_timestamp":29039848224766,"circlet_count":0,"master_deck":["AscendersBane","Survivor","Neutralize","Blur","Die Die Die+1","Deadly Poison+1","Deadly Poison","Acrobatics","Leg Sweep","Backflip+1","Dash","Crippling Poison+1","Dagger Spray","Dodge and Roll","Catalyst+1","Glass Knife","Quick Slash","Endless Agony+1","Acrobatics","Noxious Fumes+1","Prepared+1","Die Die Die","Deflect","Prepared+1","Corpse Explosion","Footwork","Crippling Poison","Backflip","Footwork+1"],"relics":["Pandora\u0027s Box","Happy Flower","Ancient Tea Set","Centennial Puzzle","Philosopher\u0027s Stone","Blood Vial","Ornamental Fan","Potion Belt","MutagenicStrength","Bag of Preparation","Snecko Eye","TwistedFunnel","Bottled Tornado","The Specimen","Nunchaku","Lantern","Pear"],"potions_floor_usage":[16,22,25,27,35,48,50,50,50],"damage_taken":[{"damage":0,"enemies":"Cultist","floor":1,"turns":4},{"damage":0,"enemies":"Small Slimes","floor":3,"turns":3},{"damage":3,"enemies":"Lagavulin","floor":6,"turns":7},{"damage":0,"enemies":"Jaw Worm","floor":7,"turns":2},{"damage":3,"enemies":"3 Sentries","floor":8,"turns":7},{"damage":0,"enemies":"Large Slime","floor":12,"turns":4},{"damage":0,"enemies":"Gremlin Gang","floor":14,"turns":1},{"damage":30,"enemies":"Slime Boss","floor":16,"turns":8},{"damage":8,"enemies":"Spheric Guardian","floor":18,"turns":4},{"damage":0,"enemies":"Chosen","floor":19,"turns":3},{"damage":10,"enemies":"Centurion and Healer","floor":20,"turns":5},{"damage":11,"enemies":"Sentry and Sphere","floor":22,"turns":6},{"damage":12,"enemies":"Book of Stabbing","floor":23,"turns":4},{"damage":2,"enemies":"Snecko","floor":25,"turns":4},{"damage":0,"enemies":"Gremlin Leader","floor":27,"turns":4},{"damage":14,"enemies":"Snake Plant","floor":30,"turns":2},{"damage":4,"enemies":"Slavers","floor":31,"turns":3},{"damage":34,"enemies":"Automaton","floor":33,"turns":8},{"damage":19,"enemies":"3 Shapes","floor":35,"turns":5},{"damage":14,"enemies":"3 Darklings","floor":37,"turns":2},{"damage":15,"enemies":"Giant Head","floor":42,"turns":5},{"damage":12,"enemies":"Maw","floor":44,"turns":5},{"damage":0,"enemies":"Mind Bloom Boss Battle","floor":46,"turns":4},{"damage":9,"enemies":"Reptomancer","floor":48,"turns":3},{"damage":60,"enemies":"Time Eater","floor":50,"turns":13}],"seed_played":"-8515351135705031050","potions_obtained":[{"floor":1,"key":"Swift Potion"},{"floor":6,"key":"GhostInAJar"},{"floor":14,"key":"Poison Potion"},{"floor":20,"key":"Ancient Potion"},{"floor":23,"key":"Fire Potion"},{"floor":25,"key":"SkillPotion"},{"floor":30,"key":"LiquidBronze"},{"floor":31,"key":"GamblersBrew"},{"floor":35,"key":"LiquidBronze"},{"floor":46,"key":"Swift Potion"}],"is_trial":false,"path_per_floor":["M","$","M","?","?","E","M","E","T","R","?","M","R","M","R","B",null,"M","M","M","?","M","E","R","M","T","E","?","R","M","E","R","B",null,"M","?","M","?","?","R","$","E","T","M","$","?","T","E","R","B"],"character_chosen":"THE_SILENT","items_purchased":["Dagger Spray","Footwork","TwistedFunnel","Crippling Poison","Block Potion"],"campfire_rested":5,"item_purchase_floors":[2,41,41,41,45],"current_hp_per_floor":[59,59,59,52,32,29,29,26,26,26,26,26,26,26,45,15,53,45,45,35,35,24,12,31,31,31,33,33,52,40,38,57,25,56,39,39,27,27,54,54,54,39,39,29,29,31,31,34,53,0],"gold":157,"neow_bonus":"BOSS_RELIC","is_prod":false,"is_daily":false,"chose_seed":false,"campfire_upgraded":3,"win_rate":0,"timestamp":1568929613,"path_taken":["M","$","?","?","?","E","M","E","T","R","?","?","R","M","R","BOSS","M","M","M","?","?","E","R","M","T","E","?","R","M","E","R","BOSS","M","?","M","?","?","R","$","E","T","M","$","?","?","E","R","BOSS"],"build_version":"2019-07-17","purchased_purges":2,"victory":false,"max_hp_per_floor":[66,66,66,66,66,66,66,66,66,66,66,66,66,66,66,66,66,66,66,66,66,66,66,66,66,66,66,66,66,66,66,66,66,66,66,66,66,66,54,54,54,54,54,54,54,54,54,64,64,64],"card_choices":[{"not_picked":["Terror","Dagger Spray"],"picked":"Crippling Poison","floor":1},{"not_picked":["Deadly Poison","Prepared"],"picked":"Dodge and Roll","floor":3},{"not_picked":["Deflect","Blade Dance","Phantasmal Killer"],"picked":"SKIP","floor":6},{"not_picked":["Backflip","Leg Sweep"],"picked":"Slice","floor":7},{"not_picked":["Flying Knee","Poisoned Stab"],"picked":"Catalyst","floor":8},{"not_picked":["Deadly Poison","Sucker Punch","Flying Knee"],"picked":"SKIP","floor":12},{"not_picked":["Setup","Infinite Blades","Tactician"],"picked":"SKIP","floor":14},{"not_picked":["After Image","Bullet Time"],"picked":"Glass Knife","floor":16},{"not_picked":["Blade Dance","Dagger Spray"],"picked":"Quick Slash","floor":18},{"not_picked":["Dagger Spray+1","Infinite Blades","Heel Hook"],"picked":"SKIP","floor":19},{"not_picked":["Setup","Tactician"],"picked":"Endless Agony+1","floor":20},{"not_picked":["Blur","Dagger Throw"],"picked":"Acrobatics","floor":22},{"not_picked":["Riddle With Holes","Flechettes"],"picked":"Noxious Fumes","floor":23},{"not_picked":["Blade Dance","Acrobatics"],"picked":"Prepared+1","floor":25},{"not_picked":["Blade Dance","Quick Slash"],"picked":"Die Die Die","floor":27},{"not_picked":["Finisher+1","Riddle With Holes","Deflect"],"picked":"SKIP","floor":30},{"not_picked":["Finisher+1","Riddle With Holes"],"picked":"Deflect","floor":30},{"not_picked":["Dagger Throw","Flying Knee"],"picked":"Prepared+1","floor":31},{"not_picked":["Phantasmal Killer","After Image"],"picked":"Corpse Explosion","floor":33},{"not_picked":["Eviscerate","Bane","Slice"],"picked":"SKIP","floor":35},{"not_picked":["Deflect","Cloak And Dagger","Poisoned Stab+1"],"picked":"SKIP","floor":37},{"not_picked":["Cloak And Dagger+1","Choke","Storm of Steel"],"picked":"SKIP","floor":42},{"not_picked":["Dagger Throw","Sucker Punch","Terror"],"picked":"SKIP","floor":44},{"not_picked":["Deflect","Predator+1"],"picked":"Backflip","floor":46},{"not_picked":["Cloak And Dagger","Outmaneuver+1"],"picked":"Footwork+1","floor":48}],"player_experience":1069710,"relics_obtained":[{"floor":6,"key":"Happy Flower"},{"floor":8,"key":"Ancient Tea Set"},{"floor":9,"key":"Centennial Puzzle"},{"floor":23,"key":"Blood Vial"},{"floor":26,"key":"Ornamental Fan"},{"floor":27,"key":"Potion Belt"},{"floor":31,"key":"Bag of Preparation"},{"floor":42,"key":"Bottled Tornado"},{"floor":43,"key":"The Specimen"},{"floor":46,"key":"Nunchaku"},{"floor":47,"key":"Lantern"},{"floor":48,"key":"Pear"}],"event_choices":[{"cards_removed":["Storm of Steel"],"damage_healed":0,"gold_gain":0,"player_choice":"Card Removal","damage_taken":7,"max_hp_gain":0,"max_hp_loss":0,"event_name":"Golden Wing","floor":4,"gold_loss":0},{"damage_healed":0,"gold_gain":0,"player_choice":"Entered Light","damage_taken":20,"max_hp_gain":0,"max_hp_loss":0,"event_name":"Shining Light","floor":5,"gold_loss":0,"cards_upgraded":["Backflip","Die Die Die"]},{"damage_healed":0,"gold_gain":0,"player_choice":"Grow","damage_taken":0,"max_hp_gain":0,"max_hp_loss":0,"event_name":"Living Wall","floor":11,"gold_loss":0,"cards_upgraded":["Crippling Poison"]},{"damage_healed":0,"gold_gain":0,"player_choice":"Got Potions","damage_taken":0,"max_hp_gain":0,"max_hp_loss":0,"event_name":"Lab","floor":21,"gold_loss":0},{"damage_healed":0,"gold_gain":0,"player_choice":"Inject Mutagens","damage_taken":0,"relics_obtained":["MutagenicStrength"],"max_hp_gain":0,"max_hp_loss":0,"event_name":"Drug Dealer","floor":28,"gold_loss":0},{"damage_healed":0,"gold_gain":0,"player_choice":"Memory 1","damage_taken":0,"max_hp_gain":0,"max_hp_loss":0,"event_name":"SensoryStone","floor":36,"gold_loss":0},{"damage_healed":0,"gold_gain":0,"player_choice":"Ignored","damage_taken":0,"max_hp_gain":0,"max_hp_loss":0,"event_name":"Mysterious Sphere","floor":38,"gold_loss":0},{"damage_healed":54,"gold_gain":0,"player_choice":"Heal","damage_taken":0,"max_hp_gain":0,"max_hp_loss":12,"event_name":"The Moai Head","floor":39,"gold_loss":0},{"damage_healed":0,"gold_gain":0,"player_choice":"Fight","damage_taken":0,"max_hp_gain":0,"max_hp_loss":0,"event_name":"MindBloom","floor":46,"gold_loss":0}],"is_beta":false,"boss_relics":[{"not_picked":["Tiny House","Coffee Dripper"],"picked":"Philosopher\u0027s Stone"},{"not_picked":["HoveringKite","Black Star"],"picked":"Snecko Eye"}],"items_purged_floors":[41,45],"is_endless":false,"potions_floor_spawned":[1,6,8,14,20,23,25,30,31,35,46],"killed_by":"Time Eater","ascension_level":18}