{"gold_per_floor":[117,117,117,129,42,77,77,97,97,111,111,140,140,150,150,222,222,238,15,15,29,39,39,39,39,86,111,124,124,124,134,134,134],"floor_reached":33,"playtime":1729,"items_purged":[],"score":600,"play_id":"b0d238dc-4cae-417e-a132-5025a14f393b","local_time":"20190507132226","is_ascension_mode":true,"campfire_choices":[{"data":"Noxious Fumes","floor":7,"key":"SMITH"},{"data":"Tools of the Trade","floor":11,"key":"SMITH"},{"data":"Well Laid Plans","floor":15,"key":"SMITH"},{"data":"Wraith Form v2","floor":23,"key":"SMITH"},{"floor":25,"key":"REST"},{"floor":30,"key":"REST"},{"floor":32,"key":"REST"}],"neow_cost":"NONE","seed_source_timestamp":1231027227397100,"circlet_count":0,"master_deck":["AscendersBane","Defend_G","Defend_G","Defend_G","Defend_G","Defend_G","Strike_G","Strike_G","Strike_G","Strike_G","Strike_G","Survivor","Neutralize","Bouncing Flask","Well Laid Plans+1","Noxious Fumes+1","Tools of the Trade+1","All Out Attack","PiercingWail","Poisoned Stab","Wraith Form v2+1","Outmaneuver","Deflect","Catalyst","Decay","Calculated Gamble"],"relics":["Ring of the Snake","NeowsBlessing","Dodecahedron","Matryoshka","Question Card","Oddly Smooth Stone","Shuriken","Runic Pyramid","OrangePellets","Anchor","Ancient Tea Set","Centennial Puzzle"],"potions_floor_usage":[12,12,24,31],"damage_taken":[{"damage":0,"enemies":"Small Slimes","floor":1,"turns":1},{"damage":0,"enemies":"Cultist","floor":4,"turns":1},{"damage":0,"enemies":"Lagavulin","floor":6,"turns":1},{"damage":3,"enemies":"2 Louse","floor":8,"turns":4},{"damage":0,"enemies":"Looter","floor":10,"turns":3},{"damage":34,"enemies":"Gremlin Nob","floor":12,"turns":4},{"damage":0,"enemies":"2 Fungi Beasts","floor":14,"turns":4},{"damage":5,"enemies":"Hexaghost","floor":16,"turns":8},{"damage":19,"enemies":"Shell Parasite","floor":18,"turns":7},{"damage":7,"enemies":"Spheric Guardian","floor":21,"turns":6},{"damage":21,"enemies":"Snake Plant","floor":22,"turns":5},{"damage":3,"enemies":"Colosseum Slavers","floor":24,"turns":6},{"damage":7,"enemies":"Gremlin Leader","floor":27,"turns":8},{"damage":19,"enemies":"Shelled Parasite and Fungi","floor":28,"turns":5},{"damage":17,"enemies":"Cultist and Chosen","floor":31,"turns":10},{"damage":32,"enemies":"Automaton","floor":33,"turns":10}],"seed_played":"2313481059827750172","potions_obtained":[{"floor":1,"key":"GhostInAJar"},{"floor":4,"key":"SteroidPotion"},{"floor":8,"key":"Poison Potion"},{"floor":12,"key":"Weak Potion"},{"floor":18,"key":"FairyPotion"},{"floor":22,"key":"GhostInAJar"},{"floor":28,"key":"GhostInAJar"}],"is_trial":false,"path_per_floor":["M","$","?","M","$","E","R","M","T","M","R","E","?","M","R","B",null,"M","$","?","M","M","R","?","R","T","E","M","?","R","M","R","B"],"character_chosen":"THE_SILENT","items_purchased":["Noxious Fumes","OrangePellets"],"campfire_rested":3,"item_purchase_floors":[5,19],"current_hp_per_floor":[59,59,59,59,59,59,59,56,56,56,56,22,22,22,22,17,54,35,35,35,28,7,7,4,23,23,16,3,3,22,5,24,0],"gold":134,"neow_bonus":"THREE_ENEMY_KILL","is_prod":false,"is_daily":false,"chose_seed":false,"campfire_upgraded":4,"win_rate":0,"timestamp":1557224546,"path_taken":["M","$","?","M","$","E","R","M","T","?","R","E","?","M","R","BOSS","M","$","?","M","M","R","?","R","T","E","M","?","R","M","R","BOSS"],"build_version":"2019-01-23","purchased_purges":0,"victory":false,"max_hp_per_floor":[66,66,66,66,66,66,66,66,66,66,66,66,66,66,66,66,66,66,66,66,66,66,66,66,66,66,66,66,66,66,66,66,66],"card_choices":[{"not_picked":["Deadly Poison","Backstab"],"picked":"Bouncing Flask","floor":1},{"not_picked":["Accuracy","Deflect"],"picked":"Well Laid Plans","floor":4},{"not_picked":["Well Laid Plans","Concentrate"],"picked":"Tools of the Trade","floor":6},{"not_picked":["Flying Knee","Slice"],"picked":"All Out Attack","floor":8},{"not_picked":["Slice","Prepared","Bane","Blade Dance"],"picked":"SKIP","floor":10},{"not_picked":["Outmaneuver","Deflect","Die Die Die"],"picked":"PiercingWail","floor":12},{"not_picked":["Flying Knee","Riddle With Holes","Setup"],"picked":"Poisoned Stab","floor":14},{"not_picked":["Glass Knife","Envenom","Burst"],"picked":"Wraith Form v2","floor":16},{"not_picked":["Sucker Punch","Bane","Terror"],"picked":"Outmaneuver","floor":18},{"not_picked":["Dash","Blade Dance","Quick Slash","Distraction"],"picked":"SKIP","floor":21},{"not_picked":["Deadly Poison","Eviscerate","Predator+1"],"picked":"Deflect","floor":22},{"not_picked":["Dodge and Roll","Prepared+1","Adrenaline"],"picked":"Catalyst","floor":27},{"not_picked":["Dagger Spray","Flying Knee","Underhanded Strike","Bane+1"],"picked":"SKIP","floor":28},{"not_picked":["Accuracy+1","Outmaneuver","PiercingWail"],"picked":"Calculated Gamble","floor":31}],"player_experience":1300284,"relics_obtained":[{"floor":6,"key":"Matryoshka"},{"floor":9,"key":"Question Card"},{"floor":9,"key":"Oddly Smooth Stone"},{"floor":12,"key":"Shuriken"},{"floor":26,"key":"Anchor"},{"floor":26,"key":"Ancient Tea Set"},{"floor":27,"key":"Centennial Puzzle"}],"event_choices":[{"damage_healed":0,"gold_gain":0,"player_choice":"Gave Potion","damage_taken":0,"relics_obtained":["Dodecahedron"],"max_hp_gain":0,"max_hp_loss":0,"event_name":"WeMeetAgain","floor":3,"gold_loss":0},{"damage_healed":0,"gold_gain":0,"player_choice":"Ignored","damage_taken":0,"max_hp_gain":0,"max_hp_loss":0,"event_name":"Liars Game","floor":13,"gold_loss":0},{"damage_healed":0,"gold_gain":0,"player_choice":"Ignored","damage_taken":0,"max_hp_gain":0,"max_hp_loss":0,"event_name":"Cursed Tome","floor":20,"gold_loss":0},{"damage_healed":0,"gold_gain":0,"player_choice":"Fight","damage_taken":0,"max_hp_gain":0,"max_hp_loss":0,"event_name":"Colosseum","floor":24,"gold_loss":0},{"damage_healed":0,"gold_gain":0,"player_choice":"Fled From Nobs","damage_taken":0,"max_hp_gain":0,"max_hp_loss":0,"event_name":"Colosseum","floor":24,"gold_loss":0},{"damage_healed":0,"gold_gain":0,"player_choice":"Smashed Altar","damage_taken":0,"max_hp_gain":0,"max_hp_loss":0,"event_name":"Forgotten Altar","floor":29,"gold_loss":0,"cards_obtained":["Decay"]}],"is_beta":false,"boss_relics":[{"not_picked":["HoveringKite","Astrolabe"],"picked":"Runic Pyramid"}],"items_purged_floors":[],"is_endless":false,"potions_floor_spawned":[1,4,8,12,18,22,28],"killed_by":"Automaton","ascension_level":20}