{"gold_per_floor":[117,30,30,180,26,26,61,61,61,61,89,100,100,131,131,207,207,227,56,69,169,189,215,215,229,304,335,60,60,76,111,111,182,182,194,69,169,185,200,230,261,56,56,56,91,110,137,165,165,165,165,165,165,81,111,111],"floor_reached":56,"playtime":4578,"items_purged":["Doubt","Shame","Strike_R","Bludgeon"],"score":2184,"play_id":"4cb9dbb9-093d-4386-b6a3-4064b5a286d1","local_time":"20190410155534","is_ascension_mode":true,"campfire_choices":[{"floor":6.0,"key":"RECALL"},{"floor":8.0,"key":"REST"},{"floor":10.0,"key":"REST"},{"floor":15.0,"key":"REST"},{"floor":24.0,"key":"REST"},{"floor":29.0,"key":"REST"},{"floor":32.0,"key":"REST"},{"data":"1","floor":44.0,"key":"LIFT"},{"data":"2","floor":49.0,"key":"LIFT"},{"data":"3","floor":53.0,"key":"LIFT"}],"neow_cost":"NONE","seed_source_timestamp":200588590618800,"circlet_count":0,"master_deck":["AscendersBane","Strike_R","Strike_R","Strike_R","Strike_R","Defend_R","Defend_R","Defend_R+1","Defend_R","Bash","Shockwave+1","Carnage+1","Whirlwind","Metallicize","Thunderclap","Demon Form","Rage","Double Tap","Rage","Feel No Pain","Dual Wield+1","Reaper","Havoc+1","Armaments+1","Dual Wield+1","Dual Wield+1","True Grit+1","Bloodletting+1"],"special_seed":0,"relics":["Fusion Hammer","Lantern","Singing Bowl","Champion Belt","Sundial","Cursed Key","PreservedInsect","Bird Faced Urn","Pantograph","Mercury Hourglass","Anchor","Tiny Chest","Toxic Egg 2","Runic Pyramid","WingedGreaves","Ice Cream","Girya","Oddly Smooth Stone","Orichalcum","Pen Nib","Bronze Scales"],"potions_floor_usage":[56,56],"damage_taken":[{"damage":7.0,"enemies":"Small Slimes","floor":1.0,"turns":4.0},{"damage":29.0,"enemies":"Gremlin Nob","floor":7.0,"turns":4.0},{"damage":0.0,"enemies":"3 Sentries","floor":11.0,"turns":1.0},{"damage":0.0,"enemies":"2 Louse","floor":12.0,"turns":1.0},{"damage":18.0,"enemies":"Gremlin Nob","floor":14.0,"turns":4.0},{"damage":24.0,"enemies":"Slime Boss","floor":16.0,"turns":8.0},{"damage":0.0,"enemies":"Chosen","floor":18.0,"turns":3.0},{"damage":14.0,"enemies":"2 Thieves","floor":20.0,"turns":3.0},{"damage":18.0,"enemies":"Colosseum Slavers","floor":21.0,"turns":3.0},{"damage":0.0,"enemies":"Colosseum Nobs","floor":21.0,"turns":4.0},{"damage":20.0,"enemies":"Shelled Parasite and Fungi","floor":22.0,"turns":4.0},{"damage":11.0,"enemies":"Slavers","floor":23.0,"turns":5.0},{"damage":0.0,"enemies":"3 Cultists","floor":25.0,"turns":4.0},{"damage":2.0,"enemies":"Book of Stabbing","floor":27.0,"turns":2.0},{"damage":0.0,"enemies":"Sentry and Sphere","floor":30.0,"turns":2.0},{"damage":13.0,"enemies":"Slavers","floor":31.0,"turns":7.0},{"damage":53.0,"enemies":"Automaton","floor":33.0,"turns":8.0},{"damage":24.0,"enemies":"3 Shapes","floor":35.0,"turns":12.0},{"damage":11.0,"enemies":"Mind Bloom Boss Battle","floor":37.0,"turns":10.0},{"damage":6.0,"enemies":"3 Darklings","floor":38.0,"turns":6.0},{"damage":30.0,"enemies":"4 Shapes","floor":39.0,"turns":12.0},{"damage":41.0,"enemies":"Nemesis","floor":40.0,"turns":9.0},{"damage":25.0,"enemies":"Reptomancer","floor":41.0,"turns":5.0},{"damage":23.0,"enemies":"Nemesis","floor":45.0,"turns":7.0},{"damage":21.0,"enemies":"Sphere and 2 Shapes","floor":46.0,"turns":11.0},{"damage":10.0,"enemies":"Giant Head","floor":47.0,"turns":14.0},{"damage":6.0,"enemies":"Reptomancer","floor":48.0,"turns":5.0},{"damage":77.0,"enemies":"Time Eater","floor":50.0,"turns":15.0},{"damage":114.0,"enemies":"Donu and Deca","floor":51.0,"turns":9.0},{"damage":83.0,"enemies":"Shield and Spear","floor":55.0,"turns":6.0},{"damage":334,"enemies":"The Heart","floor":56,"turns":14}],"seed_played":"-6918440520032969431","potions_obtained":[{"floor":7.0,"key":"SteroidPotion"},{"floor":11.0,"key":"Energy Potion"},{"floor":14.0,"key":"GamblersBrew"},{"floor":20.0,"key":"EssenceOfSteel"},{"floor":22.0,"key":"Swift Potion"},{"floor":23.0,"key":"Ancient Potion"},{"floor":35.0,"key":"Strength Potion"},{"floor":55.0,"key":"PowerPotion"}],"is_trial":false,"path_per_floor":["M","$","?","?","$","R","E","R","T","R","E","M","?","E","R","B",null,"M","$","M","?","M","E","R","M","T","E","$","R","M","E","R","B",null,"M","$","?","M","M","E","E","$","T","R","E","M","E","E","R","B","B",null,"R","$","E","B"],"character_chosen":"IRONCLAD","items_purchased":["Carnage","Whirlwind","PreservedInsect","Tiny Chest","Feel No Pain","Energy Potion","Bloodletting+1"],"campfire_rested":6,"item_purchase_floors":[2,5,19,28,28,42,54],"current_hp_per_floor":[61,61,61,61,61,61,32,54,54,75,77,77,54,36,59,35,67,67,67,55,39,21,12,36,36,36,36,36,61,61,58,84,36,74,62,62,89,91,83,74,91,91,91,91,93,90,95,97,97,97,97,97,97,97,92,0],"gold":111,"neow_bonus":"BOSS_RELIC","is_prod":false,"is_daily":false,"chose_seed":false,"campfire_upgraded":0,"win_rate":0,"timestamp":1554900934,"path_taken":["M","$","?","?","?","R","E","R","T","R","E","?","?","E","R","BOSS","M","$","M","?","M","E","R","M","T","E","$","R","M","E","R","BOSS","M","$","?","M","M","E","E","$","T","R","E","M","E","E","R","BOSS","BOSS","R","$","E","BOSS"],"build_version":"2019-01-23","purchased_purges":4,"victory":false,"max_hp_per_floor":[75,75,75,75,75,75,75,75,75,75,77,77,77,77,77,77,77,77,77,79,81,83,83,83,83,83,85,85,85,85,87,87,87,87,89,89,89,91,91,91,91,91,91,91,93,93,95,97,97,97,97,97,97,97,99,99],"card_choices":[{"not_picked":["Body Slam","Heavy Blade"],"picked":"Shockwave","floor":1.0},{"not_picked":["Perfected Strike","Anger"],"picked":"Metallicize","floor":7.0},{"not_picked":["Cleave","Rampage","Burning Pact"],"picked":"Singing Bowl","floor":11.0},{"not_picked":["Anger","Pommel Strike"],"picked":"Thunderclap","floor":12.0},{"not_picked":["Body Slam","Armaments"],"picked":"Bludgeon","floor":14.0},{"not_picked":["Offering","Exhume"],"picked":"Demon Form","floor":16.0},{"not_picked":["Body Slam+1","Sword Boomerang"],"picked":"Rage","floor":18.0},{"not_picked":["Cleave","Twin Strike","Fire Breathing"],"picked":"Singing Bowl","floor":20.0},{"not_picked":["Headbutt","Sword Boomerang","Fire Breathing"],"picked":"Singing Bowl","floor":21.0},{"not_picked":["Armaments","Whirlwind","Wild Strike"],"picked":"Singing Bowl","floor":22.0},{"not_picked":["Wild Strike","Perfected Strike"],"picked":"Double Tap","floor":23.0},{"not_picked":["Cleave","Ghostly Armor"],"picked":"Rage","floor":25.0},{"not_picked":["Fire Breathing","Berserk","Heavy Blade+1"],"picked":"Singing Bowl","floor":27.0},{"not_picked":["Iron Wave","Flex+1"],"picked":"Dual Wield+1","floor":30.0},{"not_picked":["Rupture","Pommel Strike","Perfected Strike"],"picked":"Singing Bowl","floor":31.0},{"not_picked":["Impervious+1","Demon Form"],"picked":"Reaper","floor":33.0},{"not_picked":["Perfected Strike","Reckless Charge+1","Infernal Blade+1"],"picked":"Singing Bowl","floor":35.0},{"not_picked":["Feel No Pain","Rampage"],"picked":"Havoc+1","floor":37.0},{"not_picked":["Flex+1","Clash","Intimidate+1"],"picked":"Singing Bowl","floor":38.0},{"not_picked":["Pummel+1","Fire Breathing"],"picked":"Armaments+1","floor":39.0},{"not_picked":["Clash+1","Fire Breathing"],"picked":"Dual Wield+1","floor":40.0},{"not_picked":["Power Through+1","Ghostly Armor+1"],"picked":"Dual Wield+1","floor":41.0},{"not_picked":["Perfected Strike+1","Inflame+1","Evolve"],"picked":"Singing Bowl","floor":45.0},{"not_picked":["Power Through+1","Shrug It Off+1"],"picked":"True Grit+1","floor":46.0},{"not_picked":["Brutality","Warcry+1","Anger+1"],"picked":"Singing Bowl","floor":47.0},{"not_picked":["Armaments+1","Fire Breathing","Searing Blow+1"],"picked":"Singing Bowl","floor":48.0},{"not_picked":["Fiend Fire","Clash","Corruption"],"picked":"Singing Bowl","floor":55.0}],"player_experience":1143516,"relics_obtained":[{"floor":7.0,"key":"Lantern"},{"floor":9.0,"key":"Singing Bowl"},{"floor":11.0,"key":"Champion Belt"},{"floor":14.0,"key":"Sundial"},{"floor":21.0,"key":"Bird Faced Urn"},{"floor":21.0,"key":"Pantograph"},{"floor":23.0,"key":"Mercury Hourglass"},{"floor":27.0,"key":"Anchor"},{"floor":31.0,"key":"Toxic Egg 2"},{"floor":37.0,"key":"WingedGreaves"},{"floor":40.0,"key":"Ice Cream"},{"floor":41.0,"key":"Girya"},{"floor":45.0,"key":"Oddly Smooth Stone"},{"floor":47.0,"key":"Orichalcum"},{"floor":48.0,"key":"Pen Nib"},{"floor":55.0,"key":"Bronze Scales"}],"event_choices":[{"damage_healed":0.0,"max_hp_gain":0.0,"max_hp_loss":0.0,"gold_gain":0.0,"event_name":"Living Wall","player_choice":"Grow","floor":3.0,"gold_loss":0.0,"damage_taken":0.0,"cards_upgraded":["Carnage"]},{"damage_healed":0.0,"max_hp_gain":0.0,"max_hp_loss":0.0,"gold_gain":150.0,"event_name":"Liars Game","player_choice":"AGREE","floor":4.0,"gold_loss":0.0,"damage_taken":0.0,"cards_obtained":["Doubt"]},{"damage_healed":0.0,"max_hp_gain":0.0,"max_hp_loss":0.0,"gold_gain":0.0,"event_name":"Shining Light","player_choice":"Entered Light","floor":13.0,"gold_loss":0.0,"damage_taken":23.0,"cards_upgraded":["Defend_R","Shockwave"]},{"damage_healed":0.0,"max_hp_gain":0.0,"max_hp_loss":0.0,"gold_gain":0.0,"event_name":"Colosseum","player_choice":"Fight","floor":21.0,"gold_loss":0.0,"damage_taken":0.0},{"damage_healed":0.0,"max_hp_gain":0.0,"max_hp_loss":0.0,"gold_gain":0.0,"event_name":"Colosseum","player_choice":"Fought Nobs","floor":21.0,"gold_loss":0.0,"damage_taken":0.0},{"damage_healed":0.0,"max_hp_gain":0.0,"max_hp_loss":0.0,"gold_gain":0.0,"event_name":"MindBloom","player_choice":"Fight","floor":37.0,"gold_loss":0.0,"damage_taken":0.0}],"is_beta":false,"boss_relics":[{"not_picked":["Velvet Choker","Mark of Pain"],"picked":"Cursed Key"},{"not_picked":["Coffee Dripper","Tiny House"],"picked":"Runic Pyramid"}],"items_purged_floors":[5,28,36,42],"is_endless":false,"potions_floor_spawned":[7,11,14,20,22,23,25,31,35,45,47,55],"killed_by":"The Heart","ascension_level":20}