{"gold_per_floor":[115,130,1,1,18,18,31,31,58,85,85,85,99,117,117,195,195,215,230,29,29,41,41],"floor_reached":23,"playtime":1055,"items_purged":["Strike_R"],"score":386,"play_id":"5a3a3167-af09-4c58-8d9f-85e42e8bb12e","local_time":"20190418101759","is_ascension_mode":true,"campfire_choices":[{"data":"Bash","floor":6,"key":"SMITH"},{"data":"Whirlwind","floor":8,"key":"SMITH"},{"data":"Anger","floor":12,"key":"SMITH"},{"data":"Demon Form","floor":15,"key":"SMITH"}],"neow_cost":"NONE","seed_source_timestamp":875903079653100,"circlet_count":0,"master_deck":["AscendersBane","Strike_R","Strike_R","Strike_R","Defend_R","Defend_R","Defend_R","Defend_R","Bash+1","Headbutt","Anger+1","Iron Wave","Twin Strike","Whirlwind+1","Burning Pact","Flame Barrier","Demon Form+1","Feed","Shrug It Off","Disarm+1","Corruption","Battle Trance"],"relics":["Burning Blood","Boot","Blood Vial","Red Skull","NlothsMask","Coffee Dripper","Bag of Preparation"],"potions_floor_usage":[10,22,23],"damage_taken":[{"damage":16,"enemies":"Jaw Worm","floor":1,"turns":5},{"damage":12,"enemies":"Cultist","floor":2,"turns":4},{"damage":0,"enemies":"Small Slimes","floor":5,"turns":4},{"damage":11,"enemies":"2 Fungi Beasts","floor":7,"turns":3},{"damage":15,"enemies":"Lagavulin","floor":10,"turns":3},{"damage":14,"enemies":"3 Louse","floor":13,"turns":2},{"damage":0,"enemies":"Large Slime","floor":14,"turns":3},{"damage":21,"enemies":"Slime Boss","floor":16,"turns":8},{"damage":14,"enemies":"3 Byrds","floor":18,"turns":5},{"damage":29,"enemies":"Chosen","floor":19,"turns":6},{"damage":33,"enemies":"Snake Plant","floor":22,"turns":3},{"damage":23,"enemies":"Slavers","floor":23,"turns":2}],"seed_played":"-7050470086450334335","potions_obtained":[{"floor":2,"key":"Strength Potion"},{"floor":14,"key":"EssenceOfSteel"},{"floor":18,"key":"BloodPotion"}],"is_trial":false,"path_per_floor":["M","M","$","?","M","R","M","R","T","E","?","R","M","M","R","B",null,"M","M","$","?","M","E"],"character_chosen":"IRONCLAD","items_purchased":["Iron Wave","Corruption","Bag of Preparation"],"campfire_rested":0,"item_purchase_floors":[3,20,20],"current_hp_per_floor":[58,52,52,45,51,51,46,46,46,39,39,39,33,41,41,28,63,60,39,39,39,21,0],"gold":41,"neow_bonus":"RANDOM_COMMON_RELIC","is_prod":false,"is_daily":false,"chose_seed":false,"campfire_upgraded":4,"win_rate":0,"timestamp":1555571879,"path_taken":["M","M","$","?","M","R","M","R","T","E","?","R","M","M","R","BOSS","M","?","$","?","M","E"],"build_version":"2019-01-23","purchased_purges":1,"victory":false,"max_hp_per_floor":[75,75,75,75,75,75,75,75,75,75,75,75,75,75,75,75,75,78,78,78,78,78,78],"card_choices":[{"not_picked":["True Grit","Clash"],"picked":"Headbutt","floor":1},{"not_picked":["Entrench","Shrug It Off"],"picked":"Anger","floor":2},{"not_picked":["Havoc","Cleave"],"picked":"Twin Strike","floor":5},{"not_picked":["Ghostly Armor","Headbutt"],"picked":"Whirlwind","floor":7},{"not_picked":["Heavy Blade","Dropkick"],"picked":"Burning Pact","floor":10},{"not_picked":["Anger","Clothesline"],"picked":"Flame Barrier","floor":13},{"not_picked":["Thunderclap","Body Slam"],"picked":"Demon Form","floor":14},{"not_picked":["Barricade","Dark Embrace"],"picked":"Feed","floor":16},{"not_picked":["Seeing Red","Cleave"],"picked":"Shrug It Off","floor":18},{"not_picked":["Clothesline","Armaments"],"picked":"Disarm+1","floor":19},{"not_picked":["Armaments","Headbutt"],"picked":"Battle Trance","floor":22}],"player_experience":1186977,"relics_obtained":[{"floor":9,"key":"Blood Vial"},{"floor":10,"key":"Red Skull"}],"event_choices":[{"cards_removed":["Strike_R"],"damage_healed":0,"gold_gain":0,"player_choice":"Card Removal","damage_taken":7,"max_hp_gain":0,"max_hp_loss":0,"event_name":"Golden Wing","floor":4,"gold_loss":0},{"damage_healed":0,"gold_gain":0,"player_choice":"Trade","damage_taken":0,"relics_obtained":["NlothsMask"],"max_hp_gain":0,"max_hp_loss":0,"event_name":"FaceTrader","floor":11,"gold_loss":0},{"damage_healed":0,"gold_gain":0,"player_choice":"Ignored","damage_taken":0,"max_hp_gain":0,"max_hp_loss":0,"event_name":"Ghosts","floor":21,"gold_loss":0}],"is_beta":false,"boss_relics":[{"not_picked":["Runic Cube","Cursed Key"],"picked":"Coffee Dripper"}],"items_purged_floors":[3],"is_endless":false,"potions_floor_spawned":[2,14,18],"killed_by":"Slavers","ascension_level":20}