{"gold_per_floor":[113,113,113,113,123,123,22,53,53,53,71,71,71,81,81,179,179,194,119,129,141,88,88,114,125,125,125,125,125,125,125,125,225,225,239,255,255,27,38,38,72,72,99,99,0,0,10,29,29,29],"floor_reached":51,"playtime":3272,"items_purged":["Strike_B"],"score":666,"play_id":"fe3b6e6f-ba64-4b37-af12-9a5287eee214","local_time":"20180804021003","is_ascension_mode":false,"campfire_choices":[{"data":"Zap","floor":6,"key":"SMITH"},{"data":"Dualcast","floor":10,"key":"SMITH"},{"data":"Fusion","floor":12,"key":"SMITH"},{"data":"Darkness","floor":15,"key":"SMITH"},{"floor":23,"key":"REST"},{"floor":28,"key":"REST"},{"data":"Buffer","floor":30,"key":"SMITH"},{"floor":32,"key":"REST"},{"floor":40,"key":"REST"},{"floor":42,"key":"REST"},{"data":"Capacitor","floor":44,"key":"SMITH"},{"data":"Static Discharge","floor":49,"key":"SMITH"}],"neow_cost":"","seed_source_timestamp":739949256122220,"circlet_count":0,"master_deck":["Strike_B","Defend_B","Defend_B","Defend_B","Zap+1","Dualcast+1","Capacitor+1","Cold Snap","Darkness+1","Go for the Eyes","Fusion+1","Buffer+1","White Noise","Sunder","Static Discharge+1","Sweeping Beam","Thunder Strike","Conserve Battery","Electrodynamics","Rebound+1","Ball Lightning+1","Madness+1","Apotheosis+1","Conserve Battery+1","Steam Power+1","Capacitor+1","Auto Shields+1","Static Discharge+1"],"relics":["Cracked Core","Pantograph","Matryoshka","Meat on the Bone","Gremlin Horn","Sozu","Question Card","Happy Flower","Ornamental Fan","Toxic Egg 2","Empty Cage","Omamori","Centennial Puzzle","Red Mask"],"potions_floor_usage":[8,8,16,24],"damage_taken":[{"damage":5,"enemies":"Small Slimes","floor":1,"turns":3},{"damage":1,"enemies":"Cultist","floor":5,"turns":3},{"damage":26,"enemies":"Gremlin Nob","floor":8,"turns":5},{"damage":1,"enemies":"Jaw Worm","floor":11,"turns":3},{"damage":14,"enemies":"Lots of Slimes","floor":14,"turns":4},{"damage":24,"enemies":"Hexaghost","floor":16,"turns":8},{"damage":6,"enemies":"Chosen","floor":18,"turns":6},{"damage":10,"enemies":"Spheric Guardian","floor":20,"turns":4},{"damage":23,"enemies":"3 Cultists","floor":21,"turns":5},{"damage":27,"enemies":"Slavers","floor":24,"turns":5},{"damage":28,"enemies":"Centurion and Healer","floor":25,"turns":6},{"damage":36,"enemies":"Collector","floor":33,"turns":10},{"damage":1,"enemies":"Orb Walker","floor":35,"turns":4},{"damage":9,"enemies":"Flame Bruiser 1 Orb","floor":36,"turns":3},{"damage":21,"enemies":"4 Shapes","floor":39,"turns":3},{"damage":36,"enemies":"Nemesis","floor":41,"turns":5},{"damage":11,"enemies":"Flame Bruiser 2 Orb","floor":47,"turns":5},{"damage":1,"enemies":"Sphere and 2 Shapes","floor":48,"turns":3},{"damage":58,"enemies":"Time Eater","floor":50,"turns":7}],"seed_played":"-4743991586904005015","potions_obtained":[{"floor":1,"key":"LiquidBronze"},{"floor":3,"key":"LiquidBronze"},{"floor":3,"key":"FocusPotion"},{"floor":8,"key":"Fire Potion"},{"floor":16,"key":"Ancient Potion"}],"is_trial":false,"path_per_floor":["M","?","?","?","M","R","$","E","T","R","M","R","T","M","R","B",null,"M","$","M","M","$","R","E","M","T","?","R","?","R","?","R","B",null,"M","M","?","$","M","R","E","R","T","R","?","?","M","M","R","B"],"character_chosen":"DEFECT","items_purchased":["Cold Snap","Darkness","Sweeping Beam","Apotheosis+1","Conserve Battery+1"],"campfire_rested":5,"item_purchase_floors":[7,7,22,38,38],"current_hp_per_floor":[70,70,70,75,74,74,74,48,48,48,47,47,47,45,45,46,80,74,74,64,41,41,65,50,34,34,34,58,58,58,42,66,44,80,79,70,60,60,58,80,44,68,68,68,68,68,57,63,63,34],"gold":29,"neow_bonus":"","is_prod":false,"is_daily":false,"chose_seed":false,"campfire_upgraded":7,"win_rate":0,"timestamp":1533316203,"path_taken":["M","?","?","?","M","R","?","E","T","R","M","R","?","M","R","BOSS","M","$","M","M","$","R","E","M","T","?","R","?","R","?","R","BOSS","M","M","?","$","M","R","E","R","T","R","?","?","M","M","R","BOSS"],"build_version":"2018-08-02","purchased_purges":1,"victory":true,"max_hp_per_floor":[75,75,75,80,80,80,80,80,80,80,80,80,80,80,80,80,80,80,80,80,80,80,80,80,80,80,80,80,80,80,80,80,80,80,80,80,80,80,80,80,80,80,80,80,80,80,80,80,80,80],"card_choices":[{"not_picked":["Hologram","Beam Cell"],"picked":"Capacitor","floor":1},{"not_picked":["Leap","Sunder","Streamline"],"picked":"SKIP","floor":5},{"not_picked":["Turbo","Leap"],"picked":"Go for the Eyes","floor":8},{"not_picked":["Steam","Lockon"],"picked":"Fusion","floor":11},{"not_picked":["Stack","Heatsinks","Streamline"],"picked":"SKIP","floor":14},{"not_picked":["Fission","Biased Cognition"],"picked":"Buffer","floor":16},{"not_picked":["Go for the Eyes+1","Stack"],"picked":"White Noise","floor":18},{"not_picked":["Force Field","Stack"],"picked":"Sunder","floor":20},{"not_picked":["Steam","Hologram+1"],"picked":"Static Discharge+1","floor":21},{"not_picked":["Streamline","Redo"],"picked":"Thunder Strike","floor":24},{"not_picked":["Leap","Go for the Eyes","Coolheaded"],"picked":"Conserve Battery","floor":25},{"not_picked":["All For One","Meteor Strike","Core Surge"],"picked":"Electrodynamics","floor":33},{"not_picked":["Turbo+1","Stack+1","Fusion+1"],"picked":"Rebound+1","floor":35},{"not_picked":["Rebound","Barrage+1","Darkness+1"],"picked":"Ball Lightning+1","floor":36},{"not_picked":["Force Field+1","Sunder+1","Sweeping Beam"],"picked":"Steam Power+1","floor":39},{"not_picked":["Cold Snap","Buffer","All For One"],"picked":"Capacitor+1","floor":41},{"not_picked":["Redo+1","Streamline","Self Repair+1"],"picked":"Auto Shields+1","floor":47},{"not_picked":["Steam+1","Darkness+1","Cold Snap+1"],"picked":"Static Discharge","floor":48}],"player_experience":89404,"relics_obtained":[{"floor":8,"key":"Pantograph"},{"floor":9,"key":"Matryoshka"},{"floor":13,"key":"Meat on the Bone"},{"floor":13,"key":"Gremlin Horn"},{"floor":24,"key":"Question Card"},{"floor":26,"key":"Happy Flower"},{"floor":26,"key":"Ornamental Fan"},{"floor":41,"key":"Omamori"},{"floor":43,"key":"Centennial Puzzle"}],"event_choices":[{"event_name":"Purifier","player_choice":"One Purge","floor":2,"damage_taken":0},{"event_name":"The Lab","player_choice":"Got Potions","floor":3,"damage_taken":0},{"event_name":"Big Fish","player_choice":"Donut","floor":4,"damage_taken":0},{"event_name":"The Mausoleum","player_choice":"Yes","floor":27,"damage_taken":0},{"event_name":"Fountain of Cleansing","player_choice":"Removed Curse","floor":29,"damage_taken":0},{"event_name":"Cursed Tome","player_choice":"Obtained Book","floor":31,"damage_taken":0},{"event_name":"Winding Halls","player_choice":"Embrace Madness","floor":37,"damage_taken":0},{"event_name":"Tomb of Lord Red Mask","player_choice":"Paid","floor":45,"damage_taken":0},{"event_name":"Falling","player_choice":"Removed Skill","floor":46,"damage_taken":0}],"is_beta":false,"boss_relics":[{"not_picked":["Calling Bell","Ectoplasm"],"picked":"Sozu"},{"not_picked":["Fusion Hammer","Eternal Feather"],"picked":"Empty Cage"}],"items_purged_floors":[19],"is_endless":false,"potions_floor_spawned":[1,8,16,20,25,33,39,48],"ascension_level":0}