{"gold_per_floor":[116,133,133,4,4,4,21,46,46,46,65,95,95,60,60,131,131,145,145,65,80,130,159,173,173,221,241,241,254,254,169,169,245,245,260,260,260,280,77,107,139,178,272,284,331,343,355,377,389,401],"floor_reached":50,"playtime":2220,"items_purged":["Regret"],"score":1237,"play_id":"a40db894-28e0-4077-ae88-84bce4e57a21","local_time":"20190507140653","is_ascension_mode":true,"campfire_choices":[{"data":"Neutralize","floor":6,"key":"SMITH"},{"data":"Blade Dance","floor":10,"key":"SMITH"},{"data":"Bouncing Flask","floor":13,"key":"SMITH"},{"data":"Well Laid Plans","floor":15,"key":"SMITH"},{"floor":25,"key":"REST"},{"floor":28,"key":"REST"},{"floor":30,"key":"REST"},{"floor":32,"key":"RECALL"},{"floor":44,"key":"REST"},{"floor":46,"key":"REST"},{"floor":49,"key":"REST"}],"neow_cost":"NONE","seed_source_timestamp":1233202528870000,"circlet_count":0,"master_deck":["AscendersBane","Defend_G","Defend_G","Defend_G","Defend_G","Defend_G","Strike_G","Strike_G","Strike_G","Strike_G","Survivor","Neutralize+1","Bane","Underhanded Strike","Blade Dance+1","Reflex","Flying Knee","Die Die Die","Well Laid Plans+1","Bouncing Flask+1","Corpse Explosion","Skewer+1","Acrobatics","Backflip","Blur","Bouncing Flask","Deadly Poison","PiercingWail","Tactician","Burst","Prepared+1","Finisher","Footwork","Leg Sweep","Deadly Poison+1","Caltrops","Tactician+1","Madness","Madness","Calculated Gamble+1"],"relics":["Ring of the Snake","NeowsBlessing","Paper Crane","Gremlin Horn","Blood Vial","Fusion Hammer","Enchiridion","Boot","Bag of Preparation","PreservedInsect","Runic Pyramid","MawBank","Bronze Scales","The Courier","Bottled Lightning"],"potions_floor_usage":[8,16,24,33,42],"damage_taken":[{"damage":0,"enemies":"2 Louse","floor":1,"turns":1},{"damage":0,"enemies":"Jaw Worm","floor":2,"turns":1},{"damage":0,"enemies":"Cultist","floor":7,"turns":1},{"damage":22,"enemies":"Gremlin Nob","floor":8,"turns":4},{"damage":0,"enemies":"Lots of Slimes","floor":11,"turns":1},{"damage":20,"enemies":"Lagavulin","floor":12,"turns":7},{"damage":21,"enemies":"The Guardian","floor":16,"turns":9},{"damage":7,"enemies":"2 Thieves","floor":18,"turns":4},{"damage":12,"enemies":"3 Byrds","floor":21,"turns":4},{"damage":3,"enemies":"Gremlin Leader","floor":23,"turns":5},{"damage":8,"enemies":"Snake Plant","floor":24,"turns":4},{"damage":0,"enemies":"3 Cultists","floor":27,"turns":2},{"damage":15,"enemies":"Sentry and Sphere","floor":29,"turns":5},{"damage":60,"enemies":"Collector","floor":33,"turns":8},{"damage":0,"enemies":"Orb Walker","floor":35,"turns":3},{"damage":0,"enemies":"3 Darklings","floor":38,"turns":3},{"damage":12,"enemies":"Reptomancer","floor":40,"turns":4},{"damage":0,"enemies":"Sphere and 2 Shapes","floor":41,"turns":2},{"damage":29,"enemies":"Giant Head","floor":42,"turns":8},{"damage":0,"enemies":"Reptomancer","floor":45,"turns":5},{"damage":17,"enemies":"Spire Growth","floor":48,"turns":5},{"damage":59,"enemies":"Donu and Deca","floor":50,"turns":5}],"seed_played":"4933691128681498222","potions_obtained":[{"floor":7,"key":"AttackPotion"},{"floor":8,"key":"Dexterity Potion"},{"floor":12,"key":"Regen Potion"},{"floor":18,"key":"Weak Potion"},{"floor":24,"key":"Swift Potion"},{"floor":35,"key":"Energy Potion"},{"floor":42,"key":"Swift Potion"}],"is_trial":false,"path_per_floor":["M","M","?","$","?","R","M","E","T","R","M","E","R","?","R","B",null,"M","?","$","M","?","E","M","R","T","M","R","M","R","?","R","B",null,"M","?","?","M","$","E","M","E","T","R","E","R","?","M","R","B"],"character_chosen":"THE_SILENT","items_purchased":["Blade Dance","Acrobatics","Backflip","Finisher","Footwork","Leg Sweep"],"campfire_rested":6,"item_purchase_floors":[4,20,20,39,39,39],"current_hp_per_floor":[59,59,59,59,59,59,59,37,37,37,37,17,17,33,33,29,57,52,31,31,21,21,20,14,33,33,35,54,41,60,60,60,2,50,52,52,52,54,54,44,46,19,19,38,40,59,47,32,51,0],"gold":401,"neow_bonus":"THREE_ENEMY_KILL","is_prod":false,"is_daily":false,"chose_seed":false,"campfire_upgraded":4,"win_rate":0,"timestamp":1557227213,"path_taken":["M","M","?","$","?","R","M","E","T","R","M","E","R","?","R","BOSS","M","?","$","M","?","E","?","R","T","M","R","?","R","?","R","BOSS","M","?","?","?","$","E","M","E","T","R","E","R","?","M","R","BOSS"],"build_version":"2019-01-23","purchased_purges":1,"victory":false,"max_hp_per_floor":[66,66,66,66,66,66,66,66,66,66,66,66,66,66,66,66,66,66,66,66,66,66,66,66,66,66,66,66,66,66,66,66,66,66,66,66,66,66,66,66,66,66,66,66,66,66,66,66,66,66],"card_choices":[{"not_picked":["Slice","PiercingWail"],"picked":"Bane","floor":1},{"not_picked":["Masterful Stab","Catalyst"],"picked":"Underhanded Strike","floor":2},{"not_picked":["Prepared","Skewer"],"picked":"Flying Knee","floor":7},{"not_picked":["Infinite Blades","Heel Hook"],"picked":"Die Die Die","floor":8},{"not_picked":["Calculated Gamble","Deadly Poison"],"picked":"Well Laid Plans","floor":11},{"not_picked":["Backflip","Leg Sweep"],"picked":"Bouncing Flask","floor":12},{"not_picked":["Venomology","After Image"],"picked":"Corpse Explosion","floor":16},{"not_picked":["Deflect","Dagger Throw"],"picked":"Skewer+1","floor":18},{"not_picked":["Eviscerate","Flying Knee"],"picked":"Blur","floor":21},{"not_picked":["Choke","Blur"],"picked":"Bouncing Flask","floor":23},{"not_picked":["Dagger Throw","Slice"],"picked":"Deadly Poison","floor":24},{"not_picked":["Dodge and Roll","Setup"],"picked":"PiercingWail","floor":27},{"not_picked":["Deadly Poison","Backstab+1"],"picked":"Tactician","floor":29},{"not_picked":["Bullet Time","Glass Knife"],"picked":"Burst","floor":33},{"not_picked":["Setup+1","Well Laid Plans+1","Quick Slash"],"picked":"SKIP","floor":35},{"not_picked":["Backflip","Caltrops+1"],"picked":"Prepared+1","floor":38},{"not_picked":["A Thousand Cuts","Well Laid Plans","Heel Hook"],"picked":"SKIP","floor":40},{"not_picked":["Outmaneuver","Poisoned Stab+1"],"picked":"Deadly Poison+1","floor":41},{"not_picked":["Quick Slash","Backstab"],"picked":"Caltrops","floor":42},{"not_picked":["Dodge and Roll","Flying Knee+1"],"picked":"Tactician+1","floor":45},{"not_picked":["Backflip","Prepared"],"picked":"Calculated Gamble+1","floor":48}],"player_experience":1302427,"relics_obtained":[{"floor":8,"key":"Gremlin Horn"},{"floor":12,"key":"Blood Vial"},{"floor":19,"key":"Enchiridion"},{"floor":23,"key":"Boot"},{"floor":26,"key":"Bag of Preparation"},{"floor":40,"key":"MawBank"},{"floor":42,"key":"Bronze Scales"},{"floor":43,"key":"The Courier"},{"floor":45,"key":"Bottled Lightning"}],"event_choices":[{"damage_healed":0,"gold_gain":0,"player_choice":"Box","damage_taken":0,"relics_obtained":["Paper Crane"],"max_hp_gain":0,"max_hp_loss":0,"event_name":"Big Fish","floor":3,"gold_loss":0,"cards_obtained":["Regret"]},{"damage_healed":0,"gold_gain":0,"cards_transformed":["Strike_G"],"player_choice":"Change","damage_taken":0,"max_hp_gain":0,"max_hp_loss":0,"event_name":"Living Wall","floor":5,"gold_loss":0,"cards_obtained":["Reflex"]},{"damage_healed":16,"gold_gain":0,"player_choice":"Healed","damage_taken":0,"max_hp_gain":0,"max_hp_loss":0,"event_name":"The Cleric","floor":14,"gold_loss":35},{"damage_healed":0,"gold_gain":0,"player_choice":"Obtained Book","damage_taken":21,"max_hp_gain":0,"max_hp_loss":0,"event_name":"Cursed Tome","floor":19,"gold_loss":0},{"damage_healed":0,"gold_gain":50,"player_choice":"Pray","damage_taken":0,"max_hp_gain":0,"max_hp_loss":0,"event_name":"Golden Shrine","floor":22,"gold_loss":0},{"damage_healed":0,"gold_gain":0,"player_choice":"Obtained Relic","damage_taken":0,"relics_obtained":["PreservedInsect"],"max_hp_gain":0,"max_hp_loss":0,"event_name":"Addict","floor":31,"gold_loss":85},{"damage_healed":0,"gold_gain":0,"player_choice":"Ignored","damage_taken":0,"max_hp_gain":0,"max_hp_loss":0,"event_name":"Tomb of Lord Red Mask","floor":36,"gold_loss":0},{"damage_healed":0,"gold_gain":0,"player_choice":"Got Potions","damage_taken":0,"max_hp_gain":0,"max_hp_loss":0,"event_name":"Lab","floor":37,"gold_loss":0},{"damage_healed":0,"gold_gain":0,"player_choice":"Embrace Madness","damage_taken":12,"max_hp_gain":0,"max_hp_loss":0,"event_name":"Winding Halls","floor":47,"gold_loss":0,"cards_obtained":["Madness","Madness"]}],"is_beta":false,"boss_relics":[{"not_picked":["Cursed Key","Ectoplasm"],"picked":"Fusion Hammer"},{"not_picked":["Coffee Dripper","Tiny House"],"picked":"Runic Pyramid"}],"items_purged_floors":[4],"is_endless":false,"potions_floor_spawned":[7,8,12,18,21,24,35,41,42,48],"killed_by":"Donu and Deca","ascension_level":20}