{"gold_per_floor":[209,222,222,55,72,72,72,104,104,104,116,128,145,145],"floor_reached":14,"playtime":561,"items_purged":[],"score":175,"play_id":"f0b88091-d8fb-442e-b5fe-5fa631a33ada","local_time":"20190821234125","is_ascension_mode":true,"campfire_choices":[{"data":"Predator","floor":6,"key":"SMITH"},{"floor":10,"key":"REST"}],"neow_cost":"NONE","seed_source_timestamp":50574255530746,"circlet_count":0,"master_deck":["AscendersBane","Strike_G","Strike_G","Strike_G","Strike_G","Strike_G","Defend_G+1","Defend_G","Defend_G","Defend_G","Defend_G","Survivor","Neutralize","Sucker Punch+1","Predator+1","Die Die Die","Skewer","Slice","Bullet Time","Deflect","Dagger Spray"],"relics":["Ring of the Snake","Oddly Smooth Stone","Matryoshka"],"potions_floor_usage":[8,13],"damage_taken":[{"damage":2,"enemies":"2 Louse","floor":1,"turns":4},{"damage":6,"enemies":"Cultist","floor":2,"turns":5},{"damage":6,"enemies":"Jaw Worm","floor":5,"turns":5},{"damage":17,"enemies":"Lagavulin","floor":8,"turns":6},{"damage":1,"enemies":"Red Slaver","floor":11,"turns":2},{"damage":0,"enemies":"2 Fungi Beasts","floor":12,"turns":3},{"damage":19,"enemies":"Exordium Thugs","floor":13,"turns":5},{"damage":12,"enemies":"Large Slime","floor":14,"turns":5}],"seed_played":"7735835007285677527","potions_obtained":[{"floor":1,"key":"PowerPotion"},{"floor":2,"key":"Weak Potion"}],"is_trial":false,"path_per_floor":["M","M","?","$","M","R","?","E","T","R","M","M","M","M"],"character_chosen":"THE_SILENT","items_purchased":["Die Die Die"],"campfire_rested":1,"item_purchase_floors":[4],"current_hp_per_floor":[57,51,31,31,25,25,25,8,8,27,26,26,7,0],"gold":145,"neow_bonus":"HUNDRED_GOLD","is_prod":false,"is_daily":false,"chose_seed":false,"campfire_upgraded":1,"win_rate":0,"timestamp":1566423685,"path_taken":["M","M","?","$","M","R","?","E","T","R","M","M","M","?"],"build_version":"2019-07-17","purchased_purges":0,"victory":false,"max_hp_per_floor":[66,66,66,66,66,66,66,66,66,66,66,66,66,66],"card_choices":[{"not_picked":["Tactician","Dodge and Roll"],"picked":"Sucker Punch","floor":1},{"not_picked":["Quick Slash","Eviscerate"],"picked":"Predator","floor":2},{"not_picked":["Blur","Acrobatics"],"picked":"Skewer","floor":5},{"not_picked":["Sucker Punch","Skewer"],"picked":"Slice","floor":8},{"not_picked":["Eviscerate","Bane"],"picked":"Bullet Time","floor":11},{"not_picked":["Sucker Punch","Accuracy"],"picked":"Deflect","floor":12},{"not_picked":["Blur","Prepared"],"picked":"Dagger Spray","floor":13}],"player_experience":1004178,"relics_obtained":[{"floor":8,"key":"Oddly Smooth Stone"},{"floor":9,"key":"Matryoshka"}],"event_choices":[{"damage_healed":0,"gold_gain":0,"player_choice":"Entered Light","damage_taken":20,"max_hp_gain":0,"max_hp_loss":0,"event_name":"Shining Light","floor":3,"gold_loss":0,"cards_upgraded":["Defend_G","Sucker Punch"]},{"damage_healed":0,"gold_gain":0,"player_choice":"Got Potions","damage_taken":0,"max_hp_gain":0,"max_hp_loss":0,"event_name":"Lab","floor":7,"gold_loss":0}],"is_beta":false,"boss_relics":[],"items_purged_floors":[],"is_endless":false,"potions_floor_spawned":[1,2,5],"killed_by":"Large Slime","ascension_level":18}