{"gold_per_floor":[111,124,124,49,61,81,81,107,107,133,233,233,248,268,268,268],"floor_reached":16,"playtime":727,"items_purged":[],"score":274,"play_id":"db6e8871-20dc-4980-b8b5-2c4ac6f36d0f","local_time":"20190417112651","is_ascension_mode":true,"campfire_choices":[{"data":"Bane","floor":7,"key":"SMITH"},{"data":"Leg Sweep","floor":12,"key":"SMITH"},{"data":"Bullet Time","floor":15,"key":"SMITH"}],"neow_cost":"NONE","seed_source_timestamp":793958299485400,"circlet_count":0,"master_deck":["AscendersBane","Defend_G","Defend_G","Defend_G","Defend_G","Defend_G","Strike_G","Strike_G","Strike_G","Strike_G","Strike_G","Survivor","Neutralize","Bane+1","Deadly Poison","Poisoned Stab","Bane","Bullet Time+1","Leg Sweep+1","Escape Plan","Deflect","Acrobatics"],"relics":["Ring of the Snake","NeowsBlessing","Gremlin Horn","Pear","Vajra"],"potions_floor_usage":[8,16],"damage_taken":[{"damage":0,"enemies":"Cultist","floor":1,"turns":1},{"damage":0,"enemies":"Jaw Worm","floor":2,"turns":1},{"damage":0,"enemies":"2 Louse","floor":5,"turns":1},{"damage":4,"enemies":"Blue Slaver","floor":6,"turns":4},{"damage":0,"enemies":"Gremlin Nob","floor":8,"turns":2},{"damage":32,"enemies":"Lagavulin","floor":10,"turns":7},{"damage":0,"enemies":"Exordium Thugs","floor":13,"turns":5},{"damage":0,"enemies":"Lots of Slimes","floor":14,"turns":4},{"damage":34,"enemies":"Hexaghost","floor":16,"turns":9}],"seed_played":"-680758263384661467","potions_obtained":[{"floor":1,"key":"SteroidPotion"},{"floor":14,"key":"GamblersBrew"}],"is_trial":false,"path_per_floor":["M","M","T","$","M","M","R","E","T","E","?","R","M","M","R","B"],"character_chosen":"THE_SILENT","items_purchased":["Poisoned Stab","Bane"],"campfire_rested":0,"item_purchase_floors":[4,4],"current_hp_per_floor":[59,59,59,59,59,55,55,65,65,33,33,33,33,33,33,0],"gold":268,"neow_bonus":"THREE_ENEMY_KILL","is_prod":false,"is_daily":false,"chose_seed":false,"campfire_upgraded":3,"win_rate":0,"timestamp":1555489611,"path_taken":["M","M","?","$","?","M","R","E","T","E","?","R","?","M","R","BOSS"],"build_version":"2019-01-23","purchased_purges":0,"victory":false,"max_hp_per_floor":[66,66,66,66,66,66,66,76,76,76,76,76,76,76,76,76],"card_choices":[{"not_picked":["Concentrate","Dagger Throw"],"picked":"Bane","floor":1},{"not_picked":["Outmaneuver","Accuracy"],"picked":"Deadly Poison","floor":2},{"not_picked":["Leg Sweep","All Out Attack"],"picked":"Bullet Time","floor":5},{"not_picked":["Dagger Spray","Choke"],"picked":"Leg Sweep","floor":6},{"not_picked":["Dodge and Roll","Bane"],"picked":"Escape Plan","floor":8},{"not_picked":["Dagger Throw","Eviscerate"],"picked":"Deflect","floor":10},{"not_picked":["Poisoned Stab","Deflect"],"picked":"Acrobatics","floor":13},{"not_picked":["Riddle With Holes","Slice","Bane"],"picked":"SKIP","floor":14}],"player_experience":1180400,"relics_obtained":[{"floor":3,"key":"Gremlin Horn"},{"floor":8,"key":"Pear"},{"floor":10,"key":"Vajra"}],"event_choices":[{"damage_healed":0,"gold_gain":100,"player_choice":"Gold","damage_taken":0,"max_hp_gain":0,"max_hp_loss":0,"event_name":"Wheel of Change","floor":11,"gold_loss":0}],"is_beta":false,"boss_relics":[],"items_purged_floors":[],"is_endless":false,"potions_floor_spawned":[1,14],"killed_by":"Hexaghost","ascension_level":20}