{"gold_per_floor":[112,13,13,13,13,13,27,27,27,53,53,64,125,200,200,303,303,318,328,345,345,31,59,69,29,29,29,43,56,90,90,90,191,191,202,216,216,216,216,216,29,29,29,29,44,9,28,43,43,43],"floor_reached":51,"playtime":2281,"items_purged":["Strike_R","Strike_R","Strike_R"],"score":708,"play_id":"ed347ccb-5e9d-4a70-96e9-a7aedab36e19","local_time":"20190423121523","is_ascension_mode":false,"campfire_choices":[{"data":"Bash","floor":6,"key":"SMITH"},{"data":"Carnage","floor":8,"key":"SMITH"},{"data":"Dual Wield","floor":11,"key":"SMITH"},{"data":"Immolate","floor":15,"key":"SMITH"},{"data":"Barricade","floor":27,"key":"SMITH"},{"data":"Fire Breathing","floor":32,"key":"SMITH"},{"data":"Enlightenment","floor":40,"key":"SMITH"},{"data":"Discovery","floor":42,"key":"SMITH"},{"data":"Dual Wield","floor":49,"key":"SMITH"}],"neow_cost":"NONE","seed_source_timestamp":16768050580000,"circlet_count":0,"master_deck":["Strike_R+1","Defend_R","Defend_R","Defend_R","Defend_R","Bash+1","Feel No Pain","Shrug It Off","Metallicize","Dual Wield+1","Iron Wave+1","Immolate+1","Barricade+1","Flame Barrier","Thunderclap","Fire Breathing+1","True Grit+1","Metallicize","Shrug It Off+1","Headbutt+1","Enlightenment+1","Violence","Discovery+1","Fire Breathing+1","Entrench","Dual Wield+1","Seeing Red"],"relics":["Burning Blood","FossilizedHelix","Mummified Hand","Torii","Strawberry","Black Star","Pen Nib","Bronze Scales","Whetstone","Frozen Egg 2","Smiling Mask","Sundial","Runic Pyramid","Juzu Bracelet"],"potions_floor_usage":[23,50,50,50],"damage_taken":[{"damage":1,"enemies":"Cultist","floor":1,"turns":3},{"damage":0,"enemies":"2 Louse","floor":7,"turns":2},{"damage":7,"enemies":"Lagavulin","floor":10,"turns":5},{"damage":0,"enemies":"Small Slimes","floor":12,"turns":4},{"damage":0,"enemies":"3 Sentries","floor":13,"turns":9},{"damage":6,"enemies":"Slime Boss","floor":16,"turns":9},{"damage":10,"enemies":"2 Thieves","floor":18,"turns":3},{"damage":0,"enemies":"3 Byrds","floor":19,"turns":2},{"damage":11,"enemies":"Cultist and Chosen","floor":20,"turns":8},{"damage":20,"enemies":"Book of Stabbing","floor":23,"turns":7},{"damage":0,"enemies":"Centurion and Healer","floor":24,"turns":8},{"damage":3,"enemies":"Chosen and Byrds","floor":28,"turns":6},{"damage":0,"enemies":"Snake Plant","floor":29,"turns":2},{"damage":19,"enemies":"Gremlin Leader","floor":30,"turns":7},{"damage":35,"enemies":"Automaton","floor":33,"turns":14},{"damage":0,"enemies":"Orb Walker","floor":35,"turns":3},{"damage":0,"enemies":"3 Shapes","floor":36,"turns":6},{"damage":0,"enemies":"Jaw Worm Horde","floor":45,"turns":2},{"damage":16,"enemies":"4 Shapes","floor":47,"turns":5},{"damage":0,"enemies":"Maw","floor":48,"turns":14},{"damage":17,"enemies":"Awakened One","floor":50,"turns":15}],"seed_played":"1755245129462664061","potions_obtained":[{"floor":10,"key":"Dexterity Potion"},{"floor":13,"key":"SteroidPotion"},{"floor":16,"key":"PowerPotion"},{"floor":18,"key":"FearPotion"},{"floor":28,"key":"EssenceOfSteel"},{"floor":33,"key":"Ancient Potion"},{"floor":45,"key":"Weak Potion"}],"is_trial":false,"path_per_floor":["M","$","?","?","$","R","M","R","T","E","R","M","?","?","R","B",null,"M","M","M","?","$","E","M","$","T","R","M","M","E","?","R","B",null,"M","M","?","?","?","R","$","R","T","?","M","$","M","M","R","B",null],"character_chosen":"IRONCLAD","items_purchased":["Shrug It Off","Fire Breathing","Pen Nib","Metallicize","Discovery","Fire Breathing+1","Entrench"],"campfire_rested":0,"item_purchase_floors":[2,22,22,25,41,41,46],"current_hp_per_floor":[80,80,77,77,77,77,80,80,80,79,79,80,87,79,79,79,87,83,87,82,82,82,68,74,74,74,74,77,83,70,70,70,41,87,87,87,77,77,77,77,77,77,77,77,83,83,73,79,79,68],"gold":43,"neow_bonus":"THREE_CARDS","is_prod":false,"is_daily":false,"chose_seed":false,"campfire_upgraded":9,"win_rate":0,"timestamp":1556010923,"path_taken":["M","?","?","?","?","R","M","R","T","E","R","?","?","?","R","BOSS","M","M","M","?","$","E","M","$","T","R","M","M","E","?","R","BOSS","M","?","?","?","?","R","?","R","T","?","M","$","M","M","R","BOSS"],"build_version":"2019-01-23","purchased_purges":3,"victory":true,"max_hp_per_floor":[80,80,80,80,80,80,80,80,80,80,80,80,87,87,87,87,87,87,87,87,87,87,87,87,87,87,87,87,87,87,87,87,87,87,87,87,87,87,83,83,83,83,83,83,83,83,83,83,83,83],"card_choices":[{"not_picked":["Infernal Blade","Seeing Red"],"picked":"Carnage","floor":0},{"not_picked":["Havoc","Iron Wave"],"picked":"Feel No Pain","floor":1},{"not_picked":["Twin Strike","Thunderclap"],"picked":"Metallicize","floor":7},{"not_picked":["Bloodletting","Anger"],"picked":"Dual Wield","floor":10},{"not_picked":["Pommel Strike","Thunderclap"],"picked":"Iron Wave","floor":12},{"not_picked":["Sever Soul","Wild Strike"],"picked":"Immolate","floor":13},{"not_picked":["Impervious","Berserk"],"picked":"Barricade","floor":16},{"not_picked":["Carnage+1","Warcry"],"picked":"Flame Barrier","floor":18},{"not_picked":["Headbutt","Twin Strike"],"picked":"Thunderclap","floor":19},{"not_picked":["Burning Pact","True Grit","Havoc"],"picked":"SKIP","floor":20},{"not_picked":["Twin Strike+1","Armaments+1"],"picked":"True Grit+1","floor":23},{"not_picked":["Exhume","Combust","True Grit+1"],"picked":"SKIP","floor":24},{"not_picked":["Uppercut+1","Rupture+1","Heavy Blade+1"],"picked":"SKIP","floor":28},{"not_picked":["Perfected Strike+1","Headbutt+1","Clash"],"picked":"SKIP","floor":29},{"not_picked":["Warcry","True Grit","Shockwave"],"picked":"SKIP","floor":30},{"not_picked":["Shockwave+1","Combust+1"],"picked":"Shrug It Off+1","floor":35},{"not_picked":["Clothesline","Pommel Strike"],"picked":"Headbutt+1","floor":36},{"not_picked":["Violence","Flash of Steel"],"picked":"Enlightenment","floor":37},{"not_picked":["Metamorphosis","PanicButton"],"picked":"Violence","floor":37},{"not_picked":["Havoc+1","Second Wind+1","Sword Boomerang"],"picked":"SKIP","floor":45},{"not_picked":["Warcry+1","Clash+1"],"picked":"Dual Wield","floor":47},{"not_picked":["Carnage","Anger+1"],"picked":"Seeing Red","floor":48}],"player_experience":1222479,"relics_obtained":[{"floor":9,"key":"Mummified Hand"},{"floor":10,"key":"Torii"},{"floor":13,"key":"Strawberry"},{"floor":23,"key":"Bronze Scales"},{"floor":23,"key":"Whetstone"},{"floor":26,"key":"Frozen Egg 2"},{"floor":30,"key":"Smiling Mask"},{"floor":30,"key":"Sundial"},{"floor":43,"key":"Juzu Bracelet"}],"event_choices":[{"damage_healed":0,"gold_gain":0,"player_choice":"Success","damage_taken":3,"relics_obtained":["FossilizedHelix"],"max_hp_gain":0,"max_hp_loss":0,"event_name":"Scrap Ooze","floor":3,"gold_loss":0},{"cards_removed":["Strike_R"],"damage_healed":0,"gold_gain":0,"player_choice":"Forget","damage_taken":0,"max_hp_gain":0,"max_hp_loss":0,"event_name":"Living Wall","floor":4,"gold_loss":0},{"damage_healed":0,"gold_gain":30,"player_choice":"Searched \u00272\u0027 times","damage_taken":0,"max_hp_gain":0,"max_hp_loss":0,"event_name":"Dead Adventurer","floor":13,"gold_loss":0},{"damage_healed":0,"gold_gain":75,"player_choice":"Touch","damage_taken":8,"max_hp_gain":0,"max_hp_loss":0,"event_name":"FaceTrader","floor":14,"gold_loss":0},{"damage_healed":0,"gold_gain":0,"player_choice":"Ignored","damage_taken":0,"max_hp_gain":0,"max_hp_loss":0,"event_name":"Vampires","floor":21,"gold_loss":0},{"damage_healed":0,"gold_gain":0,"player_choice":"Got Potions","damage_taken":0,"max_hp_gain":0,"max_hp_loss":0,"event_name":"Lab","floor":31,"gold_loss":0},{"damage_healed":0,"gold_gain":0,"player_choice":"Memory 3","damage_taken":10,"max_hp_gain":0,"max_hp_loss":0,"event_name":"SensoryStone","floor":37,"gold_loss":0},{"damage_healed":0,"gold_gain":0,"player_choice":"Ignored","damage_taken":0,"max_hp_gain":0,"max_hp_loss":0,"event_name":"Mysterious Sphere","floor":38,"gold_loss":0},{"damage_healed":0,"gold_gain":0,"player_choice":"Max HP","damage_taken":0,"max_hp_gain":0,"max_hp_loss":4,"event_name":"Winding Halls","floor":39,"gold_loss":0},{"cards_removed":["Carnage"],"damage_healed":0,"gold_gain":0,"player_choice":"Removed Attack","damage_taken":0,"max_hp_gain":0,"max_hp_loss":0,"event_name":"Falling","floor":44,"gold_loss":0}],"is_beta":false,"boss_relics":[{"not_picked":["White Beast Statue","Calling Bell"],"picked":"Black Star"},{"not_picked":["Black Blood","Pandora\u0027s Box"],"picked":"Runic Pyramid"}],"items_purged_floors":[2,22,41],"is_endless":false,"potions_floor_spawned":[10,13,16,18,20,28,29,33,35,45,48],"ascension_level":0}