{"gold_per_floor":[116,116,126,141,152,152,169,169,216,216,53,84,84,110,110,187,187,200,42,52,66,66,66,46,65,116,128,128,161,171,206,218,230],"floor_reached":33,"playtime":2328,"items_purged":["Strike_G"],"score":549,"play_id":"84f9deb6-bca6-42e5-8906-f32a99eb1bc1","local_time":"20190811220250","is_ascension_mode":true,"campfire_choices":[{"data":"Poisoned Stab","floor":6,"key":"SMITH"},{"data":"Dagger Spray","floor":8,"key":"SMITH"},{"floor":10,"key":"REST"},{"floor":15,"key":"REST"},{"data":"Leg Sweep","floor":23,"key":"SMITH"},{"data":"Footwork","floor":28,"key":"SMITH"},{"floor":32,"key":"REST"}],"neow_cost":"NONE","seed_source_timestamp":47071115146873,"circlet_count":0,"master_deck":["AscendersBane","Strike_G","Strike_G","Strike_G+1","Defend_G","Defend_G","Defend_G","Defend_G","Defend_G","Survivor","Neutralize+1","Leg Sweep+1","Accuracy","Deflect","Poisoned Stab+1","Dagger Spray+1","Dash","Infinite Blades","Bouncing Flask","Quick Slash","Die Die Die","Blur+1","Noxious Fumes","Footwork+1","Backflip","Cloak And Dagger","Footwork+1","Blade Dance","Cloak And Dagger","Finisher+1"],"relics":["Ring of the Snake","Bag of Marbles","Omamori","Whetstone","Paper Crane","Dream Catcher","Cursed Key","Enchiridion","Strawberry","Tingsha","MawBank"],"potions_floor_usage":[7,20,24,29,31,33],"damage_taken":[{"damage":0,"enemies":"Cultist","floor":1,"turns":4},{"damage":5,"enemies":"Small Slimes","floor":3,"turns":5},{"damage":7,"enemies":"Jaw Worm","floor":4,"turns":8},{"damage":0,"enemies":"Blue Slaver","floor":5,"turns":5},{"damage":28,"enemies":"Exordium Thugs","floor":7,"turns":5},{"damage":6,"enemies":"Gremlin Nob","floor":12,"turns":5},{"damage":10,"enemies":"Lagavulin","floor":14,"turns":6},{"damage":11,"enemies":"Hexaghost","floor":16,"turns":9},{"damage":5,"enemies":"Shell Parasite","floor":18,"turns":6},{"damage":1,"enemies":"3 Byrds","floor":20,"turns":2},{"damage":0,"enemies":"Snecko","floor":21,"turns":4},{"damage":12,"enemies":"Sentry and Sphere","floor":25,"turns":6},{"damage":0,"enemies":"Centurion and Healer","floor":27,"turns":6},{"damage":23,"enemies":"Slavers","floor":29,"turns":6},{"damage":6,"enemies":"Snecko","floor":30,"turns":5},{"damage":15,"enemies":"Gremlin Leader","floor":31,"turns":8},{"damage":38,"enemies":"Collector","floor":33,"turns":7}],"seed_played":"-4214106921482243924","potions_obtained":[{"floor":4,"key":"Ancient Potion"},{"floor":7,"key":"GamblersBrew"},{"floor":13,"key":"SteroidPotion"},{"floor":13,"key":"FearPotion"},{"floor":16,"key":"Regen Potion"},{"floor":18,"key":"LiquidBronze"},{"floor":21,"key":"Fruit Juice"},{"floor":24,"key":"Strength Potion"},{"floor":29,"key":"Ancient Potion"}],"is_trial":false,"path_per_floor":["M","?","M","M","M","R","M","R","T","R","$","E","?","E","R","B",null,"M","$","M","M","?","R","?","M","T","M","R","E","M","E","R","B"],"character_chosen":"THE_SILENT","items_purchased":["Whetstone","Noxious Fumes"],"campfire_rested":3,"item_purchase_floors":[11,19],"current_hp_per_floor":[59,59,54,47,47,47,19,19,19,38,38,32,32,22,41,30,57,52,52,51,51,30,30,35,23,30,30,30,22,16,1,24,0],"gold":230,"neow_bonus":"RANDOM_COMMON_RELIC","is_prod":false,"is_daily":false,"chose_seed":false,"campfire_upgraded":4,"win_rate":0,"timestamp":1565553770,"path_taken":["M","?","M","M","?","R","?","R","T","R","$","E","?","E","R","BOSS","M","$","?","M","?","R","?","M","T","?","R","E","M","E","R","BOSS"],"build_version":"2019-07-17","purchased_purges":1,"victory":false,"max_hp_per_floor":[66,66,66,66,66,66,66,66,66,66,66,66,66,66,66,66,66,66,66,66,66,66,66,71,71,78,78,78,78,78,78,78,78],"card_choices":[{"not_picked":["PiercingWail","Quick Slash"],"picked":"Leg Sweep","floor":1},{"not_picked":["Backflip","Well Laid Plans"],"picked":"Deflect","floor":3},{"not_picked":["Blade Dance","Deflect"],"picked":"Poisoned Stab","floor":4},{"not_picked":["Underhanded Strike","Distraction"],"picked":"Dagger Spray","floor":5},{"not_picked":["Deflect","Dagger Spray"],"picked":"Dash","floor":7},{"not_picked":["Tools of the Trade","Quick Slash"],"picked":"Infinite Blades","floor":12},{"not_picked":["Flying Knee","PiercingWail"],"picked":"Bouncing Flask","floor":14},{"not_picked":["Prepared","Expertise"],"picked":"Quick Slash","floor":15},{"not_picked":["Bullet Time","Envenom"],"picked":"Die Die Die","floor":16},{"not_picked":["Blade Dance","Escape Plan"],"picked":"Blur+1","floor":18},{"not_picked":["Underhanded Strike","Slice","Dagger Throw"],"picked":"SKIP","floor":20},{"not_picked":["Deadly Poison+1","Backflip"],"picked":"Footwork","floor":21},{"not_picked":["Reflex","Deadly Poison"],"picked":"Backflip","floor":25},{"not_picked":["Dagger Throw","Dagger Spray"],"picked":"Cloak And Dagger","floor":27},{"not_picked":["Dagger Spray","Dagger Throw"],"picked":"Footwork+1","floor":29},{"not_picked":["Dodge and Roll","Finisher"],"picked":"Blade Dance","floor":30},{"not_picked":["Setup+1","Predator"],"picked":"Cloak And Dagger","floor":31},{"not_picked":["Predator","Quick Slash"],"picked":"Finisher+1","floor":32}],"player_experience":859730,"relics_obtained":[{"floor":9,"key":"Omamori"},{"floor":12,"key":"Paper Crane"},{"floor":14,"key":"Dream Catcher"},{"floor":22,"key":"Enchiridion"},{"floor":26,"key":"Strawberry"},{"floor":29,"key":"Tingsha"},{"floor":31,"key":"MawBank"}],"event_choices":[{"damage_healed":0,"gold_gain":0,"cards_transformed":["Strike_G"],"player_choice":"Transformed","damage_taken":0,"max_hp_gain":0,"max_hp_loss":0,"event_name":"Transmorgrifier","floor":2,"gold_loss":0,"cards_obtained":["Accuracy"]},{"damage_healed":0,"gold_gain":0,"player_choice":"Got Potions","damage_taken":0,"max_hp_gain":0,"max_hp_loss":0,"event_name":"Lab","floor":13,"gold_loss":0},{"damage_healed":0,"gold_gain":0,"player_choice":"Obtained Book","damage_taken":21,"max_hp_gain":0,"max_hp_loss":0,"event_name":"Cursed Tome","floor":22,"gold_loss":0},{"damage_healed":0,"gold_gain":0,"player_choice":"Bought 1 Potion","damage_taken":0,"max_hp_gain":0,"max_hp_loss":0,"event_name":"The Woman in Blue","floor":24,"gold_loss":0}],"is_beta":false,"boss_relics":[{"not_picked":["Coffee Dripper","Sozu"],"picked":"Cursed Key"}],"items_purged_floors":[19],"is_endless":false,"potions_floor_spawned":[4,7,16,18,21,29,30],"killed_by":"Collector","ascension_level":17}