{"gold_per_floor":[114,114,114,114,39,39,70,70,116,116,27,27,52,70,70,148,148,161,173,173,188,113,113,143,143,143,176,176,176,20,31,31,102,102,121,121,121,121,134,134,167,167,194,69,84,6,31,48,48,48,48],"floor_reached":51,"playtime":2859,"items_purged":["Shame","Writhe","Decay"],"score":1540,"play_id":"a6901aa9-53a0-43ed-8eca-0d6a5fa31c64","local_time":"20190328163431","is_ascension_mode":true,"campfire_choices":[{"data":"Bash","floor":6,"key":"SMITH"},{"data":"Headbutt","floor":8,"key":"SMITH"},{"data":"Shockwave","floor":12,"key":"SMITH"},{"data":"Inflame","floor":15,"key":"SMITH"},{"data":"Heavy Blade","floor":23,"key":"SMITH"},{"data":"Rage","floor":25,"key":"SMITH"},{"data":"Feed","floor":28,"key":"SMITH"},{"floor":32,"key":"REST"},{"data":"Madness","floor":40,"key":"SMITH"},{"data":"Madness","floor":42,"key":"SMITH"},{"floor":49,"key":"RECALL"}],"neow_cost":"NONE","seed_source_timestamp":883368863461800,"circlet_count":0,"master_deck":["AscendersBane","Strike_R+1","Strike_R+1","Strike_R+1","Defend_R","Defend_R","Defend_R","Defend_R","Bash+1","Headbutt+1","Reaper+1","Shockwave+1","Inflame+1","Ghostly Armor","Feed+1","Sword Boomerang+1","Body Slam+1","Heavy Blade+1","Rage+1","Shrug It Off+1","Impervious","Madness+1","Madness+1","Trip","Good Instincts","Blind","Sentinel","Rage","Seeing Red","Flex","Bloodletting"],"relics":["Burning Blood","NeowsBlessing","Red Skull","Darkstone Periapt","Gremlin Horn","Whetstone","Unceasing Top","Cursed Key","Potion Belt","Nunchaku","Singing Bowl","Centennial Puzzle","Nilry\u0027s Codex","Busted Crown","PreservedInsect","Bag of Marbles"],"potions_floor_usage":[16,24,24,41,51],"damage_taken":[{"damage":0,"enemies":"Small Slimes","floor":1,"turns":1},{"damage":0,"enemies":"Lagavulin","floor":7,"turns":1},{"damage":0,"enemies":"3 Sentries","floor":13,"turns":1},{"damage":2,"enemies":"Jaw Worm","floor":14,"turns":5},{"damage":59,"enemies":"Hexaghost","floor":16,"turns":9},{"damage":24,"enemies":"3 Byrds","floor":18,"turns":5},{"damage":25,"enemies":"Spheric Guardian","floor":19,"turns":5},{"damage":47,"enemies":"Centurion and Healer","floor":21,"turns":7},{"damage":8,"enemies":"Book of Stabbing","floor":24,"turns":4},{"damage":18,"enemies":"Gremlin Leader","floor":27,"turns":4},{"damage":19,"enemies":"Snake Plant","floor":31,"turns":4},{"damage":23,"enemies":"Champ","floor":33,"turns":11},{"damage":9,"enemies":"3 Shapes","floor":35,"turns":5},{"damage":12,"enemies":"3 Darklings","floor":39,"turns":11},{"damage":62,"enemies":"Giant Head","floor":41,"turns":8},{"damage":17,"enemies":"Jaw Worm Horde","floor":45,"turns":5},{"damage":23,"enemies":"Nemesis","floor":47,"turns":3},{"damage":0,"enemies":"4 Shapes","floor":48,"turns":8},{"damage":75,"enemies":"Awakened One","floor":50,"turns":11},{"damage":95,"enemies":"Time Eater","floor":51,"turns":8}],"seed_played":"-4146809907058310722","potions_obtained":[{"floor":7,"key":"LiquidBronze"},{"floor":14,"key":"Block Potion"},{"floor":16,"key":"Dexterity Potion"},{"floor":19,"key":"Fire Potion"},{"floor":24,"key":"FearPotion"},{"floor":31,"key":"AttackPotion"},{"floor":35,"key":"Fire Potion"},{"floor":48,"key":"FairyPotion"}],"is_trial":false,"path_per_floor":["M","?","T","?","?","R","E","R","T","?","$","R","E","M","R","B",null,"M","M","?","M","$","R","E","R","T","E","R","?","$","M","R","B",null,"M","?","?","?","M","R","E","R","T","$","M","$","E","M","R","B","B"],"character_chosen":"IRONCLAD","items_purchased":["Shockwave","Fire Potion","Seeing Red"],"campfire_rested":1,"item_purchase_floors":[11,30,46],"current_hp_per_floor":[74,74,74,67,67,67,73,73,73,50,50,50,59,68,68,31,64,67,51,57,51,51,51,49,49,55,48,48,27,27,30,61,56,93,108,88,78,78,100,100,55,55,61,61,72,72,62,108,108,60,0],"gold":48,"neow_bonus":"THREE_ENEMY_KILL","is_prod":false,"is_daily":false,"chose_seed":false,"campfire_upgraded":9,"win_rate":0,"timestamp":1553780071,"path_taken":["M","?","?","?","?","R","E","R","T","?","?","R","E","M","R","BOSS","M","?","?","M","?","R","E","R","T","E","R","?","$","M","R","BOSS","M","?","?","?","?","R","E","R","T","$","M","$","E","M","R","BOSS","BOSS"],"build_version":"2019-01-23","purchased_purges":3,"victory":false,"max_hp_per_floor":[75,75,75,75,75,75,75,75,75,75,75,75,75,75,75,75,75,78,81,87,90,90,90,90,90,96,101,101,101,101,105,105,105,105,111,111,111,111,115,115,117,117,123,123,129,129,129,137,137,137,137],"card_choices":[{"not_picked":["Clash","True Grit"],"picked":"Headbutt","floor":1},{"not_picked":["Offering","Heavy Blade"],"picked":"Reaper","floor":7},{"not_picked":["Hemokinesis","Perfected Strike"],"picked":"Inflame","floor":13},{"not_picked":["Second Wind","Bloodletting"],"picked":"Ghostly Armor","floor":14},{"not_picked":["Berserk","Barricade"],"picked":"Feed","floor":16},{"not_picked":["Cleave","Pummel"],"picked":"Sword Boomerang+1","floor":18},{"not_picked":["Havoc","Flex"],"picked":"Body Slam+1","floor":19},{"not_picked":["Cleave","Juggernaut"],"picked":"Heavy Blade","floor":21},{"not_picked":["Sword Boomerang","Carnage"],"picked":"Rage","floor":24},{"not_picked":["Wild Strike","Metallicize","Fire Breathing"],"picked":"Singing Bowl","floor":27},{"not_picked":["Pummel","Body Slam"],"picked":"Shrug It Off+1","floor":31},{"not_picked":["Feed","Exhume"],"picked":"Impervious","floor":33},{"not_picked":["Wild Strike"],"picked":"Singing Bowl","floor":35},{"not_picked":[],"picked":"Trip","floor":37},{"not_picked":[],"picked":"Good Instincts","floor":37},{"not_picked":[],"picked":"Blind","floor":37},{"not_picked":[],"picked":"Rage","floor":39},{"not_picked":["Warcry"],"picked":"Singing Bowl","floor":41},{"not_picked":["Searing Blow"],"picked":"Singing Bowl","floor":45},{"not_picked":[],"picked":"Flex","floor":47},{"not_picked":[],"picked":"Bloodletting","floor":48}],"player_experience":1036527,"relics_obtained":[{"floor":3,"key":"Darkstone Periapt"},{"floor":7,"key":"Gremlin Horn"},{"floor":9,"key":"Whetstone"},{"floor":13,"key":"Unceasing Top"},{"floor":24,"key":"Nunchaku"},{"floor":26,"key":"Singing Bowl"},{"floor":27,"key":"Centennial Puzzle"},{"floor":29,"key":"Nilry\u0027s Codex"},{"floor":41,"key":"PreservedInsect"},{"floor":47,"key":"Bag of Marbles"}],"event_choices":[{"damage_healed":0,"gold_gain":0,"player_choice":"Box","damage_taken":0,"relics_obtained":["Red Skull"],"max_hp_gain":0,"max_hp_loss":0,"event_name":"Big Fish","floor":2,"gold_loss":0,"cards_obtained":["Regret"]},{"cards_removed":["Regret"],"damage_healed":0,"gold_gain":0,"player_choice":"Card Removal","damage_taken":7,"max_hp_gain":0,"max_hp_loss":0,"event_name":"Golden Wing","floor":4,"gold_loss":0},{"cards_removed":["Strike_R"],"damage_healed":0,"gold_gain":0,"player_choice":"Card Removal","damage_taken":0,"max_hp_gain":0,"max_hp_loss":0,"event_name":"The Cleric","floor":5,"gold_loss":75},{"damage_healed":0,"gold_gain":0,"player_choice":"Entered Light","damage_taken":23,"max_hp_gain":0,"max_hp_loss":0,"event_name":"Shining Light","floor":10,"gold_loss":0,"cards_upgraded":["Reaper","Strike_R"]},{"damage_healed":0,"gold_gain":0,"player_choice":"Stole Relic","damage_taken":0,"relics_obtained":["Potion Belt"],"max_hp_gain":0,"max_hp_loss":0,"event_name":"Addict","floor":20,"gold_loss":0,"cards_obtained":["Shame"]},{"damage_healed":0,"gold_gain":0,"player_choice":"Obtained Book","damage_taken":21,"max_hp_gain":0,"max_hp_loss":0,"event_name":"Cursed Tome","floor":29,"gold_loss":0},{"damage_healed":0,"gold_gain":0,"player_choice":"Embrace Madness","damage_taken":20,"max_hp_gain":0,"max_hp_loss":0,"event_name":"Winding Halls","floor":36,"gold_loss":0,"cards_obtained":["Madness","Madness"]},{"damage_healed":0,"gold_gain":0,"player_choice":"Memory 3","damage_taken":10,"max_hp_gain":0,"max_hp_loss":0,"event_name":"SensoryStone","floor":37,"gold_loss":0},{"damage_healed":0,"gold_gain":0,"cards_transformed":["Strike_R"],"player_choice":"Transformed","damage_taken":0,"max_hp_gain":0,"max_hp_loss":0,"event_name":"Transmorgrifier","floor":38,"gold_loss":0,"cards_obtained":["Sentinel"]}],"is_beta":false,"boss_relics":[{"not_picked":["Lizard Tail","Ectoplasm"],"picked":"Cursed Key"},{"not_picked":["Runic Cube","Tiny House"],"picked":"Busted Crown"}],"items_purged_floors":[22,30,44],"is_endless":false,"potions_floor_spawned":[7,14,16,18,19,24,31,35,39,48],"killed_by":"Time Eater","ascension_level":20}