{"gold_per_floor":[115,40,40,53,68,111,111,142,142,142,175,175,196,196,196,287,287,301,321,334,2,20,20,20,20,47,47,47,23,44,84,84,180,180,195,1194,1244,1244,402,402],"floor_reached":40,"playtime":3232,"items_purged":["Strike_R","Perfected Strike+1"],"score":865,"play_id":"8512d00b-162d-4c35-99b8-b97244b0cef5","local_time":"20190401181507","is_ascension_mode":true,"campfire_choices":[{"data":"Shockwave","floor":10,"key":"SMITH"},{"data":"Rage","floor":12,"key":"SMITH"},{"data":"Anger","floor":15,"key":"SMITH"},{"floor":23,"key":"REST"},{"floor":28,"key":"REST"},{"floor":32,"key":"REST"}],"neow_cost":"NONE","seed_source_timestamp":1234661277633000,"circlet_count":0,"master_deck":["AscendersBane","Strike_R+1","Strike_R+1","Strike_R+1","Defend_R+1","Defend_R+1","Defend_R+1","Defend_R+1","Bash+1","Thunderclap","Anger+1","Inflame","Shockwave+1","Rage+1","Spot Weakness","Juggernaut","Seeing Red+1","Feel No Pain","Shrug It Off","Shrug It Off","Body Slam","True Grit","Battle Trance","Juggernaut","Entrench","True Grit","Magnetism"],"relics":["Burning Blood","Golden Idol","Bottled Flame","Happy Flower","Mercury Hourglass","Mango","Fusion Hammer","Omamori","Potion Belt","Juzu Bracelet","Coffee Dripper","Bag of Preparation","Centennial Puzzle","Sundial"],"potions_floor_usage":[6,16,20,31,40],"damage_taken":[{"damage":7,"enemies":"Small Slimes","floor":1,"turns":4},{"damage":11,"enemies":"Jaw Worm","floor":4,"turns":5},{"damage":0,"enemies":"Cultist","floor":5,"turns":3},{"damage":24,"enemies":"Gremlin Nob","floor":6,"turns":4},{"damage":20,"enemies":"Lagavulin","floor":8,"turns":5},{"damage":15,"enemies":"3 Sentries","floor":11,"turns":4},{"damage":2,"enemies":"2 Fungi Beasts","floor":13,"turns":3},{"damage":47,"enemies":"The Guardian","floor":16,"turns":10},{"damage":16,"enemies":"3 Byrds","floor":18,"turns":5},{"damage":18,"enemies":"2 Thieves","floor":19,"turns":4},{"damage":33,"enemies":"Snake Plant","floor":20,"turns":5},{"damage":11,"enemies":"Centurion and Healer","floor":22,"turns":7},{"damage":8,"enemies":"Cultist and Chosen","floor":30,"turns":6},{"damage":37,"enemies":"Slavers","floor":31,"turns":6},{"damage":48,"enemies":"Automaton","floor":33,"turns":8},{"damage":52,"enemies":"3 Darklings","floor":35,"turns":6},{"damage":27,"enemies":"Nemesis","floor":40,"turns":4}],"seed_played":"2870945179513421426","potions_obtained":[{"floor":4,"key":"Ancient Potion"},{"floor":5,"key":"Ancient Potion"},{"floor":11,"key":"SteroidPotion"},{"floor":14,"key":"BloodPotion"},{"floor":14,"key":"Ancient Potion"},{"floor":16,"key":"Regen Potion"},{"floor":22,"key":"Ancient Potion"},{"floor":30,"key":"Weak Potion"},{"floor":35,"key":"Fire Potion"}],"is_trial":false,"path_per_floor":["M","?","?","M","M","E","?","E","T","R","E","R","M","?","R","B",null,"M","M","M","$","M","R","?","?","T","?","R","$","M","E","R","B",null,"M","?","?","?","$","E"],"character_chosen":"IRONCLAD","items_purchased":["Feel No Pain","Shrug It Off","Omamori","True Grit","True Grit","Magnetism","Centennial Puzzle","Sundial","SkillPotion"],"campfire_rested":3,"item_purchase_floors":[21,21,21,29,39,39,39,39,39],"current_hp_per_floor":[67,67,67,62,68,50,50,36,36,36,41,41,45,45,45,12,65,55,43,30,30,25,49,49,49,49,49,73,73,71,40,64,22,67,21,21,21,21,21,0],"gold":402,"neow_bonus":"UPGRADE_CARD","is_prod":false,"is_daily":false,"chose_seed":false,"campfire_upgraded":3,"win_rate":0,"timestamp":1554131707,"path_taken":["M","?","?","M","M","E","?","E","T","R","E","R","M","?","R","BOSS","M","?","M","$","M","R","?","?","T","?","R","$","M","E","R","BOSS","M","?","?","?","?","E"],"build_version":"2019-01-23","purchased_purges":2,"victory":false,"max_hp_per_floor":[75,75,68,68,68,68,68,68,68,68,82,82,82,82,82,82,82,82,82,82,82,82,82,82,82,82,82,82,82,82,82,82,82,82,82,82,82,82,82,82],"card_choices":[{"not_picked":["Clash","Ghostly Armor"],"picked":"Thunderclap","floor":1},{"not_picked":["Reckless Charge","Rampage"],"picked":"Anger","floor":4},{"not_picked":["Power Through","Flex"],"picked":"Perfected Strike","floor":5},{"not_picked":["Shrug It Off","Bludgeon"],"picked":"Inflame","floor":6},{"not_picked":["Clothesline","Second Wind"],"picked":"Shockwave","floor":8},{"not_picked":["Intimidate","Infernal Blade"],"picked":"Rage","floor":11},{"not_picked":["Inflame","Clash"],"picked":"Spot Weakness","floor":13},{"not_picked":["Bludgeon","Offering"],"picked":"Juggernaut","floor":16},{"not_picked":["Anger","Warcry","Flex"],"picked":"SKIP","floor":18},{"not_picked":["Warcry","Armaments"],"picked":"Seeing Red+1","floor":19},{"not_picked":["Clash","Evolve","Double Tap"],"picked":"SKIP","floor":20},{"not_picked":["Armaments","Cleave"],"picked":"Shrug It Off","floor":22},{"not_picked":["Anger","Rupture","Pommel Strike"],"picked":"SKIP","floor":30},{"not_picked":["Anger","Rupture","Pommel Strike"],"picked":"SKIP","floor":30},{"not_picked":["Juggernaut","Clash"],"picked":"Battle Trance","floor":31},{"not_picked":["Demon Form","Feed"],"picked":"Juggernaut","floor":33},{"not_picked":["Anger","Fire Breathing"],"picked":"Entrench","floor":35}],"player_experience":1085136,"relics_obtained":[{"floor":6,"key":"Bottled Flame"},{"floor":8,"key":"Happy Flower"},{"floor":9,"key":"Mercury Hourglass"},{"floor":11,"key":"Mango"},{"floor":26,"key":"Potion Belt"},{"floor":31,"key":"Juzu Bracelet"},{"floor":38,"key":"Bag of Preparation"}],"event_choices":[{"cards_removed":["Strike_R"],"damage_healed":0,"gold_gain":0,"player_choice":"Card Removal","damage_taken":0,"max_hp_gain":0,"max_hp_loss":0,"event_name":"The Cleric","floor":2,"gold_loss":75},{"damage_healed":0,"gold_gain":0,"player_choice":"Lose Max HP","damage_taken":0,"relics_obtained":["Golden Idol"],"max_hp_gain":0,"max_hp_loss":7,"event_name":"Golden Idol","floor":3,"gold_loss":0},{"damage_healed":0,"gold_gain":0,"player_choice":"Grow","damage_taken":0,"max_hp_gain":0,"max_hp_loss":0,"event_name":"Living Wall","floor":7,"gold_loss":0,"cards_upgraded":["Perfected Strike"]},{"damage_healed":0,"gold_gain":0,"player_choice":"Got Potions","damage_taken":0,"max_hp_gain":0,"max_hp_loss":0,"event_name":"Lab","floor":14,"gold_loss":0},{"damage_healed":0,"gold_gain":0,"player_choice":"Ignored","damage_taken":0,"max_hp_gain":0,"max_hp_loss":0,"event_name":"Vampires","floor":24,"gold_loss":0},{"damage_healed":0,"gold_gain":0,"player_choice":"Read","damage_taken":0,"max_hp_gain":0,"max_hp_loss":0,"event_name":"The Library","floor":25,"gold_loss":0,"cards_obtained":["Body Slam"]},{"damage_healed":0,"gold_gain":0,"player_choice":"Simplicity","damage_taken":0,"max_hp_gain":0,"max_hp_loss":0,"event_name":"Back to Basics","floor":27,"gold_loss":0,"cards_upgraded":["Strike_R","Strike_R","Strike_R","Defend_R","Defend_R","Defend_R","Defend_R"]},{"damage_healed":0,"gold_gain":999,"player_choice":"Gold","damage_taken":0,"max_hp_gain":0,"max_hp_loss":0,"event_name":"MindBloom","floor":36,"gold_loss":0,"cards_obtained":["Normality","Normality"]},{"damage_healed":0,"gold_gain":50,"player_choice":"Pray","damage_taken":0,"max_hp_gain":0,"max_hp_loss":0,"event_name":"Golden Shrine","floor":37,"gold_loss":0},{"damage_healed":0,"gold_gain":0,"player_choice":"Relic","damage_taken":0,"max_hp_gain":0,"max_hp_loss":0,"event_name":"Wheel of Change","floor":38,"gold_loss":0}],"is_beta":false,"boss_relics":[{"not_picked":["Pandora\u0027s Box","Runic Pyramid"],"picked":"Fusion Hammer"},{"not_picked":["Calling Bell","Runic Dome"],"picked":"Coffee Dripper"}],"items_purged_floors":[21,39],"is_endless":false,"potions_floor_spawned":[4,5,11,16,22,30,35],"killed_by":"Nemesis","ascension_level":20}