{"gold_per_floor":[117,8,8,21,33,65,65,84,84,114,114,184,184,29,29,125,125,146,165,165,165,65,93,93,128,128,143,143,143,157,32,32,32],"floor_reached":33,"playtime":1801,"items_purged":["Strike_R","Perfected Strike+1","Strike_R+1"],"score":682,"play_id":"84754718-c0ca-4bb7-adc1-e25c891c54a0","local_time":"20190320172103","is_ascension_mode":true,"campfire_choices":[{"data":"Immolate","floor":7,"key":"SMITH"},{"data":"Bash","floor":13,"key":"SMITH"},{"data":"Perfected Strike","floor":15,"key":"SMITH"},{"data":"Anger","floor":24,"key":"SMITH"},{"data":"Spot Weakness","floor":29,"key":"SMITH"},{"data":"Iron Wave","floor":32,"key":"SMITH"}],"neow_cost":"PERCENT_DAMAGE","seed_source_timestamp":195966829593800,"circlet_count":0,"master_deck":["AscendersBane","Strike_R+1","Strike_R+1","Defend_R+1","Defend_R+1","Defend_R+1","Defend_R+1","Bash+1","Disarm","Iron Wave+1","Anger+1","Cleave","Immolate+1","Disarm","Inflame","Feed","Spot Weakness+1","Necronomicurse"],"relics":["Burning Blood","FossilizedHelix","Red Skull","Orichalcum","Gremlin Horn","Bloody Idol","Tiny Chest","Busted Crown","Ice Cream","Blue Candle","Toxic Egg 2","Necronomicon"],"potions_floor_usage":[23],"damage_taken":[{"damage":0,"enemies":"Cultist","floor":1,"turns":4},{"damage":0,"enemies":"Small Slimes","floor":4,"turns":3},{"damage":0,"enemies":"2 Louse","floor":5,"turns":3},{"damage":19,"enemies":"Gremlin Nob","floor":6,"turns":4},{"damage":0,"enemies":"2 Fungi Beasts","floor":8,"turns":3},{"damage":12,"enemies":"Lagavulin","floor":12,"turns":7},{"damage":21,"enemies":"Hexaghost","floor":16,"turns":9},{"damage":0,"enemies":"Chosen","floor":18,"turns":3},{"damage":11,"enemies":"2 Thieves","floor":19,"turns":3},{"damage":26,"enemies":"Book of Stabbing","floor":23,"turns":8},{"damage":0,"enemies":"Gremlin Leader","floor":25,"turns":4},{"damage":10,"enemies":"Snake Plant","floor":27,"turns":7},{"damage":13,"enemies":"Centurion and Healer","floor":30,"turns":7},{"damage":51,"enemies":"Automaton","floor":33,"turns":6}],"seed_played":"-2128802725385269431","potions_obtained":[{"floor":8,"key":"BloodPotion"},{"floor":12,"key":"Energy Potion"},{"floor":18,"key":"Dexterity Potion"},{"floor":30,"key":"Dexterity Potion"}],"is_trial":false,"path_per_floor":["M","$","?","M","M","E","R","M","T","?","?","E","R","$","R","B",null,"M","M","?","?","$","E","R","E","T","M","?","R","M","$","R","B"],"character_chosen":"IRONCLAD","items_purchased":["Perfected Strike","Iron Wave","Inflame"],"campfire_rested":0,"item_purchase_floors":[2,2,14],"current_hp_per_floor":[56,56,56,62,68,55,55,61,61,61,61,55,55,55,55,40,61,67,65,65,65,65,53,53,67,67,71,50,50,51,51,51,0],"gold":32,"neow_bonus":"ONE_RARE_RELIC","is_prod":false,"is_daily":false,"chose_seed":false,"campfire_upgraded":6,"win_rate":0,"timestamp":1553091663,"path_taken":["M","?","?","M","?","E","R","?","T","?","?","E","R","$","R","BOSS","M","M","?","?","$","E","R","E","T","M","?","R","M","$","R","BOSS"],"build_version":"2019-01-23","purchased_purges":3,"victory":false,"max_hp_per_floor":[75,75,75,75,75,75,75,75,75,75,68,68,68,68,68,68,68,68,71,71,71,71,74,74,77,77,80,80,80,83,83,83,83],"card_choices":[{"not_picked":["Heavy Blade","Burning Pact"],"picked":"Disarm","floor":1},{"not_picked":["Uppercut","True Grit"],"picked":"Anger","floor":4},{"not_picked":["Perfected Strike","Body Slam"],"picked":"Cleave","floor":5},{"not_picked":["Clash","Clothesline"],"picked":"Immolate","floor":6},{"not_picked":["Carnage","Flex","Corruption"],"picked":"SKIP","floor":8},{"not_picked":["Hemokinesis","Armaments"],"picked":"Disarm","floor":12},{"not_picked":["Offering","Reaper"],"picked":"Feed","floor":16},{"not_picked":["Cleave"],"picked":"SKIP","floor":18},{"not_picked":["Clash"],"picked":"SKIP","floor":19},{"not_picked":["Armaments"],"picked":"SKIP","floor":23},{"not_picked":["Armaments"],"picked":"SKIP","floor":23},{"not_picked":[],"picked":"Spot Weakness","floor":25},{"not_picked":["Thunderclap"],"picked":"SKIP","floor":27},{"not_picked":["Bloodletting+1"],"picked":"SKIP","floor":30}],"player_experience":961424,"relics_obtained":[{"floor":6,"key":"Red Skull"},{"floor":9,"key":"Orichalcum"},{"floor":12,"key":"Tiny Chest"},{"floor":23,"key":"Ice Cream"},{"floor":25,"key":"Blue Candle"},{"floor":26,"key":"Toxic Egg 2"},{"floor":28,"key":"Necronomicon"}],"event_choices":[{"cards_removed":["Strike_R"],"damage_healed":0,"gold_gain":0,"player_choice":"Offered Basic","damage_taken":0,"max_hp_gain":0,"max_hp_loss":0,"event_name":"Bonfire Elementals","floor":3,"gold_loss":0},{"damage_healed":0,"gold_gain":30,"player_choice":"Searched \u00272\u0027 times","damage_taken":0,"relics_obtained":["Gremlin Horn"],"max_hp_gain":0,"max_hp_loss":0,"event_name":"Dead Adventurer","floor":10,"gold_loss":0},{"damage_healed":0,"gold_gain":0,"player_choice":"Lose Max HP","damage_taken":0,"relics_obtained":["Golden Idol"],"max_hp_gain":0,"max_hp_loss":7,"event_name":"Golden Idol","floor":11,"gold_loss":0},{"damage_healed":0,"gold_gain":0,"player_choice":"Simplicity","damage_taken":0,"max_hp_gain":0,"max_hp_loss":0,"event_name":"Back to Basics","floor":20,"gold_loss":0,"cards_upgraded":["Strike_R","Strike_R","Strike_R","Defend_R","Defend_R","Defend_R","Defend_R"]},{"damage_healed":0,"gold_gain":0,"player_choice":"Gave Idol","damage_taken":0,"relics_obtained":["Bloody Idol"],"max_hp_gain":0,"max_hp_loss":0,"event_name":"Forgotten Altar","floor":21,"relics_lost":["Golden Idol"],"gold_loss":0},{"damage_healed":0,"gold_gain":0,"player_choice":"Obtained Book","damage_taken":21,"max_hp_gain":0,"max_hp_loss":0,"event_name":"Cursed Tome","floor":28,"gold_loss":0}],"is_beta":false,"boss_relics":[{"not_picked":["Fusion Hammer","Coffee Dripper"],"picked":"Busted Crown"}],"items_purged_floors":[14,22,31],"is_endless":false,"potions_floor_spawned":[8,12,18,30],"killed_by":"Automaton","ascension_level":20}