{"gold_per_floor":[110,60,60,60,77,77,2,2,29,62,78,109,109,125,125,223,223,240,258,258,288,305,338,338,338,338,358,164,180,197,9,9,105,105,118,133,233,233,246,246,260,277,277,277,293,326,340,351,351,351,351,351,6,35,35],"floor_reached":56,"playtime":3971,"items_purged":["Strike_B","Machine Learning"],"score":1261,"play_id":"a76d295f-844c-4c55-9c69-b44b8f05358c","local_time":"20190916223916","is_ascension_mode":false,"campfire_choices":[{"data":"Zap","floor":6.0,"key":"SMITH"},{"data":"Redo","floor":13.0,"key":"SMITH"},{"data":"FTL","floor":15.0,"key":"SMITH"},{"data":"Coolheaded","floor":25.0,"key":"SMITH"},{"floor":32.0,"key":"REST"},{"floor":40.0,"key":"RECALL"},{"data":"Capacitor","floor":44.0,"key":"SMITH"},{"data":"Seek","floor":49.0,"key":"SMITH"},{"data":"Beam Cell","floor":52.0,"key":"SMITH"}],"neow_cost":"NONE","seed_source_timestamp":244847147335500,"circlet_count":0,"master_deck":["Strike_B","Strike_B","Defend_B+1","Defend_B","Defend_B","Defend_B+1","Zap+1","Dualcast","Streamline","Go for the Eyes+1","FTL+1","Sweeping Beam","Redo+1","Scrape","Gash","Machine Learning","Go for the Eyes+1","Chill","Beam Cell+1","Coolheaded+1","Steam","Capacitor+1","Seek+1","Defragment+1","Steam","All For One","Loop+1","Skim+1","Defragment+1","Cold Snap","Force Field+1","Coolheaded+1","BootSequence","Streamline+1","Apotheosis","Defragment","Capacitor+1"],"special_seed":0,"relics":["Cracked Core","NeowsBlessing","Bronze Scales","Strawberry","Omamori","Runic Pyramid","Red Mask","Ancient Tea Set","CultistMask","Nuclear Battery","StoneCalendar","Bag of Marbles","Meat on the Bone","Bag of Preparation"],"potions_floor_usage":[55,55,55],"damage_taken":[{"damage":0.0,"enemies":"2 Louse","floor":1.0,"turns":1.0},{"damage":0.0,"enemies":"Cultist","floor":5.0,"turns":1.0},{"damage":0.0,"enemies":"3 Sentries","floor":10.0,"turns":1.0},{"damage":7.0,"enemies":"Small Slimes","floor":11.0,"turns":2.0},{"damage":19.0,"enemies":"Lagavulin","floor":12.0,"turns":6.0},{"damage":1.0,"enemies":"Exordium Thugs","floor":14.0,"turns":3.0},{"damage":0.0,"enemies":"Slime Boss","floor":16.0,"turns":6.0},{"damage":20.0,"enemies":"Spheric Guardian","floor":18.0,"turns":4.0},{"damage":16.0,"enemies":"2 Thieves","floor":19.0,"turns":4.0},{"damage":10.0,"enemies":"Masked Bandits","floor":21.0,"turns":4.0},{"damage":3.0,"enemies":"3 Cultists","floor":22.0,"turns":4.0},{"damage":8.0,"enemies":"Book of Stabbing","floor":23.0,"turns":4.0},{"damage":0.0,"enemies":"Chosen and Byrds","floor":27.0,"turns":3.0},{"damage":15.0,"enemies":"Snake Plant","floor":29.0,"turns":5.0},{"damage":0.0,"enemies":"Shelled Parasite and Fungi","floor":30.0,"turns":6.0},{"damage":1.0,"enemies":"Automaton","floor":33.0,"turns":10.0},{"damage":0.0,"enemies":"3 Darklings","floor":35.0,"turns":5.0},{"damage":5.0,"enemies":"Orb Walker","floor":36.0,"turns":4.0},{"damage":3.0,"enemies":"Mind Bloom Boss Battle","floor":37.0,"turns":6.0},{"damage":0.0,"enemies":"Maw","floor":39.0,"turns":7.0},{"damage":0.0,"enemies":"Jaw Worm Horde","floor":41.0,"turns":4.0},{"damage":5.0,"enemies":"Transient","floor":42.0,"turns":5.0},{"damage":10.0,"enemies":"4 Shapes","floor":45.0,"turns":6.0},{"damage":4.0,"enemies":"Giant Head","floor":46.0,"turns":8.0},{"damage":10.0,"enemies":"Spire Growth","floor":47.0,"turns":5.0},{"damage":0.0,"enemies":"Maw","floor":48.0,"turns":7.0},{"damage":10.0,"enemies":"Donu and Deca","floor":50.0,"turns":10.0},{"damage":2.0,"enemies":"Shield and Spear","floor":54.0,"turns":6.0},{"damage":60,"enemies":"The Heart","floor":55,"turns":10}],"seed_played":"-7129278585413817118","potions_obtained":[{"floor":4.0,"key":"SteroidPotion"},{"floor":4.0,"key":"FearPotion"},{"floor":4.0,"key":"Swift Potion"},{"floor":12.0,"key":"Fruit Juice"},{"floor":14.0,"key":"Poison Potion"},{"floor":18.0,"key":"LiquidBronze"},{"floor":22.0,"key":"Regen Potion"},{"floor":23.0,"key":"Ancient Potion"},{"floor":37.0,"key":"GamblersBrew"},{"floor":47.0,"key":"Energy Potion"},{"floor":54.0,"key":"Poison Potion"}],"is_trial":false,"path_per_floor":["M","?","?","?","M","R","$","?","T","E","M","E","R","M","R","B",null,"M","M","?","?","M","E","?","R","T","M","$","M","M","$","R","B",null,"M","M","?","?","M","R","M","M","T","R","M","E","M","M","R","B",null,"R","$","E","B",null],"character_chosen":"DEFECT","items_purchased":["FTL","Capacitor","Fire Potion","Machine Learning","Steam","Apotheosis","Defragment"],"campfire_rested":1,"item_purchase_floors":[7,28,28,31,31,53,53],"current_hp_per_floor":[75,75,60,60,60,60,60,60,60,67,60,46,46,45,45,45,87,67,51,51,41,38,42,42,42,42,42,42,27,27,27,53,52,87,87,82,79,79,79,79,79,74,74,74,64,60,50,50,50,52,83,83,83,81,33],"gold":35,"neow_bonus":"THREE_ENEMY_KILL","is_prod":false,"is_daily":false,"chose_seed":false,"campfire_upgraded":7,"win_rate":0,"timestamp":1568641156,"path_taken":["M","?","?","?","?","R","$","?","T","E","M","E","R","M","R","BOSS","M","M","?","?","M","E","?","R","T","M","$","?","M","$","R","BOSS","M","M","?","?","M","R","M","M","T","R","M","E","M","M","R","BOSS","R","$","E","BOSS"],"build_version":"2019-07-17","purchased_purges":2,"victory":true,"max_hp_per_floor":[75,75,75,75,75,75,75,75,75,82,82,87,87,87,87,87,87,87,87,87,87,87,87,87,87,87,87,87,87,87,87,87,87,87,87,87,87,83,83,83,83,83,83,83,83,83,83,83,83,83,83,83,83,83,83],"card_choices":[{"not_picked":["Fusion","Turbo"],"picked":"Streamline","floor":1.0},{"not_picked":["Genetic Algorithm","Redo"],"picked":"Go for the Eyes","floor":5.0},{"not_picked":["FTL","Cold Snap"],"picked":"Sweeping Beam","floor":10.0},{"not_picked":["Coolheaded","Leap"],"picked":"Redo","floor":11.0},{"not_picked":["Hyperbeam","Conserve Battery"],"picked":"Scrape","floor":12.0},{"not_picked":["Cold Snap","Fusion"],"picked":"Gash","floor":14.0},{"not_picked":["Buffer","Fission"],"picked":"Machine Learning","floor":16.0},{"not_picked":["Stack","Aggregate"],"picked":"Go for the Eyes+1","floor":18.0},{"not_picked":["Blizzard","Redo"],"picked":"Chill","floor":19.0},{"not_picked":["Genetic Algorithm","Go for the Eyes"],"picked":"Beam Cell","floor":21.0},{"not_picked":["Compile Driver","Sweeping Beam","Reprogram"],"picked":"SKIP","floor":22.0},{"not_picked":["Conserve Battery","Stack"],"picked":"Coolheaded","floor":23.0},{"not_picked":["Ball Lightning+1","Gash"],"picked":"Steam","floor":27.0},{"not_picked":["Sweeping Beam","Doom and Gloom"],"picked":"Seek","floor":29.0},{"not_picked":["Go for the Eyes","Steam+1"],"picked":"Defragment+1","floor":30.0},{"not_picked":["Machine Learning","Rainbow"],"picked":"All For One","floor":33.0},{"not_picked":["Gash+1","Tempest"],"picked":"Loop+1","floor":35.0},{"not_picked":["Beam Cell","Rebound+1"],"picked":"Skim+1","floor":36.0},{"not_picked":["Turbo","Conserve Battery+1"],"picked":"Defragment+1","floor":37.0},{"not_picked":["Go for the Eyes","Gash","Beam Cell+1"],"picked":"SKIP","floor":39.0},{"not_picked":["Heatsinks+1","Machine Learning","Redo"],"picked":"SKIP","floor":41.0},{"not_picked":["Go for the Eyes","Darkness"],"picked":"Cold Snap","floor":42.0},{"not_picked":["Leap","Conserve Battery+1"],"picked":"Force Field+1","floor":45.0},{"not_picked":["Seek","Creative AI"],"picked":"Coolheaded+1","floor":46.0},{"not_picked":["Lockon+1","Gash"],"picked":"BootSequence","floor":47.0},{"not_picked":["Scrape","Genetic Algorithm"],"picked":"Streamline+1","floor":48.0},{"not_picked":["Static Discharge+1","Streamline+1"],"picked":"Capacitor+1","floor":54.0}],"player_experience":361142,"relics_obtained":[{"floor":9.0,"key":"Bronze Scales"},{"floor":10.0,"key":"Strawberry"},{"floor":12.0,"key":"Omamori"},{"floor":21.0,"key":"Red Mask"},{"floor":23.0,"key":"Ancient Tea Set"},{"floor":37.0,"key":"StoneCalendar"},{"floor":43.0,"key":"Bag of Marbles"},{"floor":46.0,"key":"Meat on the Bone"},{"floor":54.0,"key":"Bag of Preparation"}],"event_choices":[{"cards_removed":["Strike_B"],"damage_healed":0.0,"max_hp_gain":0.0,"max_hp_loss":0.0,"gold_gain":0.0,"event_name":"The Cleric","player_choice":"Card Removal","floor":2.0,"gold_loss":50.0,"damage_taken":0.0},{"damage_healed":0.0,"max_hp_gain":0.0,"max_hp_loss":0.0,"gold_gain":0.0,"event_name":"Shining Light","player_choice":"Entered Light","floor":3.0,"gold_loss":0.0,"damage_taken":15.0,"cards_upgraded":["Defend_B","Defend_B"]},{"damage_healed":0.0,"max_hp_gain":0.0,"max_hp_loss":0.0,"gold_gain":0.0,"event_name":"Lab","player_choice":"Got Potions","floor":4.0,"gold_loss":0.0,"damage_taken":0.0},{"damage_healed":0.0,"max_hp_gain":0.0,"max_hp_loss":0.0,"gold_gain":0.0,"event_name":"Accursed Blacksmith","player_choice":"Forge","floor":8.0,"gold_loss":0.0,"damage_taken":0.0,"cards_upgraded":["Go for the Eyes"]},{"damage_healed":0.0,"max_hp_gain":0.0,"max_hp_loss":0.0,"gold_gain":0.0,"event_name":"Ghosts","player_choice":"Ignored","floor":20.0,"gold_loss":0.0,"damage_taken":0.0},{"damage_healed":0.0,"max_hp_gain":0.0,"max_hp_loss":0.0,"gold_gain":0.0,"event_name":"Masked Bandits","player_choice":"Fought Bandits","floor":21.0,"gold_loss":0.0,"damage_taken":0.0},{"damage_healed":0.0,"max_hp_gain":0.0,"max_hp_loss":0.0,"gold_gain":0.0,"event_name":"FaceTrader","player_choice":"Trade","floor":24.0,"gold_loss":0.0,"damage_taken":0.0,"relics_obtained":["CultistMask"]},{"damage_healed":0.0,"max_hp_gain":0.0,"max_hp_loss":0.0,"gold_gain":0.0,"event_name":"MindBloom","player_choice":"Fight","floor":37.0,"gold_loss":0.0,"damage_taken":0.0},{"damage_healed":0.0,"max_hp_gain":0.0,"max_hp_loss":4.0,"gold_gain":0.0,"event_name":"Winding Halls","player_choice":"Max HP","floor":38.0,"gold_loss":0.0,"damage_taken":0.0}],"is_beta":false,"boss_relics":[{"not_picked":["White Beast Statue","Empty Cage"],"picked":"Runic Pyramid"},{"not_picked":["Tiny House","Snecko Eye"],"picked":"Nuclear Battery"}],"items_purged_floors":[28,53],"is_endless":false,"potions_floor_spawned":[5,12,14,18,22,23,30,37,41,42,47,54],"ascension_level":0}