{"gold_per_floor":[117,131,131,1,18,51,51,63,63,63,63,97,97,97,97,97],"floor_reached":16,"playtime":843,"items_purged":["Strike_G"],"score":205,"play_id":"a9a8df4b-b250-42eb-9d18-6db6a02950d3","local_time":"20190822101932","is_ascension_mode":true,"campfire_choices":[{"data":"Skewer","floor":7,"key":"SMITH"},{"data":"Neutralize","floor":10,"key":"SMITH"},{"floor":13,"key":"REST"},{"data":"Dagger Spray","floor":15,"key":"SMITH"}],"neow_cost":"NONE","seed_source_timestamp":3281840180727,"circlet_count":0,"master_deck":["AscendersBane","Strike_G","Strike_G","Strike_G","Strike_G","Defend_G","Defend_G","Defend_G","Defend_G","Defend_G","Survivor","Neutralize+1","Well Laid Plans","Skewer+1","Dagger Spray+1","Adrenaline","Quick Slash","Flying Knee"],"relics":["Ring of the Snake","Art of War","Dodecahedron","Meat on the Bone","Molten Egg 2"],"potions_floor_usage":[6,12,16],"damage_taken":[{"damage":9,"enemies":"2 Louse","floor":1,"turns":3},{"damage":3,"enemies":"Jaw Worm","floor":2,"turns":4},{"damage":1,"enemies":"Small Slimes","floor":5,"turns":4},{"damage":22,"enemies":"3 Sentries","floor":6,"turns":9},{"damage":2,"enemies":"Looter","floor":8,"turns":4},{"damage":24,"enemies":"Gremlin Nob","floor":12,"turns":4},{"damage":27,"enemies":"Slime Boss","floor":16,"turns":8}],"seed_played":"3670729541423313811","potions_obtained":[{"floor":1,"key":"AttackPotion"},{"floor":2,"key":"SteroidPotion"},{"floor":6,"key":"Weak Potion"}],"is_trial":false,"path_per_floor":["M","M","?","$","M","E","R","M","T","R","?","E","R","T","R","B"],"character_chosen":"THE_SILENT","items_purchased":["Dagger Spray"],"campfire_rested":1,"item_purchase_floors":[4],"current_hp_per_floor":[56,53,53,53,52,30,30,28,28,28,28,4,25,25,25,0],"gold":97,"neow_bonus":"TEN_PERCENT_HP_BONUS","is_prod":false,"is_daily":false,"chose_seed":false,"campfire_upgraded":3,"win_rate":0,"timestamp":1566461972,"path_taken":["M","M","?","$","M","E","R","M","T","R","?","E","R","?","R","BOSS"],"build_version":"2019-07-17","purchased_purges":1,"victory":false,"max_hp_per_floor":[72,72,72,72,72,72,72,72,72,72,72,72,72,72,72,72],"card_choices":[{"not_picked":["Prepared","Sucker Punch"],"picked":"Well Laid Plans","floor":1},{"not_picked":["Prepared","Quick Slash"],"picked":"Skewer","floor":2},{"not_picked":["Underhanded Strike","Prepared","Masterful Stab"],"picked":"SKIP","floor":5},{"not_picked":["Sucker Punch","Concentrate"],"picked":"Adrenaline","floor":6},{"not_picked":["Outmaneuver","Escape Plan"],"picked":"Quick Slash","floor":8},{"not_picked":["Endless Agony","Finisher"],"picked":"Flying Knee","floor":12}],"player_experience":1004739,"relics_obtained":[{"floor":6,"key":"Art of War"},{"floor":9,"key":"Dodecahedron"},{"floor":12,"key":"Meat on the Bone"},{"floor":14,"key":"Molten Egg 2"}],"event_choices":[{"damage_healed":0,"gold_gain":0,"player_choice":"Ignored","damage_taken":0,"max_hp_gain":0,"max_hp_loss":0,"event_name":"Golden Wing","floor":3,"gold_loss":0},{"damage_healed":0,"gold_gain":0,"player_choice":"Ignored","damage_taken":0,"max_hp_gain":0,"max_hp_loss":0,"event_name":"Liars Game","floor":11,"gold_loss":0}],"is_beta":false,"boss_relics":[],"items_purged_floors":[4],"is_endless":false,"potions_floor_spawned":[1,2,6],"killed_by":"Slime Boss","ascension_level":18}