{"gold_per_floor":[112,126,141,16,28,28,58,58,58,93,168,68,82,114,114,187,187,198,19,19,34,34,64,64,82,82,107,39,54,73,104,116,203,215,245,272,304,336,448,460,472],"floor_reached":41,"playtime":3490,"items_purged":["Strike_R","Strike_R","Strike_R"],"score":956,"play_id":"d7e2eae5-ec13-449e-a1a2-80e385fb17da","local_time":"20190323113027","is_ascension_mode":true,"campfire_choices":[{"data":"Fiend Fire","floor":6,"key":"SMITH"},{"data":"Rampage","floor":8,"key":"SMITH"},{"data":"True Grit","floor":15,"key":"SMITH"},{"floor":24,"key":"REST"},{"data":"Shockwave","floor":32,"key":"SMITH"},{"data":"Exhume","floor":40,"key":"SMITH"}],"neow_cost":"NONE","seed_source_timestamp":432465300789200,"circlet_count":0,"master_deck":["AscendersBane","Defend_R","Defend_R","Defend_R","Defend_R","Bash","Headbutt","Rampage+1","Headbutt","Fiend Fire+1","Battle Trance","Ghostly Armor","True Grit+1","Exhume+1","Ghostly Armor","Shockwave+1","Ghostly Armor","Shrug It Off","Dropkick+1","Infernal Blade+1","Dark Embrace+1","Headbutt","Uppercut+1"],"relics":["Burning Blood","Strawberry","Thread and Needle","Self Forming Clay","Pantograph","Oddly Smooth Stone","Busted Crown","Matryoshka","The Courier","Bottled Lightning","Boot","Regal Pillow","MawBank","Astrolabe","Magic Flower"],"potions_floor_usage":[13,14,21,23,30,31,33,41],"damage_taken":[{"damage":7,"enemies":"Cultist","floor":1,"turns":4},{"damage":3,"enemies":"2 Louse","floor":2,"turns":4},{"damage":4,"enemies":"Jaw Worm","floor":3,"turns":4},{"damage":18,"enemies":"Exordium Thugs","floor":5,"turns":4},{"damage":8,"enemies":"Gremlin Nob","floor":7,"turns":3},{"damage":20,"enemies":"Lagavulin","floor":10,"turns":7},{"damage":12,"enemies":"Gremlin Gang","floor":13,"turns":6},{"damage":0,"enemies":"Gremlin Nob","floor":14,"turns":2},{"damage":40,"enemies":"Hexaghost","floor":16,"turns":9},{"damage":11,"enemies":"2 Thieves","floor":18,"turns":4},{"damage":6,"enemies":"Shell Parasite","floor":21,"turns":4},{"damage":18,"enemies":"Gremlin Leader","floor":23,"turns":7},{"damage":10,"enemies":"Snake Plant","floor":25,"turns":6},{"damage":0,"enemies":"3 Cultists","floor":29,"turns":5},{"damage":8,"enemies":"Shelled Parasite and Fungi","floor":30,"turns":6},{"damage":18,"enemies":"Book of Stabbing","floor":31,"turns":7},{"damage":10,"enemies":"Champ","floor":33,"turns":13},{"damage":8,"enemies":"3 Darklings","floor":35,"turns":6},{"damage":8,"enemies":"Orb Walker","floor":36,"turns":3},{"damage":10,"enemies":"Spire Growth","floor":37,"turns":4},{"damage":14,"enemies":"Sphere and 2 Shapes","floor":38,"turns":9},{"damage":0,"enemies":"Mind Bloom Boss Battle","floor":39,"turns":3},{"damage":96,"enemies":"Reptomancer","floor":41,"turns":5}],"seed_played":"8333669723350063822","potions_obtained":[{"floor":1,"key":"SteroidPotion"},{"floor":7,"key":"SteroidPotion"},{"floor":16,"key":"Weak Potion"},{"floor":21,"key":"LiquidBronze"},{"floor":23,"key":"Block Potion"},{"floor":31,"key":"Regen Potion"},{"floor":37,"key":"Explosive Potion"},{"floor":38,"key":"Dexterity Potion"}],"is_trial":false,"path_per_floor":["M","M","M","$","M","R","E","R","T","E","?","$","M","E","R","B",null,"M","$","?","M","?","E","R","M","T","T","$","M","M","E","R","B",null,"M","M","M","M","?","R","E"],"character_chosen":"IRONCLAD","items_purchased":["Headbutt","Explosive Potion","Ghostly Armor","Shrug It Off"],"campfire_rested":1,"item_purchase_floors":[4,19,28,28],"current_hp_per_floor":[74,77,79,79,67,67,65,65,65,51,40,40,34,40,40,31,69,64,64,40,40,40,28,54,50,50,50,50,56,54,42,42,78,85,83,81,77,69,87,87,0],"gold":472,"neow_bonus":"RANDOM_COMMON_RELIC","is_prod":false,"is_daily":false,"chose_seed":false,"campfire_upgraded":5,"win_rate":0,"timestamp":1553329827,"path_taken":["M","?","M","?","M","R","E","R","T","E","?","$","M","E","R","BOSS","M","$","?","M","?","E","R","M","T","?","$","M","?","E","R","BOSS","M","?","M","M","?","R","E"],"build_version":"2019-01-23","purchased_purges":3,"victory":false,"max_hp_per_floor":[82,82,82,82,82,82,82,82,82,82,82,82,82,82,82,82,82,82,82,87,87,87,87,87,87,87,87,87,87,87,87,87,87,87,87,87,87,87,87,87,87],"card_choices":[{"not_picked":["Searing Blow","Perfected Strike"],"picked":"Twin Strike","floor":1},{"not_picked":["Second Wind","Clothesline"],"picked":"Headbutt","floor":2},{"not_picked":["Sever Soul","Armaments"],"picked":"Rampage","floor":3},{"not_picked":["Dropkick","Perfected Strike"],"picked":"Fiend Fire","floor":5},{"not_picked":["Havoc","Immolate"],"picked":"Battle Trance","floor":7},{"not_picked":["Clash","Flex"],"picked":"Ghostly Armor","floor":10},{"not_picked":["Dropkick","Inflame"],"picked":"True Grit","floor":13},{"not_picked":["Wild Strike","Cleave","Rampage"],"picked":"SKIP","floor":14},{"not_picked":["Bludgeon","Limit Break"],"picked":"Exhume","floor":16},{"not_picked":[],"picked":"Ghostly Armor","floor":18},{"not_picked":[],"picked":"Shockwave","floor":21},{"not_picked":["Reckless Charge"],"picked":"SKIP","floor":23},{"not_picked":["Fire Breathing"],"picked":"SKIP","floor":25},{"not_picked":["Havoc"],"picked":"SKIP","floor":29},{"not_picked":["Armaments"],"picked":"SKIP","floor":30},{"not_picked":["Rupture"],"picked":"SKIP","floor":31},{"not_picked":[],"picked":"Headbutt","floor":35},{"not_picked":[],"picked":"Uppercut+1","floor":36},{"not_picked":["Uppercut"],"picked":"SKIP","floor":37},{"not_picked":["True Grit"],"picked":"SKIP","floor":38}],"player_experience":993555,"relics_obtained":[{"floor":7,"key":"Thread and Needle"},{"floor":9,"key":"Self Forming Clay"},{"floor":10,"key":"Pantograph"},{"floor":14,"key":"Oddly Smooth Stone"},{"floor":23,"key":"Matryoshka"},{"floor":26,"key":"The Courier"},{"floor":26,"key":"Bottled Lightning"},{"floor":27,"key":"Boot"},{"floor":27,"key":"Regal Pillow"},{"floor":31,"key":"MawBank"},{"floor":39,"key":"Magic Flower"}],"event_choices":[{"damage_healed":0,"gold_gain":75,"player_choice":"Gather Gold","damage_taken":11,"max_hp_gain":0,"max_hp_loss":0,"event_name":"World of Goop","floor":11,"gold_loss":0},{"damage_healed":0,"gold_gain":0,"player_choice":"Shed Blood","damage_taken":29,"max_hp_gain":5,"max_hp_loss":0,"event_name":"Forgotten Altar","floor":20,"gold_loss":0},{"damage_healed":0,"gold_gain":0,"player_choice":"Ignored","damage_taken":0,"max_hp_gain":0,"max_hp_loss":0,"event_name":"Cursed Tome","floor":22,"gold_loss":0},{"damage_healed":0,"gold_gain":0,"player_choice":"Fight","damage_taken":0,"max_hp_gain":0,"max_hp_loss":0,"event_name":"MindBloom","floor":39,"gold_loss":0}],"is_beta":false,"boss_relics":[{"not_picked":["Lizard Tail","Eternal Feather"],"picked":"Busted Crown"},{"not_picked":["Runic Dome","Black Blood"],"picked":"Astrolabe"}],"items_purged_floors":[4,12,19],"is_endless":false,"potions_floor_spawned":[1,7,16,21,23,31,37,38],"killed_by":"Reptomancer","ascension_level":20}