{"gold_per_floor":[111,111,111,111,129,129,144,144,144,25,38,38,38,69,69,69],"floor_reached":16,"playtime":579,"items_purged":["Strike_R"],"score":196,"play_id":"33f314f5-5afb-45a1-ac96-fe3d5bd0a83d","local_time":"20190329103516","is_ascension_mode":true,"campfire_choices":[{"data":"Bash","floor":6,"key":"SMITH"},{"data":"Rupture","floor":8,"key":"SMITH"},{"data":"Fiend Fire","floor":15,"key":"SMITH"}],"neow_cost":"NONE","seed_source_timestamp":950502138008000,"circlet_count":0,"master_deck":["AscendersBane","Strike_R","Strike_R","Defend_R","Defend_R","Defend_R+1","Defend_R","Bash+1","Limit Break","Twin Strike+1","Rupture+1","Sword Boomerang","Twin Strike","Metallicize","Twin Strike","Fiend Fire+1"],"relics":["Burning Blood","Golden Idol","Gremlin Horn","Toxic Egg 2","Charon\u0027s Ashes"],"potions_floor_usage":[11,14,16],"damage_taken":[{"damage":2,"enemies":"2 Louse","floor":1,"turns":4},{"damage":9,"enemies":"Jaw Worm","floor":5,"turns":4},{"damage":1,"enemies":"Cultist","floor":7,"turns":3},{"damage":4,"enemies":"2 Fungi Beasts","floor":11,"turns":4},{"damage":21,"enemies":"Lagavulin","floor":14,"turns":7},{"damage":50,"enemies":"Slime Boss","floor":16,"turns":8}],"seed_played":"7353021903548907752","potions_obtained":[{"floor":1,"key":"Dexterity Potion"},{"floor":7,"key":"Fruit Juice"},{"floor":11,"key":"Explosive Potion"}],"is_trial":false,"path_per_floor":["M","?","?","?","M","R","M","R","T","$","M","?","T","E","R","B"],"character_chosen":"IRONCLAD","items_purchased":["Metallicize"],"campfire_rested":0,"item_purchase_floors":[10],"current_hp_per_floor":[72,68,61,61,58,58,63,63,63,63,70,48,48,33,33,0],"gold":69,"neow_bonus":"ONE_RANDOM_RARE_CARD","is_prod":false,"is_daily":false,"chose_seed":false,"campfire_upgraded":3,"win_rate":0,"timestamp":1553844916,"path_taken":["M","?","?","?","M","R","?","R","T","$","M","?","?","E","R","BOSS"],"build_version":"2019-01-23","purchased_purges":1,"victory":false,"max_hp_per_floor":[75,68,68,68,68,68,68,68,68,68,73,73,73,73,73,73],"card_choices":[{"not_picked":["Bloodletting","Perfected Strike"],"picked":"Twin Strike","floor":1},{"not_picked":["Body Slam","Heavy Blade"],"picked":"Sword Boomerang","floor":5},{"not_picked":["Sword Boomerang","Feel No Pain"],"picked":"Twin Strike","floor":7},{"not_picked":["Carnage","Burning Pact"],"picked":"Twin Strike","floor":11},{"not_picked":["Flame Barrier+1","True Grit+1"],"picked":"Fiend Fire","floor":14}],"player_experience":1055512,"relics_obtained":[{"floor":9,"key":"Gremlin Horn"},{"floor":13,"key":"Toxic Egg 2"},{"floor":14,"key":"Charon\u0027s Ashes"}],"event_choices":[{"damage_healed":0,"gold_gain":0,"player_choice":"Lose Max HP","damage_taken":0,"relics_obtained":["Golden Idol"],"max_hp_gain":0,"max_hp_loss":7,"event_name":"Golden Idol","floor":2,"gold_loss":0},{"cards_removed":["Strike_R"],"damage_healed":0,"gold_gain":0,"player_choice":"Card Removal","damage_taken":7,"max_hp_gain":0,"max_hp_loss":0,"event_name":"Golden Wing","floor":3,"gold_loss":0},{"damage_healed":0,"gold_gain":0,"cards_transformed":["Strike_R"],"player_choice":"Transformed","damage_taken":0,"max_hp_gain":0,"max_hp_loss":0,"event_name":"Transmorgrifier","floor":4,"gold_loss":0,"cards_obtained":["Rupture"]},{"damage_healed":0,"gold_gain":0,"player_choice":"Entered Light","damage_taken":22,"max_hp_gain":0,"max_hp_loss":0,"event_name":"Shining Light","floor":12,"gold_loss":0,"cards_upgraded":["Twin Strike","Defend_R"]}],"is_beta":false,"boss_relics":[],"items_purged_floors":[10],"is_endless":false,"potions_floor_spawned":[1,7,11],"killed_by":"Slime Boss","ascension_level":20}