{"gold_per_floor":[115,126,106,118,133,159,159,174,174,7,35,45,45],"floor_reached":13,"playtime":641,"items_purged":[],"score":184,"play_id":"8a69521b-1cb1-4a39-8d96-27b1df3bd329","local_time":"20190930220521","is_ascension_mode":true,"campfire_choices":[{"floor":7,"key":"REST"}],"neow_cost":"NONE","seed_source_timestamp":36403095484662,"circlet_count":0,"master_deck":["AscendersBane","Strike_G","Strike_G","Strike_G","Strike_G","Strike_G","Defend_G+1","Defend_G+1","Defend_G","Defend_G","Defend_G","Survivor","Neutralize","Choke","Slice","Poisoned Stab","Cloak And Dagger","Poisoned Stab","Blur","Wraith Form v2","Crippling Poison"],"relics":["Ring of the Snake","Dream Catcher","War Paint","Molten Egg 2","Bag of Preparation","Mercury Hourglass"],"potions_floor_usage":[6,6,11],"damage_taken":[{"damage":11,"enemies":"Jaw Worm","floor":1,"turns":6},{"damage":0,"enemies":"Cultist","floor":2,"turns":4},{"damage":1,"enemies":"2 Louse","floor":4,"turns":2},{"damage":18,"enemies":"Large Slime","floor":5,"turns":6},{"damage":20,"enemies":"Gremlin Nob","floor":6,"turns":4},{"damage":0,"enemies":"2 Fungi Beasts","floor":8,"turns":3},{"damage":25,"enemies":"3 Sentries","floor":11,"turns":11},{"damage":0,"enemies":"3 Louse","floor":12,"turns":2},{"damage":8,"enemies":"Large Slime","floor":13,"turns":2}],"seed_played":"-4375772744728348508","potions_obtained":[{"floor":1,"key":"Block Potion"},{"floor":3,"key":"Poison Potion"},{"floor":8,"key":"GamblersBrew"}],"is_trial":false,"path_per_floor":["M","M","?","M","M","E","R","M","T","$","E","M","M"],"character_chosen":"THE_SILENT","items_purchased":["Bag of Preparation"],"campfire_rested":1,"item_purchase_floors":[10],"current_hp_per_floor":[48,48,48,47,29,9,28,28,28,28,3,3,0],"gold":45,"neow_bonus":"RANDOM_COMMON_RELIC","is_prod":false,"is_daily":false,"chose_seed":false,"campfire_upgraded":0,"win_rate":0,"timestamp":1569873921,"path_taken":["M","M","?","M","M","E","R","?","T","$","E","M","M"],"build_version":"2019-07-17","purchased_purges":0,"victory":false,"max_hp_per_floor":[66,66,66,66,66,66,66,66,66,66,66,66,66],"card_choices":[{"not_picked":["Quick Slash","Underhanded Strike"],"picked":"Choke","floor":1},{"not_picked":["Skewer","PiercingWail"],"picked":"Slice","floor":2},{"not_picked":["Backflip","Dagger Spray"],"picked":"Poisoned Stab","floor":4},{"not_picked":["Acrobatics","Dodge and Roll","Burst"],"picked":"SKIP","floor":5},{"not_picked":["Dagger Spray","Riddle With Holes"],"picked":"Cloak And Dagger","floor":6},{"not_picked":["Blade Dance","Flying Knee"],"picked":"Poisoned Stab","floor":7},{"not_picked":["Accuracy","Prepared"],"picked":"Blur","floor":8},{"not_picked":["Flying Knee+1","Escape Plan"],"picked":"Wraith Form v2","floor":11},{"not_picked":["Calculated Gamble","Slice+1"],"picked":"Crippling Poison","floor":12}],"player_experience":1120460,"relics_obtained":[{"floor":6,"key":"War Paint"},{"floor":9,"key":"Molten Egg 2"},{"floor":11,"key":"Mercury Hourglass"}],"event_choices":[{"damage_healed":0,"gold_gain":0,"player_choice":"Bought 1 Potion","damage_taken":0,"max_hp_gain":0,"max_hp_loss":0,"event_name":"The Woman in Blue","floor":3,"gold_loss":0}],"is_beta":false,"boss_relics":[],"items_purged_floors":[],"is_endless":false,"potions_floor_spawned":[1,8],"killed_by":"Large Slime","ascension_level":18}