{"gold_per_floor":[213,223,242,242,16,43,43,43,43,43,8,8,39,65,65,160,160,171,171,70,70,85,85,114,134,158,191,211,241,241,259,259,364,364,376,395,226,238,165,195,195,229,241,253,265],"floor_reached":45,"playtime":5421,"items_purged":["Strike_B","Injury"],"score":832,"play_id":"faaa8bb0-5416-468d-87ed-204dcb99ca3d","local_time":"20190823231235","is_ascension_mode":true,"campfire_choices":[{"data":"Defragment","floor":7,"key":"SMITH"},{"floor":10,"key":"REST"},{"data":"Chaos","floor":15,"key":"SMITH"},{"data":"Coolheaded","floor":23,"key":"SMITH"},{"floor":30,"key":"REST"},{"floor":32,"key":"REST"},{"floor":44,"key":"REST"}],"neow_cost":"NONE","seed_source_timestamp":46482844307362,"circlet_count":0,"master_deck":["AscendersBane","Strike_B","Strike_B","Strike_B","Defend_B","Defend_B","Defend_B","Defend_B","Zap","Dualcast","Lockon","Coolheaded+1","Chaos+1","Defragment+1","Coolheaded","Conserve Battery","Redo","Streamline","Fission","Glacier","Undo","Gash","Cold Snap","Undo+1","Seek","Barrage+1","Echo Form","Static Discharge","Skim+1","Blizzard","Sweeping Beam","Glacier","Meteor Strike","Clumsy"],"relics":["Cracked Core","Du-Vu Doll","Ornamental Fan","Dodecahedron","Blood Vial","Cursed Key","DataDisk","Ancient Tea Set","Bag of Preparation","Question Card","Sozu","Letter Opener","MawBank","Bottled Tornado"],"potions_floor_usage":[6,27,27,38],"damage_taken":[{"damage":0,"enemies":"2 Louse","floor":1,"turns":2},{"damage":7,"enemies":"Jaw Worm","floor":2,"turns":3},{"damage":7,"enemies":"Small Slimes","floor":3,"turns":3},{"damage":26,"enemies":"Gremlin Nob","floor":6,"turns":4},{"damage":9,"enemies":"3 Sentries","floor":13,"turns":7},{"damage":54,"enemies":"Slime Boss","floor":16,"turns":11},{"damage":11,"enemies":"Spheric Guardian","floor":18,"turns":4},{"damage":0,"enemies":"3 Byrds","floor":22,"turns":6},{"damage":19,"enemies":"Book of Stabbing","floor":24,"turns":7},{"damage":0,"enemies":"Snecko","floor":25,"turns":5},{"damage":35,"enemies":"Gremlin Leader","floor":27,"turns":9},{"damage":5,"enemies":"Chosen and Byrds","floor":28,"turns":6},{"damage":12,"enemies":"Book of Stabbing","floor":29,"turns":7},{"damage":1,"enemies":"Centurion and Healer","floor":31,"turns":9},{"damage":42,"enemies":"Champ","floor":33,"turns":13},{"damage":0,"enemies":"3 Shapes","floor":35,"turns":5},{"damage":1,"enemies":"Orb Walker","floor":36,"turns":5},{"damage":2,"enemies":"Jaw Worm Horde","floor":38,"turns":5},{"damage":22,"enemies":"Reptomancer","floor":40,"turns":12},{"damage":19,"enemies":"Nemesis","floor":42,"turns":9},{"damage":87,"enemies":"Giant Head","floor":45,"turns":9}],"seed_played":"-1686100623862152655","potions_obtained":[{"floor":1,"key":"Poison Potion"},{"floor":6,"key":"PowerPotion"},{"floor":24,"key":"FearPotion"},{"floor":27,"key":"Ancient Potion"},{"floor":28,"key":"EssenceOfSteel"},{"floor":29,"key":"GamblersBrew"}],"is_trial":false,"path_per_floor":["M","M","M","?","$","E","R","?","T","R","?","$","E","T","R","B",null,"M","?","$","?","M","R","E","M","T","E","M","E","R","M","R","B",null,"M","M","$","M","$","E","?","E","T","R","E"],"character_chosen":"DEFECT","items_purchased":["Defragment","Coolheaded","Conserve Battery","Undo","Gash","Blizzard","Glacier"],"campfire_rested":4,"item_purchase_floors":[5,5,5,20,20,37,39],"current_hp_per_floor":[68,61,54,59,59,33,33,33,33,57,77,77,68,68,68,16,64,55,55,55,80,80,80,61,63,63,30,27,17,41,42,66,26,67,69,70,70,70,70,50,50,33,33,57,0],"gold":265,"neow_bonus":"HUNDRED_GOLD","is_prod":false,"is_daily":false,"chose_seed":false,"campfire_upgraded":3,"win_rate":0,"timestamp":1566594755,"path_taken":["M","M","M","?","$","E","R","?","T","R","?","?","E","?","R","BOSS","M","?","$","?","M","R","E","?","T","E","M","E","R","M","R","BOSS","M","M","$","M","$","E","?","E","T","R","E"],"build_version":"2019-07-17","purchased_purges":2,"victory":false,"max_hp_per_floor":[75,75,75,80,80,80,80,80,80,80,80,80,80,80,80,80,80,80,80,80,80,80,80,80,80,80,80,80,80,80,80,80,80,80,80,80,80,80,80,80,80,80,80,80,80],"card_choices":[{"not_picked":["Go for the Eyes","Double Energy"],"picked":"Lockon","floor":1},{"not_picked":["Leap","White Noise"],"picked":"Coolheaded","floor":2},{"not_picked":["Tempest","Undo"],"picked":"Chaos","floor":3},{"not_picked":["Beam Cell","Sweeping Beam"],"picked":"Redo","floor":6},{"not_picked":["Lockon","Turbo"],"picked":"Streamline","floor":13},{"not_picked":["Reboot","Core Surge"],"picked":"Fission","floor":16},{"not_picked":["Gash","Stack+1"],"picked":"Glacier","floor":18},{"not_picked":["Rip and Tear","Redo"],"picked":"Cold Snap","floor":22},{"not_picked":["Rip and Tear+1","Barrage","Ball Lightning"],"picked":"SKIP","floor":24},{"not_picked":["Redo+1","Steam","Barrage"],"picked":"SKIP","floor":25},{"not_picked":["Streamline","Reprogram","Aggregate+1"],"picked":"SKIP","floor":27},{"not_picked":["Stack","Force Field"],"picked":"Undo+1","floor":28},{"not_picked":["Redo","Force Field"],"picked":"Seek","floor":29},{"not_picked":["Steam Power","Chill","Leap+1"],"picked":"Barrage+1","floor":31},{"not_picked":["Seek","Biased Cognition","Machine Learning"],"picked":"Echo Form","floor":33},{"not_picked":["Barrage","Stack+1","Gash"],"picked":"Static Discharge","floor":35},{"not_picked":["Sunder+1","Undo","Go for the Eyes"],"picked":"Skim+1","floor":36},{"not_picked":["Compile Driver","Redo","Go for the Eyes"],"picked":"Sweeping Beam","floor":38},{"not_picked":["Creative AI","FTL","Recycle+1","Leap"],"picked":"SKIP","floor":40},{"not_picked":["Reinforced Body","Beam Cell","Double Energy+1"],"picked":"Meteor Strike","floor":42}],"player_experience":1021641,"relics_obtained":[{"floor":6,"key":"Du-Vu Doll"},{"floor":9,"key":"Ornamental Fan"},{"floor":13,"key":"Dodecahedron"},{"floor":14,"key":"Blood Vial"},{"floor":24,"key":"DataDisk"},{"floor":26,"key":"Ancient Tea Set"},{"floor":27,"key":"Bag of Preparation"},{"floor":29,"key":"Question Card"},{"floor":40,"key":"Letter Opener"},{"floor":42,"key":"MawBank"},{"floor":43,"key":"Bottled Tornado"}],"event_choices":[{"damage_healed":0,"gold_gain":0,"player_choice":"Donut","damage_taken":0,"max_hp_gain":5,"max_hp_loss":0,"event_name":"Big Fish","floor":4,"gold_loss":0},{"damage_healed":0,"gold_gain":0,"player_choice":"Ignored","damage_taken":0,"max_hp_gain":0,"max_hp_loss":0,"event_name":"Golden Idol","floor":8,"gold_loss":0},{"damage_healed":20,"gold_gain":0,"player_choice":"Healed","damage_taken":0,"max_hp_gain":0,"max_hp_loss":0,"event_name":"The Cleric","floor":11,"gold_loss":35},{"damage_healed":0,"gold_gain":0,"player_choice":"Ignored","damage_taken":0,"max_hp_gain":0,"max_hp_loss":0,"event_name":"Vampires","floor":19,"gold_loss":0},{"damage_healed":25,"gold_gain":0,"player_choice":"Full Heal","damage_taken":0,"max_hp_gain":0,"max_hp_loss":0,"event_name":"Wheel of Change","floor":21,"gold_loss":0},{"damage_healed":0,"gold_gain":0,"player_choice":"Memory 1","damage_taken":0,"max_hp_gain":0,"max_hp_loss":0,"event_name":"SensoryStone","floor":41,"gold_loss":0}],"is_beta":false,"boss_relics":[{"not_picked":["Tiny House","Eternal Feather"],"picked":"Cursed Key"},{"not_picked":["Nuclear Battery","Empty Cage"],"picked":"Sozu"}],"items_purged_floors":[5,37],"is_endless":false,"potions_floor_spawned":[1,6,24,27,28,29,31,33,35,36],"killed_by":"Giant Head","ascension_level":11}