{"gold_per_floor":[115,128,145,155,155,187,112,123,149,162,176,207,207,217,217,318,318,335,354,354,373,393,393],"floor_reached":23,"playtime":1577,"items_purged":["Strike_R"],"score":211,"play_id":"ffa72d46-a191-4004-81eb-f23629a51b88","local_time":"20190917033715","is_ascension_mode":false,"campfire_choices":[{"floor":13,"key":"REST"},{"data":"True Grit","floor":15,"key":"SMITH"}],"neow_cost":"NONE","seed_source_timestamp":265548580030300,"circlet_count":0,"master_deck":["Strike_R","Strike_R","Defend_R","Defend_R","Defend_R","Defend_R","Bash","True Grit+1","Seeing Red","Double Tap","Inflame","Anger","Inflame","Barricade","Offering","Clothesline","Armaments","Dual Wield","Rupture","Flex","Warcry+1"],"special_seed":0,"relics":["Black Blood","Red Skull","Incense Burner","Letter Opener"],"potions_floor_usage":[23],"damage_taken":[{"damage":4.0,"enemies":"Cultist","floor":1.0,"turns":4.0},{"damage":14.0,"enemies":"Small Slimes","floor":2.0,"turns":4.0},{"damage":0.0,"enemies":"2 Louse","floor":3.0,"turns":4.0},{"damage":0.0,"enemies":"Large Slime","floor":4.0,"turns":10.0},{"damage":21.0,"enemies":"Lots of Slimes","floor":5.0,"turns":15.0},{"damage":30.0,"enemies":"Gremlin Nob","floor":6.0,"turns":4.0},{"damage":9.0,"enemies":"Exordium Thugs","floor":8.0,"turns":4.0},{"damage":3.0,"enemies":"Red Slaver","floor":10.0,"turns":3.0},{"damage":18.0,"enemies":"Large Slime","floor":11.0,"turns":5.0},{"damage":26,"enemies":"Lagavulin","floor":12,"turns":6},{"damage":10,"enemies":"Exordium Wildlife","floor":14,"turns":4},{"damage":20,"enemies":"The Guardian","floor":16,"turns":10},{"damage":14,"enemies":"Chosen","floor":18,"turns":8},{"damage":13,"enemies":"Shell Parasite","floor":19,"turns":9},{"damage":27,"enemies":"Centurion and Healer","floor":21,"turns":8},{"damage":23,"enemies":"Shelled Parasite and Fungi","floor":22,"turns":7},{"damage":75,"enemies":"Gremlin Leader","floor":23,"turns":7}],"seed_played":"-3242001467503025086","potions_obtained":[{"floor":8.0,"key":"EntropicBrew"},{"floor":11.0,"key":"FearPotion"},{"floor":12,"key":"BloodPotion"},{"floor":16,"key":"Poison Potion"}],"is_trial":false,"path_per_floor":["M","M","M","M","M","E","$","M","T","M","M","E","R","M","R","B",null,"M","M","?","M","M","E"],"character_chosen":"IRONCLAD","items_purchased":[],"campfire_rested":1,"item_purchase_floors":[],"current_hp_per_floor":[80,72,78,80,65,41,41,38,38,41,29,9,33,29,29,15,80,76,73,73,56,43,0],"gold":393,"neow_bonus":"RANDOM_COMMON_RELIC","is_prod":false,"is_daily":false,"chose_seed":false,"campfire_upgraded":1,"win_rate":0,"timestamp":1568659035,"path_taken":["M","M","M","?","M","E","$","?","T","M","M","E","R","M","R","BOSS","M","M","?","M","M","E"],"build_version":"2019-07-17","purchased_purges":1,"victory":false,"max_hp_per_floor":[80,80,80,80,80,80,80,80,80,80,80,80,80,80,80,80,80,80,80,80,80,80,80],"card_choices":[{"not_picked":["Warcry","Fire Breathing"],"picked":"True Grit","floor":1.0},{"not_picked":["Ghostly Armor","Dual Wield","Clash"],"picked":"SKIP","floor":2.0},{"not_picked":["Armaments","Perfected Strike"],"picked":"Seeing Red","floor":3.0},{"not_picked":["Body Slam","Perfected Strike","Rage"],"picked":"SKIP","floor":4.0},{"not_picked":["Wild Strike","Rage","Clothesline"],"picked":"SKIP","floor":5.0},{"not_picked":["Havoc","Evolve"],"picked":"Double Tap","floor":6.0},{"not_picked":["Reckless Charge","Anger"],"picked":"Inflame","floor":8.0},{"not_picked":["Clash","True Grit"],"picked":"Anger","floor":10.0},{"not_picked":["Pommel Strike","Havoc"],"picked":"Inflame","floor":11.0},{"not_picked":["Intimidate","Dark Embrace"],"picked":"Barricade","floor":12},{"not_picked":["Anger","Dropkick","Sword Boomerang"],"picked":"SKIP","floor":14},{"not_picked":["Fiend Fire","Juggernaut"],"picked":"Offering","floor":16},{"not_picked":["Warcry","Anger+1"],"picked":"Clothesline","floor":18},{"not_picked":["Dual Wield","Heavy Blade"],"picked":"Armaments","floor":19},{"not_picked":["Cleave","Body Slam+1"],"picked":"Flex","floor":21},{"not_picked":["Flex","Fiend Fire"],"picked":"Warcry+1","floor":22}],"player_experience":375811,"relics_obtained":[{"floor":6.0,"key":"Incense Burner"},{"floor":12,"key":"Letter Opener"}],"event_choices":[{"damage_healed":0,"gold_gain":0,"cards_transformed":["Strike_R","Strike_R"],"player_choice":"Became Test Subject","damage_taken":0,"max_hp_gain":0,"max_hp_loss":0,"event_name":"Drug Dealer","floor":20,"gold_loss":0,"cards_obtained":["Dual Wield","Rupture"]}],"is_beta":false,"boss_relics":[{"not_picked":["Cursed Key","Velvet Choker"],"picked":"Black Blood"}],"items_purged_floors":[7],"is_endless":false,"potions_floor_spawned":[5,8,11,12,14,16,21],"killed_by":"Gremlin Leader","ascension_level":0}