{"gold_per_floor":[116,116,130,130,7,7,36,53,77,77,91,91,122,133,133,231,231,241,253,8,25,39,39,39,39],"floor_reached":25,"playtime":1174,"items_purged":["Pain","Strike_R"],"score":341,"play_id":"00ede2d6-a677-4808-b8e7-b502d1db0654","local_time":"20190823141638","is_ascension_mode":true,"campfire_choices":[{"data":"Bash","floor":6,"key":"SMITH"},{"data":"Spot Weakness","floor":10,"key":"SMITH"},{"floor":15,"key":"REST"},{"floor":23,"key":"REST"}],"neow_cost":"CURSE","seed_source_timestamp":18577992417581,"circlet_count":0,"master_deck":["AscendersBane","Strike_R","Strike_R","Strike_R","Strike_R","Defend_R","Defend_R","Defend_R","Defend_R","Bash+1","Clothesline+1","Hemokinesis+1","Spot Weakness+1","Sword Boomerang","Inflame","Shockwave","Exhume","Shrug It Off","True Grit","Battle Trance"],"relics":["Burning Blood","Gambling Chip","PreservedInsect","Whetstone","Shovel","Sozu","Pen Nib"],"potions_floor_usage":[11,21,22],"damage_taken":[{"damage":10,"enemies":"Jaw Worm","floor":1,"turns":3},{"damage":4,"enemies":"2 Louse","floor":3,"turns":4},{"damage":22,"enemies":"Gremlin Nob","floor":7,"turns":4},{"damage":10,"enemies":"Small Slimes","floor":8,"turns":3},{"damage":6,"enemies":"Gremlin Gang","floor":11,"turns":4},{"damage":27,"enemies":"3 Sentries","floor":13,"turns":6},{"damage":17,"enemies":"Lots of Slimes","floor":14,"turns":4},{"damage":35,"enemies":"Slime Boss","floor":16,"turns":8},{"damage":24,"enemies":"Spheric Guardian","floor":18,"turns":4},{"damage":29,"enemies":"2 Thieves","floor":19,"turns":3},{"damage":20,"enemies":"Shelled Parasite and Fungi","floor":21,"turns":6},{"damage":8,"enemies":"Snake Plant","floor":22,"turns":4},{"damage":39,"enemies":"Slavers","floor":25,"turns":2}],"seed_played":"-2917375234102144452","potions_obtained":[{"floor":7,"key":"Dexterity Potion"},{"floor":13,"key":"SpeedPotion"},{"floor":16,"key":"Dexterity Potion"}],"is_trial":false,"path_per_floor":["M","?","M","?","$","R","E","M","T","R","M","?","E","M","R","B",null,"M","M","$","M","M","R","?","E"],"character_chosen":"IRONCLAD","items_purchased":["Fire Potion","Pen Nib"],"campfire_rested":2,"item_purchase_floors":[5,20],"current_hp_per_floor":[68,73,75,75,75,75,59,55,55,55,55,55,34,23,48,19,69,51,28,28,14,12,37,37,0],"gold":39,"neow_bonus":"ONE_RARE_RELIC","is_prod":false,"is_daily":false,"chose_seed":false,"campfire_upgraded":2,"win_rate":0,"timestamp":1566562598,"path_taken":["M","?","M","?","$","R","E","M","T","R","M","?","E","?","R","BOSS","M","?","$","?","M","R","?","E"],"build_version":"2019-07-17","purchased_purges":2,"victory":false,"max_hp_per_floor":[80,85,85,85,85,85,85,85,85,85,85,85,85,85,85,85,85,85,85,85,85,85,85,85,85],"card_choices":[{"not_picked":["Havoc","Shrug It Off"],"picked":"Clothesline","floor":1},{"not_picked":["Pommel Strike","Wild Strike"],"picked":"Hemokinesis","floor":3},{"not_picked":["Body Slam","Hemokinesis"],"picked":"Spot Weakness","floor":7},{"not_picked":["Warcry","Flex","Dropkick"],"picked":"SKIP","floor":8},{"not_picked":["Rampage","Body Slam"],"picked":"Sword Boomerang","floor":11},{"not_picked":["True Grit","Pommel Strike"],"picked":"Inflame","floor":13},{"not_picked":["Armaments","Dropkick"],"picked":"Shockwave","floor":14},{"not_picked":["Barricade","Bludgeon"],"picked":"Exhume","floor":16},{"not_picked":["Sentinel","Headbutt"],"picked":"Shrug It Off","floor":18},{"not_picked":["Heavy Blade","Rupture"],"picked":"True Grit","floor":19},{"not_picked":["Sword Boomerang","Dropkick"],"picked":"Battle Trance","floor":21},{"not_picked":["Wild Strike","Warcry","Anger"],"picked":"SKIP","floor":22}],"player_experience":1016037,"relics_obtained":[{"floor":7,"key":"PreservedInsect"},{"floor":9,"key":"Whetstone"},{"floor":13,"key":"Shovel"}],"event_choices":[{"damage_healed":0,"gold_gain":0,"player_choice":"Donut","damage_taken":0,"max_hp_gain":5,"max_hp_loss":0,"event_name":"Big Fish","floor":2,"gold_loss":0},{"damage_healed":0,"gold_gain":0,"player_choice":"Ignored","damage_taken":0,"max_hp_gain":0,"max_hp_loss":0,"event_name":"Liars Game","floor":4,"gold_loss":0},{"damage_healed":0,"gold_gain":0,"player_choice":"0 cards matched","damage_taken":0,"max_hp_gain":0,"max_hp_loss":0,"event_name":"Match and Keep!","floor":12,"gold_loss":0,"cards_obtained":[]},{"damage_healed":0,"gold_gain":0,"player_choice":"0 cards matched","damage_taken":0,"max_hp_gain":0,"max_hp_loss":0,"event_name":"Match and Keep!","floor":24,"gold_loss":0,"cards_obtained":[]}],"is_beta":false,"boss_relics":[{"not_picked":["Calling Bell","Philosopher\u0027s Stone"],"picked":"Sozu"}],"items_purged_floors":[5,20],"is_endless":false,"potions_floor_spawned":[7,8,13,14,16,18],"killed_by":"Slavers","ascension_level":12}