{"gold_per_floor":[109,129,109,30,42,70,70,97,122,153,169,169,196,255,255,328,328,346,446,21,33,33,33,63,63,88,131,143,155,167,211,223,314,326,357,384,396,36,136,171,171,199,245,245,274,274,294,294,294,294,294,294,294,14,47,47],"floor_reached":56,"playtime":5072,"items_purged":["Bash"],"score":2201,"play_id":"0d67643d-e381-450a-aee4-1fb6784d5b49","local_time":"20190319135131","is_ascension_mode":true,"campfire_choices":[{"data":"Body Slam","floor":7,"key":"SMITH"},{"data":"Uppercut","floor":12,"key":"SMITH"},{"data":"Iron Wave","floor":15,"key":"SMITH"},{"data":"Inflame","floor":23,"key":"SMITH"},{"data":"Iron Wave","floor":25,"key":"SMITH"},{"data":"Iron Wave","floor":28,"key":"SMITH"},{"data":"Shrug It Off","floor":32,"key":"SMITH"},{"data":"Limit Break","floor":41,"key":"SMITH"},{"data":"Disarm","floor":44,"key":"SMITH"},{"floor":46,"key":"RECALL"},{"data":"True Grit","floor":49,"key":"SMITH"},{"data":"Defend_R","floor":53,"key":"SMITH"}],"neow_cost":"PERCENT_DAMAGE","seed_source_timestamp":93706099927700,"circlet_count":0,"master_deck":["AscendersBane","Defend_R","Defend_R","Defend_R","Defend_R+1","Uppercut+1","Iron Wave+1","Body Slam+1","Iron Wave+1","Iron Wave+1","Cleave+1","Reaper+1","Thunderclap+1","Thunderclap+1","Fiend Fire+1","Shrug It Off+1","Disarm+1","Reaper+1","Iron Wave+1","Bite+1","Bite+1","Bite+1","Bite+1","Bite+1","Limit Break+1","Disarm+1","True Grit+1","Heavy Blade+1","Headbutt+1","Dark Shackles"],"relics":["Burning Blood","WingedGreaves","Whetstone","Orichalcum","Bag of Marbles","Molten Egg 2","Vajra","Juzu Bracelet","Coffee Dripper","Turnip","Meat on the Bone","Happy Flower","Anchor","Red Skull","MawBank","Bronze Scales","Shuriken","Lizard Tail","Oddly Smooth Stone","HandDrill","StoneCalendar","Boot","Strawberry","Blood Vial","Mummified Hand"],"potions_floor_usage":[6,8,10,13,16,51,51,55,56],"damage_taken":[{"damage":4,"enemies":"Small Slimes","floor":1,"turns":4},{"damage":2,"enemies":"Cultist","floor":2,"turns":4},{"damage":4,"enemies":"Jaw Worm","floor":5,"turns":4},{"damage":20,"enemies":"Lagavulin","floor":6,"turns":7},{"damage":18,"enemies":"Gremlin Nob","floor":8,"turns":4},{"damage":10,"enemies":"3 Sentries","floor":10,"turns":10},{"damage":0,"enemies":"3 Louse","floor":11,"turns":1},{"damage":25,"enemies":"Lagavulin","floor":13,"turns":5},{"damage":2,"enemies":"Gremlin Nob","floor":14,"turns":3},{"damage":0,"enemies":"Slime Boss","floor":16,"turns":6},{"damage":6,"enemies":"Chosen","floor":18,"turns":3},{"damage":7,"enemies":"Colosseum Slavers","floor":19,"turns":2},{"damage":18,"enemies":"Colosseum Nobs","floor":19,"turns":4},{"damage":1,"enemies":"2 Thieves","floor":21,"turns":3},{"damage":37,"enemies":"Slavers","floor":24,"turns":6},{"damage":18,"enemies":"Gremlin Leader","floor":27,"turns":4},{"damage":28,"enemies":"Book of Stabbing","floor":31,"turns":4},{"damage":45,"enemies":"Champ","floor":33,"turns":11},{"damage":1,"enemies":"Orb Walker","floor":35,"turns":2},{"damage":1,"enemies":"3 Shapes","floor":36,"turns":2},{"damage":0,"enemies":"Mind Bloom Boss Battle","floor":39,"turns":5},{"damage":27,"enemies":"Reptomancer","floor":40,"turns":7},{"damage":34,"enemies":"Nemesis","floor":42,"turns":7},{"damage":40,"enemies":"Reptomancer","floor":45,"turns":8},{"damage":8,"enemies":"Maw","floor":47,"turns":7},{"damage":99,"enemies":"Awakened One","floor":50,"turns":12},{"damage":58,"enemies":"Donu and Deca","floor":51,"turns":7},{"damage":126,"enemies":"Shield and Spear","floor":55,"turns":11},{"damage":58,"enemies":"The Heart","floor":56,"turns":2}],"seed_played":"4694324677413418382","potions_obtained":[{"floor":1,"key":"PowerPotion"},{"floor":3,"key":"AttackPotion"},{"floor":8,"key":"EssenceOfSteel"},{"floor":10,"key":"Strength Potion"},{"floor":11,"key":"Fire Potion"},{"floor":14,"key":"Weak Potion"},{"floor":27,"key":"LiquidBronze"},{"floor":31,"key":"Strength Potion"}],"is_trial":false,"path_per_floor":["M","M","?","$","M","E","R","E","T","E","M","R","E","?","R","B",null,"M","?","$","M","?","R","E","R","T","E","R","?","?","E","R","B",null,"M","M","?","$","?","E","R","E","T","R","E","R","M","?","R","B","B",null,"R","$","E","B"],"character_chosen":"IRONCLAD","items_purchased":["Body Slam","Iron Wave","Happy Flower","Inflame","Anchor","Oddly Smooth Stone","HandDrill","Strength Potion","Dexterity Potion","Dark Shackles"],"campfire_rested":0,"item_purchase_floors":[4,4,20,20,20,38,38,54,54,54],"current_hp_per_floor":[52,56,56,56,58,44,44,32,32,28,34,34,22,35,35,41,67,75,62,62,75,75,75,62,62,62,63,63,52,52,52,52,35,48,52,52,52,52,52,52,52,59,59,59,59,59,59,59,59,56,59,59,59,59,39,0],"gold":47,"neow_bonus":"ONE_RARE_RELIC","is_prod":false,"is_daily":false,"chose_seed":false,"campfire_upgraded":11,"win_rate":0,"timestamp":1552992691,"path_taken":["M","M","?","$","M","E","R","E","T","E","?","R","E","?","R","BOSS","M","?","$","M","?","R","E","R","T","E","R","?","?","E","R","BOSS","M","M","?","$","?","E","R","E","T","R","E","R","M","?","R","BOSS","BOSS","R","$","E","BOSS"],"build_version":"2019-01-23","purchased_purges":1,"victory":false,"max_hp_per_floor":[75,75,75,75,75,75,75,75,75,75,75,75,75,75,75,75,75,75,75,75,75,75,75,75,75,75,75,75,52,52,52,52,52,52,52,52,52,52,52,52,52,59,59,59,59,59,59,59,59,59,59,59,59,59,59,59],"card_choices":[{"not_picked":["Disarm","Pummel"],"picked":"Uppercut","floor":1},{"not_picked":["Body Slam","Flame Barrier"],"picked":"Iron Wave","floor":2},{"not_picked":["Sever Soul","Reckless Charge"],"picked":"Iron Wave","floor":5},{"not_picked":["Headbutt","Cleave","Pommel Strike"],"picked":"SKIP","floor":6},{"not_picked":["Exhume","Perfected Strike","Headbutt"],"picked":"SKIP","floor":8},{"not_picked":["Inflame","Warcry"],"picked":"Cleave","floor":10},{"not_picked":["Heavy Blade+1","Rupture"],"picked":"Reaper+1","floor":11},{"not_picked":["Clash+1","Clothesline+1"],"picked":"Thunderclap+1","floor":13},{"not_picked":["Warcry","Havoc"],"picked":"Thunderclap+1","floor":14},{"not_picked":["Exhume","Bludgeon+1"],"picked":"Fiend Fire+1","floor":16},{"not_picked":["Seeing Red","Bloodletting","Perfected Strike+1"],"picked":"SKIP","floor":18},{"not_picked":["Ghostly Armor","Anger+1"],"picked":"Shrug It Off","floor":19},{"not_picked":["Headbutt+1","Burning Pact"],"picked":"Disarm","floor":21},{"not_picked":["Blood for Blood+1","Body Slam+1"],"picked":"Reaper+1","floor":24},{"not_picked":["Havoc+1","Twin Strike+1"],"picked":"Iron Wave+1","floor":27},{"not_picked":["Headbutt+1","Blood for Blood+1","Anger+1"],"picked":"SKIP","floor":31},{"not_picked":["Dark Embrace","Offering"],"picked":"Limit Break","floor":33},{"not_picked":["Sever Soul+1","Whirlwind+1","Rupture"],"picked":"SKIP","floor":35},{"not_picked":["Intimidate","Rupture"],"picked":"Disarm","floor":36},{"not_picked":["Flex","Warcry+1"],"picked":"True Grit","floor":39},{"not_picked":["Perfected Strike+1","Havoc","Metallicize"],"picked":"SKIP","floor":40},{"not_picked":["Barricade","Flex","Anger+1"],"picked":"SKIP","floor":42},{"not_picked":["Burning Pact","Anger+1"],"picked":"Heavy Blade+1","floor":45},{"not_picked":["Body Slam+1","Clash+1"],"picked":"Headbutt+1","floor":47},{"not_picked":["Evolve","Seeing Red","Rupture"],"picked":"SKIP","floor":55}],"player_experience":947801,"relics_obtained":[{"floor":6,"key":"Whetstone"},{"floor":8,"key":"Orichalcum"},{"floor":9,"key":"Bag of Marbles"},{"floor":10,"key":"Molten Egg 2"},{"floor":13,"key":"Vajra"},{"floor":14,"key":"Juzu Bracelet"},{"floor":19,"key":"Turnip"},{"floor":19,"key":"Meat on the Bone"},{"floor":24,"key":"Red Skull"},{"floor":26,"key":"MawBank"},{"floor":27,"key":"Bronze Scales"},{"floor":31,"key":"Shuriken"},{"floor":39,"key":"StoneCalendar"},{"floor":40,"key":"Boot"},{"floor":42,"key":"Strawberry"},{"floor":45,"key":"Blood Vial"},{"floor":55,"key":"Mummified Hand"}],"event_choices":[{"damage_healed":0,"gold_gain":0,"player_choice":"Bought 1 Potion","damage_taken":0,"max_hp_gain":0,"max_hp_loss":0,"event_name":"The Woman in Blue","floor":3,"gold_loss":0},{"damage_healed":0,"gold_gain":0,"player_choice":"Searched \u00272\u0027 times","damage_taken":0,"max_hp_gain":0,"max_hp_loss":0,"event_name":"Dead Adventurer","floor":14,"gold_loss":0},{"damage_healed":0,"gold_gain":0,"player_choice":"Fight","damage_taken":0,"max_hp_gain":0,"max_hp_loss":0,"event_name":"Colosseum","floor":19,"gold_loss":0},{"damage_healed":0,"gold_gain":0,"player_choice":"Fought Nobs","damage_taken":0,"max_hp_gain":0,"max_hp_loss":0,"event_name":"Colosseum","floor":19,"gold_loss":0},{"damage_healed":0,"gold_gain":0,"player_choice":"Upgraded","damage_taken":0,"max_hp_gain":0,"max_hp_loss":0,"event_name":"Upgrade Shrine","floor":22,"gold_loss":0,"cards_upgraded":["Disarm"]},{"damage_healed":0,"gold_gain":0,"player_choice":"Became a vampire","damage_taken":0,"max_hp_gain":0,"max_hp_loss":23,"event_name":"Vampires","floor":29,"gold_loss":0,"cards_obtained":["Bite","Bite","Bite","Bite","Bite"]},{"damage_healed":0,"gold_gain":0,"player_choice":"Ignored","damage_taken":0,"max_hp_gain":0,"max_hp_loss":0,"event_name":"Ghosts","floor":30,"gold_loss":0},{"cards_removed":["Inflame"],"damage_healed":0,"gold_gain":0,"player_choice":"Removed Power","damage_taken":0,"max_hp_gain":0,"max_hp_loss":0,"event_name":"Falling","floor":37,"gold_loss":0},{"damage_healed":0,"gold_gain":0,"player_choice":"Fight","damage_taken":0,"max_hp_gain":0,"max_hp_loss":0,"event_name":"MindBloom","floor":39,"gold_loss":0},{"damage_healed":0,"gold_gain":0,"player_choice":"Ignored","damage_taken":0,"max_hp_gain":0,"max_hp_loss":0,"event_name":"Tomb of Lord Red Mask","floor":48,"gold_loss":0}],"is_beta":false,"boss_relics":[{"not_picked":["Pandora\u0027s Box","Black Blood"],"picked":"Coffee Dripper"},{"not_picked":["Velvet Choker","Empty Cage"],"picked":"Lizard Tail"}],"items_purged_floors":[54],"is_endless":false,"potions_floor_spawned":[1,5,8,10,11,14,19,27,31,36,45,47],"killed_by":"The Heart","ascension_level":20}