{"gold_per_floor":[363,375,43,118,136,136,147,147,170,170,190,223,234,253,253,330,330,347,347,9,20,34,34,34,61,87,34,54,54,64,164,164,242,242,260,260,260,260,274,299,309,309,309,309,309],"floor_reached":45,"playtime":2882,"items_purged":[],"score":1055,"play_id":"425e7b8f-0bf8-4d98-9e02-70a6ccef3559","local_time":"20190320191940","is_ascension_mode":true,"campfire_choices":[{"data":"Bash","floor":6.0,"key":"SMITH"},{"floor":10.0,"key":"REST"},{"data":"Immolate","floor":15.0,"key":"SMITH"},{"data":"Corruption","floor":23.0,"key":"SMITH"},{"data":"Body Slam","floor":29.0,"key":"SMITH"},{"data":"Armaments","floor":32.0,"key":"SMITH"},{"floor":44.0,"key":"REST"}],"neow_cost":"PERCENT_DAMAGE","seed_source_timestamp":201834637590300,"circlet_count":0,"master_deck":["AscendersBane","Strike_R","Strike_R","Strike_R","Strike_R","Defend_R","Defend_R","Defend_R","Defend_R","Bash+1","Anger","Flame Barrier","Perfected Strike+1","Immolate+1","Corruption+1","Flame Barrier","Headbutt","Battle Trance","Shrug It Off","Body Slam+1","True Grit+1","Armaments+1","Impervious","Disarm","Shrug It Off","Dual Wield","Thunderclap","Exhume","Madness","Madness","Trip","Madness","Parasite"],"special_seed":0,"relics":["Burning Blood","Turnip","Lantern","Oddly Smooth Stone","Runic Pyramid","Kunai","Bag of Marbles","Art of War","Prayer Wheel","Matryoshka","Orrery","Orichalcum","Bag of Preparation"],"potions_floor_usage":[],"damage_taken":[{"damage":7.0,"enemies":"Cultist","floor":1.0,"turns":4.0},{"damage":2.0,"enemies":"Jaw Worm","floor":2.0,"turns":3.0},{"damage":0.0,"enemies":"Small Slimes","floor":5.0,"turns":4.0},{"damage":21.0,"enemies":"Exordium Thugs","floor":7.0,"turns":4.0},{"damage":0.0,"enemies":"Gremlin Gang","floor":11.0,"turns":5.0},{"damage":30.0,"enemies":"3 Sentries","floor":12.0,"turns":8.0},{"damage":1.0,"enemies":"Blue Slaver","floor":13.0,"turns":2.0},{"damage":1.0,"enemies":"3 Louse","floor":14.0,"turns":2.0},{"damage":9.0,"enemies":"Slime Boss","floor":16.0,"turns":9.0},{"damage":19.0,"enemies":"2 Thieves","floor":18.0,"turns":4.0},{"damage":0.0,"enemies":"Chosen","floor":21.0,"turns":3.0},{"damage":17.0,"enemies":"Snake Plant","floor":22.0,"turns":6.0},{"damage":0.0,"enemies":"Gremlin Leader","floor":25.0,"turns":7.0},{"damage":1.0,"enemies":"Centurion and Healer","floor":28.0,"turns":7.0},{"damage":1.0,"enemies":"Sentry and Sphere","floor":30.0,"turns":5.0},{"damage":18.0,"enemies":"Colosseum Slavers","floor":31.0,"turns":6.0},{"damage":9.0,"enemies":"Colosseum Nobs","floor":31.0,"turns":4.0},{"damage":15.0,"enemies":"Champ","floor":33.0,"turns":20.0},{"damage":1.0,"enemies":"Orb Walker","floor":35.0,"turns":4.0},{"damage":0.0,"enemies":"3 Shapes","floor":39.0,"turns":1.0},{"damage":33.0,"enemies":"Reptomancer","floor":40.0,"turns":5.0},{"damage":12.0,"enemies":"Writhing Mass","floor":41.0,"turns":5.0},{"damage":52,"enemies":"Giant Head","floor":45,"turns":6}],"seed_played":"-8810422777195921134","potions_obtained":[{"floor":2.0,"key":"Block Potion"},{"floor":12.0,"key":"Regen Potion"},{"floor":14.0,"key":"Swift Potion"},{"floor":22.0,"key":"Weak Potion"},{"floor":25.0,"key":"Explosive Potion"},{"floor":30.0,"key":"Weak Potion"},{"floor":40.0,"key":"Poison Potion"}],"is_trial":false,"path_per_floor":["M","M","$","?","M","R","M","?","T","R","M","E","M","M","R","B",null,"M","?","$","M","M","R","$","E","T","$","M","R","M","?","R","B",null,"M","?","$","?","M","E","M","?","T","R","E"],"character_chosen":"IRONCLAD","items_purchased":["Turnip","Kunai","Headbutt","Body Slam"],"campfire_rested":2,"item_purchase_floors":[3,20,20,27],"current_hp_per_floor":[49,53,53,42,48,48,33,33,33,55,61,37,42,47,47,44,67,54,54,54,60,49,49,49,55,55,55,60,60,65,50,50,41,67,72,58,58,53,59,32,26,26,26,48,0],"gold":309,"neow_bonus":"TWO_FIFTY_GOLD","is_prod":false,"is_daily":false,"chose_seed":false,"campfire_upgraded":5,"win_rate":0,"timestamp":1553098780,"path_taken":["M","?","$","?","M","R","M","?","T","R","M","E","M","M","R","BOSS","M","?","?","M","?","R","$","E","T","$","M","R","?","?","R","BOSS","M","?","$","?","M","E","M","?","T","R","E"],"build_version":"2019-01-23","purchased_purges":0,"victory":false,"max_hp_per_floor":[75,75,75,75,75,75,75,75,75,75,75,75,75,75,75,75,75,75,75,75,75,75,75,75,75,75,75,75,75,75,75,75,75,75,75,75,75,75,75,75,75,75,75,75,75],"card_choices":[{"not_picked":["Infernal Blade","Flame Barrier"],"picked":"Anger","floor":1.0},{"not_picked":["Bloodletting","Dropkick"],"picked":"Flame Barrier","floor":2.0},{"not_picked":["Heavy Blade","Sword Boomerang"],"picked":"Perfected Strike","floor":5.0},{"not_picked":["Sentinel","Combust","Armaments"],"picked":"SKIP","floor":7.0},{"not_picked":["Sever Soul","Cleave","Warcry"],"picked":"SKIP","floor":11.0},{"not_picked":["Sever Soul","Dual Wield"],"picked":"Immolate","floor":12.0},{"not_picked":["Havoc","Whirlwind","Cleave"],"picked":"SKIP","floor":13.0},{"not_picked":["Sword Boomerang","Dropkick"],"picked":"Corruption","floor":14.0},{"not_picked":["Perfected Strike","Sword Boomerang","Rampage"],"picked":"SKIP","floor":18.0},{"not_picked":["Havoc+1","Pommel Strike"],"picked":"Battle Trance","floor":21.0},{"not_picked":["Warcry","Fire Breathing"],"picked":"Shrug It Off","floor":22.0},{"not_picked":["Clothesline","Thunderclap","Headbutt"],"picked":"SKIP","floor":25.0},{"not_picked":["Brutality","Pommel Strike"],"picked":"True Grit+1","floor":28.0},{"not_picked":["Iron Wave","Havoc"],"picked":"Armaments","floor":30.0},{"not_picked":["Offering","Reaper"],"picked":"Impervious","floor":33.0},{"not_picked":["Cleave","Rage"],"picked":"Disarm","floor":34.0},{"not_picked":["Clash","Anger"],"picked":"Shrug It Off","floor":34.0},{"not_picked":["True Grit","Thunderclap"],"picked":"Dual Wield","floor":34.0},{"not_picked":["Iron Wave","Perfected Strike"],"picked":"Thunderclap","floor":34.0},{"not_picked":["Burning Pact","Cleave"],"picked":"Exhume","floor":35.0},{"not_picked":["Warcry+1","Cleave","Body Slam+1"],"picked":"SKIP","floor":35.0},{"not_picked":["Discovery","Panacea"],"picked":"Trip","floor":38.0},{"not_picked":["Deep Breath","Impatience"],"picked":"Madness","floor":38.0},{"not_picked":["Sword Boomerang+1","Perfected Strike+1","Clash+1"],"picked":"SKIP","floor":39.0},{"not_picked":["Wild Strike","Reckless Charge+1","Sword Boomerang+1"],"picked":"SKIP","floor":39.0},{"not_picked":["Iron Wave+1","Heavy Blade+1","Flex+1"],"picked":"SKIP","floor":40.0},{"not_picked":["Infernal Blade","Perfected Strike","Body Slam"],"picked":"SKIP","floor":41.0},{"not_picked":["Headbutt","Hemokinesis","Wild Strike+1"],"picked":"SKIP","floor":41.0}],"player_experience":967251,"relics_obtained":[{"floor":9.0,"key":"Lantern"},{"floor":12.0,"key":"Oddly Smooth Stone"},{"floor":25.0,"key":"Bag of Marbles"},{"floor":26.0,"key":"Art of War"},{"floor":31.0,"key":"Prayer Wheel"},{"floor":31.0,"key":"Matryoshka"},{"floor":40.0,"key":"Orichalcum"},{"floor":43.0,"key":"Bag of Preparation"}],"event_choices":[{"damage_healed":0.0,"max_hp_gain":0.0,"max_hp_loss":0.0,"gold_gain":75.0,"event_name":"World of Goop","player_choice":"Gather Gold","floor":4.0,"gold_loss":0.0,"damage_taken":11.0},{"damage_healed":0.0,"max_hp_gain":0.0,"max_hp_loss":0.0,"gold_gain":0.0,"event_name":"Living Wall","player_choice":"Grow","floor":8.0,"gold_loss":0.0,"damage_taken":0.0,"cards_upgraded":["Perfected Strike"]},{"damage_healed":0.0,"max_hp_gain":0.0,"max_hp_loss":0.0,"gold_gain":0.0,"event_name":"Duplicator","player_choice":"Copied","floor":19.0,"gold_loss":0.0,"damage_taken":0.0,"cards_obtained":["Flame Barrier"]},{"damage_healed":0.0,"max_hp_gain":0.0,"max_hp_loss":0.0,"gold_gain":0.0,"event_name":"Colosseum","player_choice":"Fight","floor":31.0,"gold_loss":0.0,"damage_taken":0.0},{"damage_healed":0.0,"max_hp_gain":0.0,"max_hp_loss":0.0,"gold_gain":0.0,"event_name":"Colosseum","player_choice":"Fought Nobs","floor":31.0,"gold_loss":0.0,"damage_taken":0.0},{"damage_healed":0.0,"max_hp_gain":0.0,"max_hp_loss":0.0,"gold_gain":0.0,"event_name":"Winding Halls","player_choice":"Embrace Madness","floor":36.0,"gold_loss":0.0,"damage_taken":14.0,"cards_obtained":["Madness","Madness"]},{"damage_healed":0.0,"max_hp_gain":0.0,"max_hp_loss":0.0,"gold_gain":0.0,"event_name":"SensoryStone","player_choice":"Memory 2","floor":38.0,"gold_loss":0.0,"damage_taken":5.0},{"cards_removed":["Strike_R"],"damage_healed":0.0,"max_hp_gain":0.0,"max_hp_loss":0.0,"gold_gain":0.0,"event_name":"Falling","player_choice":"Removed Attack","floor":42.0,"gold_loss":0.0,"damage_taken":0.0}],"is_beta":false,"boss_relics":[{"not_picked":["Runic Dome","Snecko Eye"],"picked":"Runic Pyramid"},{"not_picked":["Tiny House","Calling Bell"],"picked":"Orrery"}],"items_purged_floors":[],"is_endless":false,"potions_floor_spawned":[2,12,14,22,25,30,31,40],"killed_by":"Giant Head","ascension_level":20}