{"gold_per_floor":[117,117,127,142,142,142,152,39,39,64,11,41,41,55,55,134,134,145,145,161,33,33,65,65,84,108,139,151,151],"floor_reached":29,"playtime":2034,"items_purged":[],"score":505,"play_id":"c623bc55-ef45-456d-90d0-5efeaf18aa7c","local_time":"20190810135304","is_ascension_mode":true,"campfire_choices":[{"data":"Deadly Poison","floor":6,"key":"SMITH"},{"data":"Crippling Poison","floor":13,"key":"SMITH"},{"floor":15,"key":"REST"},{"floor":24,"key":"REST"}],"neow_cost":"NONE","seed_source_timestamp":14758341684654,"circlet_count":0,"master_deck":["AscendersBane","Strike_G","Strike_G","Strike_G","Defend_G","Defend_G","Defend_G","Defend_G","Defend_G","Survivor+1","Neutralize","Poisoned Stab","Leg Sweep","Deadly Poison+1","Crippling Poison+1","Quick Slash","Escape Plan","PiercingWail","Die Die Die","Malaise","Outmaneuver","Backflip+1","PiercingWail","Footwork","Heel Hook","Skewer","Deflect"],"relics":["Ring of the Snake","FossilizedHelix","Tough Bandages","Blue Candle","Runic Pyramid","Ornamental Fan","Snake Skull","War Paint"],"potions_floor_usage":[12,20,23],"damage_taken":[{"damage":1,"enemies":"Jaw Worm","floor":1,"turns":6},{"damage":7,"enemies":"Small Slimes","floor":3,"turns":4},{"damage":0,"enemies":"2 Louse","floor":4,"turns":2},{"damage":17,"enemies":"Exordium Thugs","floor":7,"turns":8},{"damage":6,"enemies":"Gremlin Nob","floor":10,"turns":4},{"damage":10,"enemies":"Lagavulin","floor":12,"turns":5},{"damage":0,"enemies":"2 Fungi Beasts","floor":14,"turns":4},{"damage":9,"enemies":"The Guardian","floor":16,"turns":11},{"damage":3,"enemies":"Shell Parasite","floor":18,"turns":5},{"damage":4,"enemies":"Spheric Guardian","floor":20,"turns":4},{"damage":42,"enemies":"Slavers","floor":23,"turns":8},{"damage":4,"enemies":"Snake Plant","floor":25,"turns":6},{"damage":7,"enemies":"Gremlin Leader","floor":27,"turns":7},{"damage":16,"enemies":"Sentry and Sphere","floor":28,"turns":8},{"damage":6,"enemies":"Centurion and Healer","floor":29,"turns":2}],"seed_played":"2719262250016436246","potions_obtained":[{"floor":12,"key":"Energy Potion"},{"floor":23,"key":"FearPotion"},{"floor":27,"key":"LiquidBronze"}],"is_trial":false,"path_per_floor":["M","?","M","M","?","R","M","$","T","E","$","E","R","M","R","B",null,"M","?","M","$","$","E","R","M","T","E","M","M"],"character_chosen":"THE_SILENT","items_purchased":["Quick Slash","FearPotion","Poison Potion","Footwork","Heel Hook"],"campfire_rested":2,"item_purchase_floors":[8,8,11,21,21],"current_hp_per_floor":[64,64,57,57,50,50,33,33,33,27,27,17,17,17,38,29,61,58,58,54,54,54,12,33,29,29,22,6,0],"gold":151,"neow_bonus":"TEN_PERCENT_HP_BONUS","is_prod":false,"is_daily":false,"chose_seed":false,"campfire_upgraded":2,"win_rate":0,"timestamp":1565437984,"path_taken":["M","?","M","M","?","R","M","$","T","E","$","E","R","M","R","BOSS","M","?","M","?","$","E","R","M","T","E","M","M"],"build_version":"2019-07-17","purchased_purges":0,"victory":false,"max_hp_per_floor":[72,72,72,72,72,72,72,72,72,72,72,72,72,72,72,72,72,72,72,72,72,72,72,72,72,72,72,72,72],"card_choices":[{"not_picked":["Slice","PiercingWail"],"picked":"Poisoned Stab","floor":1},{"not_picked":["Accuracy","Dodge and Roll"],"picked":"Leg Sweep","floor":3},{"not_picked":["Deflect","Distraction"],"picked":"Deadly Poison","floor":4},{"not_picked":["Setup","Underhanded Strike"],"picked":"Crippling Poison","floor":7},{"not_picked":["Bane","Poisoned Stab"],"picked":"Escape Plan","floor":10},{"not_picked":["Expertise","Dagger Spray"],"picked":"PiercingWail","floor":12},{"not_picked":["Quick Slash","Flechettes"],"picked":"Die Die Die","floor":14},{"not_picked":["A Thousand Cuts","Grand Finale"],"picked":"Malaise","floor":16},{"not_picked":["Flechettes","Blade Dance"],"picked":"Outmaneuver","floor":18},{"not_picked":["Calculated Gamble","Reflex"],"picked":"PiercingWail","floor":20},{"not_picked":["Accuracy","Bane","Leg Sweep"],"picked":"SKIP","floor":23},{"not_picked":["Deadly Poison","Bane"],"picked":"Skewer","floor":25},{"not_picked":["Calculated Gamble","Poisoned Stab"],"picked":"Deflect","floor":27},{"not_picked":["Acrobatics","Bouncing Flask","Setup"],"picked":"SKIP","floor":28}],"player_experience":820940,"relics_obtained":[{"floor":9,"key":"FossilizedHelix"},{"floor":10,"key":"Tough Bandages"},{"floor":12,"key":"Blue Candle"},{"floor":23,"key":"Ornamental Fan"},{"floor":26,"key":"Snake Skull"},{"floor":27,"key":"War Paint"}],"event_choices":[{"damage_healed":0,"gold_gain":0,"player_choice":"Ignored","damage_taken":0,"max_hp_gain":0,"max_hp_loss":0,"event_name":"Golden Idol","floor":2,"gold_loss":0},{"cards_removed":["Strike_G"],"damage_healed":0,"gold_gain":0,"player_choice":"Card Removal","damage_taken":7,"max_hp_gain":0,"max_hp_loss":0,"event_name":"Golden Wing","floor":5,"gold_loss":0},{"damage_healed":0,"gold_gain":0,"cards_transformed":["Strike_G"],"player_choice":"Transformed","damage_taken":0,"max_hp_gain":0,"max_hp_loss":0,"event_name":"Transmorgrifier","floor":19,"gold_loss":0,"cards_obtained":["Backflip"]}],"is_beta":false,"boss_relics":[{"not_picked":["Sozu","Orrery"],"picked":"Runic Pyramid"}],"items_purged_floors":[],"is_endless":false,"potions_floor_spawned":[12,16,23,27],"killed_by":"Centurion and Healer","ascension_level":17}