{"gold_per_floor":[115,265,10,10,10,10,39,39,91,110,110,10,39,101,101,180,180,192,212,262,281,37,37,72,72,72,106,31,47,62,90,90,90],"floor_reached":33,"playtime":2126,"items_purged":["Doubt","Strike_R"],"score":618,"play_id":"2a32a188-b766-415e-b5b6-bef518f01319","local_time":"20190325105252","is_ascension_mode":true,"campfire_choices":[{"data":"Whirlwind","floor":6,"key":"SMITH"},{"floor":8,"key":"REST"},{"floor":11,"key":"REST"},{"data":"Enlightenment","floor":15,"key":"SMITH"},{"data":"Perfected Strike","floor":23,"key":"SMITH"},{"data":"Offering","floor":25,"key":"SMITH"},{"data":"Uppercut","floor":32,"key":"SMITH"}],"neow_cost":"NONE","seed_source_timestamp":604387154723300,"circlet_count":0,"master_deck":["AscendersBane","Strike_R","Strike_R","Defend_R","Defend_R","Defend_R","Defend_R","Bash","Twin Strike","Whirlwind+1","Enlightenment+1","Metallicize","Perfected Strike","Clothesline","True Grit","Offering+1","Perfected Strike+1","Uppercut+1","Shrug It Off","Shrug It Off","Flame Barrier+1","Clothesline","Disarm"],"relics":["Burning Blood","Lantern","Bag of Marbles","Incense Burner","Blood Vial","Anchor","Bottled Lightning","Sozu","Sling","Centennial Puzzle","Juzu Bracelet","Ancient Tea Set","Potion Belt"],"potions_floor_usage":[16,33],"damage_taken":[{"damage":3,"enemies":"2 Louse","floor":1,"turns":3},{"damage":55,"enemies":"Gremlin Nob","floor":7,"turns":5},{"damage":6,"enemies":"Small Slimes","floor":10,"turns":4},{"damage":8,"enemies":"3 Sentries","floor":13,"turns":4},{"damage":30,"enemies":"Lagavulin Event","floor":14,"turns":6},{"damage":15,"enemies":"Slime Boss","floor":16,"turns":8},{"damage":0,"enemies":"3 Byrds","floor":18,"turns":4},{"damage":7,"enemies":"Spheric Guardian","floor":19,"turns":3},{"damage":0,"enemies":"3 Cultists","floor":21,"turns":2},{"damage":17,"enemies":"Slavers","floor":24,"turns":4},{"damage":12,"enemies":"Book of Stabbing","floor":27,"turns":4},{"damage":0,"enemies":"Centurion and Healer","floor":29,"turns":4},{"damage":13,"enemies":"Snake Plant","floor":30,"turns":3},{"damage":8,"enemies":"Slavers","floor":31,"turns":5},{"damage":68,"enemies":"Champ","floor":33,"turns":20}],"seed_played":"-913479901135928849","potions_obtained":[{"floor":7,"key":"Explosive Potion"},{"floor":14,"key":"SkillPotion"}],"is_trial":false,"path_per_floor":["M","?","$","?","?","R","E","R","T","M","R","$","E","?","R","B",null,"M","M","?","M","$","R","E","R","T","E","?","M","M","E","R","B"],"character_chosen":"IRONCLAD","items_purchased":["Whirlwind","Enlightenment","Sling","Shrug It Off"],"campfire_rested":2,"item_purchase_floors":[3,3,22,22],"current_hp_per_floor":[71,71,71,64,59,59,10,32,32,34,56,56,56,34,34,27,63,71,72,72,75,75,75,64,64,64,60,60,68,63,63,63,0],"gold":90,"neow_bonus":"RANDOM_COMMON_RELIC","is_prod":false,"is_daily":false,"chose_seed":false,"campfire_upgraded":5,"win_rate":0,"timestamp":1553500372,"path_taken":["M","?","$","?","?","R","E","R","T","M","R","$","E","?","R","BOSS","M","M","?","M","$","R","E","R","T","E","?","M","M","E","R","BOSS"],"build_version":"2019-01-23","purchased_purges":2,"victory":false,"max_hp_per_floor":[75,75,75,75,75,75,75,75,75,75,75,75,75,75,75,75,75,75,75,75,75,75,75,75,75,75,75,75,75,75,75,75,75],"card_choices":[{"not_picked":["Flex","Searing Blow"],"picked":"Twin Strike","floor":1},{"not_picked":["Entrench","Fire Breathing"],"picked":"Metallicize","floor":7},{"not_picked":["Rampage","Anger"],"picked":"Perfected Strike","floor":10},{"not_picked":["Searing Blow","Exhume"],"picked":"Clothesline","floor":13},{"not_picked":["Sentinel","Twin Strike"],"picked":"True Grit","floor":14},{"not_picked":["Berserk","Dark Embrace"],"picked":"Offering","floor":16},{"not_picked":["Twin Strike+1","Rampage"],"picked":"Perfected Strike","floor":18},{"not_picked":["Headbutt","Iron Wave+1"],"picked":"Uppercut","floor":19},{"not_picked":["Armaments","Pommel Strike"],"picked":"Shrug It Off","floor":21},{"not_picked":["Evolve","Infernal Blade+1"],"picked":"Flame Barrier+1","floor":24},{"not_picked":["Shrug It Off","Twin Strike","True Grit"],"picked":"SKIP","floor":27},{"not_picked":["Shrug It Off","Twin Strike","True Grit"],"picked":"SKIP","floor":27},{"not_picked":["Havoc","Sever Soul"],"picked":"Clothesline","floor":29},{"not_picked":["Havoc","Pummel"],"picked":"Disarm","floor":30},{"not_picked":["Dark Embrace","Clash","Reckless Charge"],"picked":"SKIP","floor":31}],"player_experience":1007686,"relics_obtained":[{"floor":7,"key":"Incense Burner"},{"floor":9,"key":"Blood Vial"},{"floor":13,"key":"Anchor"},{"floor":14,"key":"Bottled Lightning"},{"floor":24,"key":"Centennial Puzzle"},{"floor":26,"key":"Juzu Bracelet"},{"floor":27,"key":"Ancient Tea Set"},{"floor":31,"key":"Potion Belt"}],"event_choices":[{"damage_healed":0,"gold_gain":150,"player_choice":"AGREE","damage_taken":0,"max_hp_gain":0,"max_hp_loss":0,"event_name":"Liars Game","floor":2,"gold_loss":0,"cards_obtained":["Doubt"]},{"cards_removed":["Strike_R"],"damage_healed":0,"gold_gain":0,"player_choice":"Card Removal","damage_taken":7,"max_hp_gain":0,"max_hp_loss":0,"event_name":"Golden Wing","floor":4,"gold_loss":0},{"damage_healed":0,"gold_gain":0,"player_choice":"Success","damage_taken":5,"relics_obtained":["Bag of Marbles"],"max_hp_gain":0,"max_hp_loss":0,"event_name":"Scrap Ooze","floor":5,"gold_loss":0},{"damage_healed":0,"gold_gain":0,"player_choice":"Searched \u00272\u0027 times","damage_taken":0,"max_hp_gain":0,"max_hp_loss":0,"event_name":"Dead Adventurer","floor":14,"gold_loss":0},{"damage_healed":0,"gold_gain":50,"player_choice":"Stole From Cult","damage_taken":0,"max_hp_gain":0,"max_hp_loss":0,"event_name":"Nest","floor":20,"gold_loss":0},{"cards_removed":["Strike_R"],"damage_healed":0,"gold_gain":0,"player_choice":"Gave Gold","damage_taken":0,"max_hp_gain":0,"max_hp_loss":0,"event_name":"Beggar","floor":28,"gold_loss":75}],"is_beta":false,"boss_relics":[{"not_picked":["Runic Dome","Cursed Key"],"picked":"Sozu"}],"items_purged_floors":[3,12],"is_endless":false,"potions_floor_spawned":[7,14,19,30,31],"killed_by":"Champ","ascension_level":20}