{"gold_per_floor":[114,127,127,137,202,7,7,22,47,47,22,72,72,85,85,161,161,176,189,2,52,102,102,121,121,121,121,150,150],"floor_reached":29,"playtime":1739,"items_purged":["Strike_G","Strike_G"],"score":462,"play_id":"a0279f32-f3e7-4acb-88b3-15fd17782628","local_time":"20190526093527","is_ascension_mode":true,"campfire_choices":[{"data":"Terror","floor":7.0,"key":"SMITH"},{"data":"Predator","floor":10.0,"key":"SMITH"},{"data":"Well Laid Plans","floor":13.0,"key":"SMITH"},{"data":"Noxious Fumes","floor":15.0,"key":"SMITH"},{"data":"Malaise","floor":23.0,"key":"SMITH"},{"data":"Ghostly","floor":25.0,"key":"SMITH"},{"data":"1","floor":27.0,"key":"LIFT"}],"neow_cost":"NONE","seed_source_timestamp":1192994498063900,"circlet_count":0,"master_deck":["AscendersBane","Defend_G","Defend_G","Defend_G","Defend_G","Defend_G","Strike_G","Strike_G","Strike_G","Survivor","Neutralize","Terror+1","Backflip","Dagger Spray","All Out Attack","Well Laid Plans+1","Predator+1","Blur","Noxious Fumes+1","Malaise+1","Outmaneuver+1","Dash","Ghostly","Ghostly","Ghostly+1","Blur"],"special_seed":0,"relics":["Ring of the Snake","NeowsBlessing","SsserpentHead","Anchor","Philosopher\u0027s Stone","Girya","Regal Pillow"],"potions_floor_usage":[28,28],"damage_taken":[{"damage":0.0,"enemies":"Small Slimes","floor":1.0,"turns":1.0},{"damage":0.0,"enemies":"Cultist","floor":2.0,"turns":1.0},{"damage":0.0,"enemies":"2 Louse","floor":4.0,"turns":1.0},{"damage":22.0,"enemies":"Exordium Thugs","floor":5.0,"turns":8.0},{"damage":0.0,"enemies":"Looter","floor":14.0,"turns":3.0},{"damage":7.0,"enemies":"The Guardian","floor":16.0,"turns":11.0},{"damage":15.0,"enemies":"Chosen","floor":18.0,"turns":6.0},{"damage":25.0,"enemies":"3 Byrds","floor":19.0,"turns":5.0},{"damage":7.0,"enemies":"Snake Plant","floor":24.0,"turns":5.0},{"damage":21,"enemies":"Slavers","floor":28,"turns":9},{"damage":0,"enemies":"Centurion and Healer","floor":29,"turns":1}],"seed_played":"1620267107334149974","potions_obtained":[{"floor":4.0,"key":"Fruit Juice"},{"floor":5.0,"key":"GhostInAJar"},{"floor":16.0,"key":"SteroidPotion"},{"floor":19.0,"key":"Regen Potion"},{"floor":28,"key":"GhostInAJar"}],"is_trial":false,"path_per_floor":["M","M","?","M","M","$","R","?","T","R","$","?","R","M","R","B",null,"M","M","$","?","?","R","M","R","T","R","E","M"],"character_chosen":"THE_SILENT","items_purchased":["Well Laid Plans","Predator","Blur","Dash"],"campfire_rested":0,"item_purchase_floors":[6,6,11,20],"current_hp_per_floor":[59,59,59,59,37,37,37,53,53,53,53,58,58,58,58,56,71,56,31,31,31,31,31,24,24,24,24,17,17],"gold":150,"neow_bonus":"THREE_ENEMY_KILL","is_prod":false,"is_daily":false,"chose_seed":false,"campfire_upgraded":6,"win_rate":0,"timestamp":1558852527,"path_taken":["M","M","?","M","?","$","R","?","T","R","?","?","R","M","R","BOSS","M","M","$","?","?","R","M","R","T","R","E","M"],"build_version":"2019-01-23","purchased_purges":2,"victory":false,"max_hp_per_floor":[66,66,66,66,66,66,66,66,66,66,66,71,71,71,71,76,76,76,76,76,76,38,38,38,38,38,38,38,38],"card_choices":[{"not_picked":["Dagger Throw","Choke"],"picked":"Terror","floor":1.0},{"not_picked":["Reflex","Infinite Blades"],"picked":"Backflip","floor":2.0},{"not_picked":["Cloak And Dagger","Outmaneuver"],"picked":"Dagger Spray","floor":4.0},{"not_picked":["Flying Knee","Sucker Punch"],"picked":"All Out Attack","floor":5.0},{"not_picked":["Accuracy","Cloak And Dagger"],"picked":"Noxious Fumes","floor":14.0},{"not_picked":["Night Terror","After Image"],"picked":"Malaise","floor":16.0},{"not_picked":["Sucker Punch","Flying Knee"],"picked":"Outmaneuver+1","floor":18.0},{"not_picked":["Dagger Spray","Flechettes","Distraction"],"picked":"SKIP","floor":19.0},{"not_picked":["Sucker Punch","Flechettes"],"picked":"Blur","floor":24.0},{"not_picked":["Eviscerate","Tactician","Accuracy"],"picked":"SKIP","floor":28}],"player_experience":1330553,"relics_obtained":[{"floor":9.0,"key":"Anchor"},{"floor":26.0,"key":"Girya"},{"floor":28,"key":"Regal Pillow"}],"event_choices":[{"damage_healed":0.0,"max_hp_gain":0.0,"max_hp_loss":0.0,"gold_gain":0.0,"event_name":"FaceTrader","player_choice":"Trade","floor":3.0,"gold_loss":0.0,"damage_taken":0.0,"relics_obtained":["SsserpentHead"]},{"damage_healed":16.0,"max_hp_gain":0.0,"max_hp_loss":0.0,"gold_gain":0.0,"event_name":"The Cleric","player_choice":"Healed","floor":8.0,"gold_loss":35.0,"damage_taken":0.0},{"damage_healed":0.0,"max_hp_gain":5.0,"max_hp_loss":0.0,"gold_gain":0.0,"event_name":"Big Fish","player_choice":"Donut","floor":12.0,"gold_loss":0.0,"damage_taken":0.0},{"damage_healed":0.0,"max_hp_gain":0.0,"max_hp_loss":38.0,"gold_gain":0.0,"event_name":"Ghosts","player_choice":"Became a Ghost","floor":22.0,"gold_loss":0.0,"damage_taken":0.0,"cards_obtained":["Ghostly","Ghostly","Ghostly"]}],"is_beta":false,"boss_relics":[{"not_picked":["Lizard Tail","Coffee Dripper"],"picked":"Philosopher\u0027s Stone"}],"items_purged_floors":[6,20],"is_endless":false,"potions_floor_spawned":[4,5,16,19,28],"killed_by":"Centurion and Healer","ascension_level":20}