{"gold_per_floor":[112,127,205,220,240,240,272,272,297,297],"floor_reached":10,"playtime":636,"items_purged":[],"score":129,"play_id":"a6828764-d4bc-402c-b1e6-31a731cbfc34","local_time":"20190816112522","is_ascension_mode":true,"campfire_choices":[{"data":"Dagger Spray","floor":6,"key":"SMITH"},{"floor":8,"key":"REST"}],"neow_cost":"NONE","seed_source_timestamp":8753996834671,"circlet_count":0,"master_deck":["AscendersBane","Strike_G","Strike_G","Strike_G","Strike_G","Strike_G","Defend_G+1","Defend_G","Defend_G","Defend_G","Defend_G","Survivor+1","Neutralize","Predator","Blade Dance","Dagger Spray+1","Choke","PiercingWail"],"relics":["Ring of the Snake","Bag of Marbles","War Paint"],"potions_floor_usage":[],"damage_taken":[{"damage":0,"enemies":"2 Louse","floor":1,"turns":5},{"damage":0,"enemies":"Jaw Worm","floor":2,"turns":5},{"damage":0,"enemies":"Cultist","floor":4,"turns":3},{"damage":9,"enemies":"Blue Slaver","floor":5,"turns":6},{"damage":42,"enemies":"3 Sentries","floor":7,"turns":10},{"damage":36,"enemies":"Large Slime","floor":10,"turns":5}],"seed_played":"-2027117684765351972","potions_obtained":[{"floor":0,"key":"GamblersBrew"},{"floor":0,"key":"FairyPotion"},{"floor":0,"key":"LiquidBronze"},{"floor":2,"key":"Weak Potion"}],"is_trial":false,"path_per_floor":["M","M","?","M","M","R","E","R","T","M"],"character_chosen":"THE_SILENT","items_purchased":[],"campfire_rested":1,"item_purchase_floors":[],"current_hp_per_floor":[59,59,59,59,50,50,8,27,27,0],"gold":297,"neow_bonus":"THREE_SMALL_POTIONS","is_prod":false,"is_daily":false,"chose_seed":false,"campfire_upgraded":1,"win_rate":0,"timestamp":1565947522,"path_taken":["M","M","?","M","M","R","E","R","T","M"],"build_version":"2019-07-17","purchased_purges":0,"victory":false,"max_hp_per_floor":[66,66,66,66,66,66,66,66,66,66],"card_choices":[{"not_picked":["Prepared","Distraction"],"picked":"Predator","floor":1},{"not_picked":["Prepared","Bane"],"picked":"Blade Dance","floor":2},{"not_picked":["Outmaneuver","Tactician"],"picked":"Dagger Spray","floor":4},{"not_picked":["Dodge and Roll","Acrobatics"],"picked":"Choke","floor":5},{"not_picked":["Slice","Prepared"],"picked":"PiercingWail","floor":7}],"player_experience":949702,"relics_obtained":[{"floor":7,"key":"Bag of Marbles"},{"floor":9,"key":"War Paint"}],"event_choices":[{"damage_healed":0,"gold_gain":78,"player_choice":"Gained Gold","damage_taken":0,"max_hp_gain":0,"max_hp_loss":0,"event_name":"Golden Wing","floor":3,"gold_loss":0}],"is_beta":false,"boss_relics":[],"items_purged_floors":[],"is_endless":false,"potions_floor_spawned":[2,5],"killed_by":"Large Slime","ascension_level":18}