{"gold_per_floor":[210,229,248,266,284,313,313,313,313,313,313,339,30,0,0,74,124,141,66,82,98,98,98,13,13,13,46,46,46,6,6,6,82,82,92,143,68,0,12,12,42,142,142,42,42,42,54,67,67,67],"floor_reached":51,"playtime":2637,"items_purged":["Strike_B","Strike_B"],"score":1276,"play_id":"ac6f2bca-440a-496e-a642-17e5f7804dfc","local_time":"20190918173743","is_ascension_mode":true,"campfire_choices":[{"floor":8.0,"key":"REST"},{"data":"Zap","floor":10.0,"key":"SMITH"},{"floor":15.0,"key":"REST"},{"floor":23.0,"key":"REST"},{"data":"Coolheaded","floor":25.0,"key":"SMITH"},{"floor":32.0,"key":"REST"},{"floor":40,"key":"REST"},{"floor":46,"key":"REST"},{"data":"Rainbow","floor":49,"key":"SMITH"}],"neow_cost":"NONE","seed_source_timestamp":0,"circlet_count":0,"master_deck":["AscendersBane","Strike_B","Defend_B","Defend_B","Defend_B","Defend_B","Zap+1","Dualcast","Compile Driver","Steam","Thunder Strike","Auto Shields","Tempest+1","Chill","Defragment+1","Static Discharge+1","Amplify","Coolheaded+1","Sweeping Beam+1","Conserve Battery","Self Repair+1","Defragment+1","Rainbow+1","Leap","Parasite","Coolheaded+1"],"special_seed":0,"relics":["Cracked Core","Juzu Bracelet","Dead Branch","Frozen Egg 2","Runic Capacitor","Tiny House","Nunchaku","Mango","Nloth\u0027s Gift","Busted Crown","Incense Burner","Red Mask","Cables","Bird Faced Urn","Happy Flower"],"potions_floor_usage":[36,36,41,50],"damage_taken":[{"damage":9.0,"enemies":"Jaw Worm","floor":1.0,"turns":3.0},{"damage":8.0,"enemies":"2 Louse","floor":2.0,"turns":2.0},{"damage":7.0,"enemies":"Small Slimes","floor":3.0,"turns":3.0},{"damage":15.0,"enemies":"3 Louse","floor":4.0,"turns":4.0},{"damage":0.0,"enemies":"Looter","floor":5.0,"turns":3.0},{"damage":22.0,"enemies":"Gremlin Nob","floor":6.0,"turns":4.0},{"damage":23.0,"enemies":"Lagavulin","floor":12.0,"turns":8.0},{"damage":20.0,"enemies":"Slime Boss","floor":16.0,"turns":9.0},{"damage":25.0,"enemies":"Shell Parasite","floor":18.0,"turns":7.0},{"damage":15.0,"enemies":"3 Byrds","floor":20.0,"turns":3.0},{"damage":1.0,"enemies":"3 Cultists","floor":21.0,"turns":4.0},{"damage":48.0,"enemies":"Slavers","floor":27.0,"turns":3.0},{"damage":43.0,"enemies":"Champ","floor":33.0,"turns":11.0},{"damage":3.0,"enemies":"Orb Walker","floor":35.0,"turns":5.0},{"damage":50,"enemies":"2 Orb Walkers","floor":36,"turns":3},{"damage":19,"enemies":"3 Shapes","floor":39,"turns":3},{"damage":48,"enemies":"Giant Head","floor":41,"turns":7},{"damage":0,"enemies":"Mind Bloom Boss Battle","floor":42,"turns":6},{"damage":0,"enemies":"Writhing Mass","floor":47,"turns":5},{"damage":1,"enemies":"Maw","floor":48,"turns":4},{"damage":85,"enemies":"Awakened One","floor":50,"turns":9}],"seed_played":"5757871014958843348","potions_obtained":[{"floor":1.0,"key":"SteroidPotion"},{"floor":4.0,"key":"Strength Potion"},{"floor":12.0,"key":"Energy Potion"},{"floor":17.0,"key":"Weak Potion"},{"floor":33.0,"key":"Poison Potion"},{"floor":36,"key":"AttackPotion"},{"floor":39,"key":"GamblersBrew"}],"is_trial":false,"path_per_floor":["M","M","M","M","M","E","?","R","T","R","?","E","$","?","R","B",null,"M","?","M","M","?","R","?","R","T","E","$","?","$","?","R","B",null,"M","?","$","?","M","R","E","?","T","$","?","R","M","M","R","B",null],"character_chosen":"DEFECT","items_purchased":["Runic Capacitor","Static Discharge+1","Defragment+1"],"campfire_rested":6,"item_purchase_floors":[13,13,30],"current_hp_per_floor":[55,47,40,25,25,3,3,24,24,24,24,1,1,1,22,2,59,34,34,19,18,18,40,40,40,54,6,6,24,24,24,51,18,72,89,39,39,39,30,57,19,19,19,19,19,46,68,90,90,25],"gold":67,"neow_bonus":"HUNDRED_GOLD","is_prod":false,"is_daily":false,"chose_seed":false,"campfire_upgraded":3,"win_rate":0,"timestamp":1568795863,"path_taken":["M","M","M","M","M","E","?","R","T","R","?","E","?","?","R","BOSS","M","?","M","M","?","R","?","R","T","E","$","?","?","?","R","BOSS","M","?","$","?","M","R","E","?","T","$","?","R","M","M","R","BOSS"],"build_version":"2019-07-17","purchased_purges":2,"victory":true,"max_hp_per_floor":[71,71,71,71,71,71,71,71,71,71,71,71,71,71,71,71,76,76,76,76,76,76,76,76,76,90,90,90,90,90,90,90,90,90,90,90,90,90,90,90,90,90,90,90,90,90,90,90,90,90],"card_choices":[{"not_picked":["Hello World","Redo"],"picked":"Compile Driver","floor":1.0},{"not_picked":["Steam Power","Ball Lightning"],"picked":"Steam","floor":2.0},{"not_picked":["Aggregate","Steam"],"picked":"Thunder Strike","floor":3.0},{"not_picked":["Steam","Rebound"],"picked":"Auto Shields","floor":4.0},{"not_picked":["Steam Power","Skim"],"picked":"Tempest","floor":5.0},{"not_picked":["Defragment","Fusion"],"picked":"Chill","floor":6.0},{"not_picked":["Go for the Eyes","Genetic Algorithm"],"picked":"Defragment","floor":12.0},{"not_picked":["Hyperbeam","Meteor Strike"],"picked":"Amplify","floor":16.0},{"not_picked":["Rebound","Genetic Algorithm"],"picked":"Coolheaded","floor":17.0},{"not_picked":["Go for the Eyes","Stack"],"picked":"Sweeping Beam+1","floor":18.0},{"not_picked":["Gash","White Noise","Rebound"],"picked":"SKIP","floor":20.0},{"not_picked":["Stack+1","Creative AI+1"],"picked":"Conserve Battery","floor":21.0},{"not_picked":["Rip and Tear","Beam Cell"],"picked":"Self Repair+1","floor":27.0},{"not_picked":["Reboot","Core Surge"],"picked":"Rainbow","floor":33.0},{"not_picked":["Turbo"],"picked":"SKIP","floor":35.0},{"not_picked":["Sweeping Beam"],"picked":"SKIP","floor":39},{"not_picked":["Consume"],"picked":"SKIP","floor":41},{"not_picked":[],"picked":"Leap","floor":42},{"not_picked":["Ball Lightning"],"picked":"SKIP","floor":47},{"not_picked":[],"picked":"Coolheaded+1","floor":48}],"player_experience":401606,"relics_obtained":[{"floor":6.0,"key":"Juzu Bracelet"},{"floor":9.0,"key":"Dead Branch"},{"floor":12.0,"key":"Frozen Egg 2"},{"floor":26.0,"key":"Mango"},{"floor":27.0,"key":"Centennial Puzzle"},{"floor":36,"key":"Incense Burner"},{"floor":41,"key":"Cables"},{"floor":42,"key":"Bird Faced Urn"},{"floor":43,"key":"Happy Flower"}],"event_choices":[{"damage_healed":0.0,"max_hp_gain":0.0,"max_hp_loss":0.0,"gold_gain":0.0,"event_name":"Scrap Ooze","player_choice":"Fled","floor":7.0,"gold_loss":0.0,"damage_taken":0.0},{"damage_healed":0.0,"max_hp_gain":0.0,"max_hp_loss":0.0,"gold_gain":0.0,"event_name":"Shining Light","player_choice":"Ignored","floor":11.0,"gold_loss":0.0,"damage_taken":0.0},{"damage_healed":0.0,"max_hp_gain":0.0,"max_hp_loss":0.0,"gold_gain":0.0,"event_name":"World of Goop","player_choice":"Left Gold","floor":14.0,"gold_loss":30.0,"damage_taken":0.0},{"cards_removed":["Strike_B"],"damage_healed":0.0,"max_hp_gain":0.0,"max_hp_loss":0.0,"gold_gain":0.0,"event_name":"Beggar","player_choice":"Gave Gold","floor":19.0,"gold_loss":75.0,"damage_taken":0.0},{"damage_healed":0.0,"max_hp_gain":0.0,"max_hp_loss":0.0,"gold_gain":0.0,"event_name":"Cursed Tome","player_choice":"Ignored","floor":22.0,"gold_loss":0.0,"damage_taken":0.0},{"damage_healed":0.0,"max_hp_gain":0.0,"max_hp_loss":0.0,"gold_gain":0.0,"event_name":"Addict","player_choice":"Obtained Relic","floor":24.0,"gold_loss":85.0,"damage_taken":0.0,"relics_obtained":["Nunchaku"]},{"damage_healed":18.0,"max_hp_gain":0.0,"max_hp_loss":0.0,"gold_gain":0.0,"event_name":"The Library","player_choice":"Heal","floor":29.0,"gold_loss":0.0,"damage_taken":0.0},{"damage_healed":0.0,"max_hp_gain":0.0,"max_hp_loss":0.0,"gold_gain":0.0,"event_name":"N\u0027loth","player_choice":"Traded Relic","floor":31.0,"relics_lost":["Centennial Puzzle"],"gold_loss":0.0,"damage_taken":0.0,"relics_obtained":["Nloth\u0027s Gift"]},{"damage_healed":0,"gold_gain":0,"player_choice":"Fight","damage_taken":0,"max_hp_gain":0,"max_hp_loss":0,"event_name":"Mysterious Sphere","floor":36,"gold_loss":0},{"damage_healed":0,"gold_gain":0,"player_choice":"Paid","damage_taken":0,"relics_obtained":["Red Mask"],"max_hp_gain":0,"max_hp_loss":0,"event_name":"Tomb of Lord Red Mask","floor":38,"gold_loss":68},{"damage_healed":0,"gold_gain":0,"player_choice":"Fight","damage_taken":0,"max_hp_gain":0,"max_hp_loss":0,"event_name":"MindBloom","floor":42,"gold_loss":0},{"damage_healed":0,"gold_gain":0,"player_choice":"Leave","damage_taken":0,"max_hp_gain":0,"max_hp_loss":0,"event_name":"FaceTrader","floor":45,"gold_loss":0}],"is_beta":false,"boss_relics":[{"not_picked":["Velvet Choker","Fusion Hammer"],"picked":"Tiny House"},{"not_picked":["Philosopher\u0027s Stone","Pandora\u0027s Box"],"picked":"Busted Crown"}],"items_purged_floors":[37,44],"is_endless":false,"potions_floor_spawned":[1,4,6,12,18,33,36,39],"ascension_level":17}