{"gold_per_floor":[362,362,0,25,25,25,46,69,69,19,43,58,8,28,28,159,159,159],"floor_reached":18,"playtime":513,"items_purged":["Redo"],"score":208,"play_id":"d03e9dc9-122a-4096-ba69-7824b81acd4a","local_time":"20180808104142","is_ascension_mode":true,"campfire_choices":[{"floor":6,"key":"REST"},{"floor":15,"key":"REST"}],"neow_cost":"FIFTY_PERCENT_DAMAGE","seed_source_timestamp":261974039538485,"circlet_count":0,"master_deck":["Zap+1","Dualcast","Go for the Eyes","Capacitor","Sweeping Beam","Gash","Rebound","Conserve Battery","Consume","Echo Form","White Noise","Darkness","Beam Cell","Conserve Battery","Aggregate","Recycle","Steam Power"],"relics":["Cracked Core","Golden Idol","Mango","Smiling Mask","Pandora\u0027s Box"],"potions_floor_usage":[16],"damage_taken":[{"damage":12,"enemies":"Jaw Worm","floor":1,"turns":2},{"damage":5,"enemies":"Small Slimes","floor":4,"turns":4},{"damage":1,"enemies":"Cultist","floor":7,"turns":3},{"damage":0,"enemies":"Large Slime","floor":8,"turns":5},{"damage":2,"enemies":"Looter","floor":11,"turns":4},{"damage":9,"enemies":"Exordium Wildlife","floor":12,"turns":4},{"damage":4,"enemies":"Large Slime","floor":14,"turns":4},{"damage":24,"enemies":"Hexaghost","floor":16,"turns":9},{"damage":0,"enemies":"Spheric Guardian","floor":18,"turns":1}],"seed_played":"-6139222828215522007","potions_obtained":[{"floor":4,"key":"Strength Potion"},{"floor":8,"key":"SpeedPotion"},{"floor":11,"key":"Energy Potion"},{"floor":16,"key":"PowerPotion"}],"is_trial":false,"path_per_floor":["M","?","$","M","?","R","M","M","T","?","M","M","$","M","R","B",null],"character_chosen":"DEFECT","items_purchased":["Mango","Capacitor"],"campfire_rested":2,"item_purchase_floors":[3,3],"current_hp_per_floor":[22,4,18,13,13,39,38,38,38,38,36,27,27,23,49,25,73,73],"gold":159,"neow_bonus":"TWO_FIFTY_GOLD","is_prod":false,"is_daily":false,"chose_seed":false,"campfire_upgraded":0,"win_rate":0,"timestamp":1533692502,"path_taken":["M","?","$","M","?","R","M","M","T","?","M","?","$","M","R","BOSS","M"],"build_version":"2018-08-02","purchased_purges":1,"victory":false,"max_hp_per_floor":[75,75,89,89,89,89,89,89,89,89,89,89,89,89,89,89,89,89],"card_choices":[{"not_picked":["Compile Driver","Coolheaded"],"picked":"Go for the Eyes","floor":1},{"not_picked":["Go for the Eyes","Loop"],"picked":"Sweeping Beam","floor":4},{"not_picked":["Redo","Barrage"],"picked":"Gash","floor":7},{"not_picked":["Leap","Coolheaded"],"picked":"Rebound","floor":8},{"not_picked":["Streamline","Doom and Gloom"],"picked":"Conserve Battery","floor":11},{"not_picked":["Skim","Turbo"],"picked":"Redo","floor":12},{"not_picked":["Capacitor","Undo"],"picked":"Consume","floor":14},{"not_picked":["Thunder Strike","Meteor Strike"],"picked":"Echo Form","floor":16}],"player_experience":169887,"relics_obtained":[{"floor":9,"key":"Smiling Mask"}],"event_choices":[{"event_name":"Golden Idol","player_choice":"Take Damage","floor":2,"damage_taken":0},{"event_name":"Upgrade Shrine","player_choice":"Upgraded","floor":5,"damage_taken":0},{"event_name":"The Cleric","player_choice":"Card Removal","floor":10,"damage_taken":0}],"is_beta":false,"boss_relics":[{"not_picked":["Cursed Key","Lizard Tail"],"picked":"Pandora\u0027s Box"}],"items_purged_floors":[13],"is_endless":false,"potions_floor_spawned":[4,8,11,16],"killed_by":"Spheric Guardian","ascension_level":7}