{"gold_per_floor":[118,128,203,216,31,57,57,76,76,94,104,116,116,131,131,131],"floor_reached":16,"playtime":833,"items_purged":[],"score":143,"play_id":"e60723d5-b962-4879-8943-4ad7e90c1cf0","local_time":"20180808095358","is_ascension_mode":true,"campfire_choices":[{"data":"Zap","floor":7,"key":"SMITH"},{"floor":13,"key":"REST"},{"data":"Steam Power","floor":15,"key":"SMITH"}],"neow_cost":"NONE","seed_source_timestamp":258789517786337,"circlet_count":0,"master_deck":["Strike_B","Strike_B","Strike_B","Strike_B","Defend_B","Defend_B","Defend_B","Defend_B","Zap+1","Dualcast","All For One","Recycle","Go for the Eyes","Reboot","Conserve Battery","Steam","Steam Power+1","Go for the Eyes","Rebound","Melter"],"relics":["Cracked Core","Blood Vial","Bottled Flame"],"potions_floor_usage":[10,10,16],"damage_taken":[{"damage":5,"enemies":"Cultist","floor":1,"turns":4},{"damage":2,"enemies":"Jaw Worm","floor":2,"turns":3},{"damage":5,"enemies":"2 Louse","floor":4,"turns":2},{"damage":25,"enemies":"3 Sentries","floor":6,"turns":8},{"damage":10,"enemies":"Red Slaver","floor":8,"turns":2},{"damage":0,"enemies":"Lots of Slimes","floor":10,"turns":3},{"damage":0,"enemies":"2 Fungi Beasts","floor":11,"turns":2},{"damage":0,"enemies":"Looter","floor":12,"turns":3},{"damage":1,"enemies":"3 Louse","floor":14,"turns":3},{"damage":44,"enemies":"Hexaghost","floor":16,"turns":9}],"seed_played":"-3815370109054508383","potions_obtained":[{"floor":1,"key":"EssenceOfSteel"},{"floor":2,"key":"EssenceOfSteel"},{"floor":8,"key":"AttackPotion"},{"floor":10,"key":"Energy Potion"},{"floor":11,"key":"Ancient Potion"}],"is_trial":false,"path_per_floor":["M","M","?","M","$","E","R","M","T","M","M","M","R","M","R"],"character_chosen":"DEFECT","items_purchased":["Reboot","Conserve Battery"],"campfire_rested":1,"item_purchase_floors":[5,5],"current_hp_per_floor":[63,61,50,45,45,20,20,12,12,14,16,18,40,41,41,0],"gold":131,"neow_bonus":"ONE_RANDOM_RARE_CARD","is_prod":false,"is_daily":false,"chose_seed":false,"campfire_upgraded":2,"win_rate":0,"timestamp":1533689638,"path_taken":["M","M","?","?","$","E","R","M","T","M","M","M","R","M","R","BOSS"],"build_version":"2018-08-02","purchased_purges":0,"victory":false,"max_hp_per_floor":[75,75,75,75,75,75,75,75,75,75,75,75,75,75,75,75],"card_choices":[{"not_picked":["Steam","Defragment"],"picked":"Recycle","floor":1},{"not_picked":["Gash","Storm"],"picked":"Go for the Eyes","floor":2},{"not_picked":["Rip and Tear","Cold Snap","Static Discharge"],"picked":"SKIP","floor":4},{"not_picked":["Reinforced Body","Meteor Strike"],"picked":"Steam","floor":6},{"not_picked":["Turbo","Streamline"],"picked":"Steam Power","floor":8},{"not_picked":["Force Field","Beam Cell"],"picked":"Go for the Eyes","floor":10},{"not_picked":["Steam","Stack"],"picked":"Rebound","floor":11},{"not_picked":["Thunder Strike","Compile Driver"],"picked":"Melter","floor":12},{"not_picked":["Cold Snap","Blizzard","Consume"],"picked":"SKIP","floor":14}],"player_experience":166778,"relics_obtained":[{"floor":6,"key":"Blood Vial"},{"floor":9,"key":"Bottled Flame"}],"event_choices":[{"event_name":"World of Goop","player_choice":"Gather Gold","floor":3,"damage_taken":0}],"is_beta":false,"boss_relics":[],"items_purged_floors":[],"is_endless":false,"potions_floor_spawned":[1,2,8,10,11],"killed_by":"Hexaghost","ascension_level":7}