{"gold_per_floor":[111,127,52,72,72,106,106,106,106,106,31,31],"floor_reached":12,"playtime":238,"items_purged":["Strike_B"],"score":144,"play_id":"c8a6e484-720c-4829-932e-9b47e4001b9f","local_time":"20190918220417","is_ascension_mode":true,"campfire_choices":[{"data":"Zap","floor":8,"key":"SMITH"},{"data":"Glacier","floor":10,"key":"SMITH"}],"neow_cost":"NONE","seed_source_timestamp":419782720670100,"circlet_count":0,"master_deck":["AscendersBane","Strike_B","Strike_B","Defend_B","Defend_B","Defend_B","Defend_B","Zap+1","Dualcast","Glacier+1","Steam","Compile Driver"],"relics":["Cracked Core","NeowsBlessing","Bird Faced Urn","Question Card","Dodecahedron"],"potions_floor_usage":[6,12],"damage_taken":[{"damage":0,"enemies":"Cultist","floor":1,"turns":1},{"damage":0,"enemies":"Small Slimes","floor":2,"turns":1},{"damage":0,"enemies":"Jaw Worm","floor":4,"turns":1},{"damage":30,"enemies":"3 Sentries","floor":6,"turns":9},{"damage":89,"enemies":"Gremlin Nob","floor":12,"turns":4}],"seed_played":"2912261404370395798","potions_obtained":[{"floor":1,"key":"Explosive Potion"},{"floor":4,"key":"Regen Potion"}],"is_trial":false,"path_per_floor":["M","M","?","M","?","E","T","R","T","R","$","E"],"character_chosen":"DEFECT","items_purchased":[],"campfire_rested":0,"item_purchase_floors":[],"current_hp_per_floor":[64,64,64,64,69,39,39,39,39,39,39,0],"gold":31,"neow_bonus":"THREE_ENEMY_KILL","is_prod":false,"is_daily":false,"chose_seed":false,"campfire_upgraded":2,"win_rate":0,"timestamp":1568811857,"path_taken":["M","?","?","M","?","E","?","R","T","R","?","E"],"build_version":"2019-07-17","purchased_purges":1,"victory":false,"max_hp_per_floor":[71,71,71,71,76,76,76,76,76,76,76,76],"card_choices":[{"not_picked":["Turbo","Lockon"],"picked":"Glacier","floor":1},{"not_picked":["Force Field","Turbo"],"picked":"Steam","floor":2},{"not_picked":["Leap","Steam Power"],"picked":"Compile Driver","floor":4},{"not_picked":["Coolheaded","Chaos","Barrage"],"picked":"SKIP","floor":6}],"player_experience":416399,"relics_obtained":[{"floor":6,"key":"Bird Faced Urn"},{"floor":7,"key":"Question Card"},{"floor":9,"key":"Dodecahedron"}],"event_choices":[{"cards_removed":["Strike_B"],"damage_healed":0,"gold_gain":0,"player_choice":"Card Removal","damage_taken":0,"max_hp_gain":0,"max_hp_loss":0,"event_name":"The Cleric","floor":3,"gold_loss":75},{"damage_healed":0,"gold_gain":0,"player_choice":"Donut","damage_taken":0,"max_hp_gain":5,"max_hp_loss":0,"event_name":"Big Fish","floor":5,"gold_loss":0}],"is_beta":false,"boss_relics":[],"items_purged_floors":[11],"is_endless":false,"potions_floor_spawned":[1,4],"killed_by":"Gremlin Nob","ascension_level":18}