{"gold_per_floor":[115,125,125,150,150,191,191,191],"floor_reached":8,"playtime":359,"items_purged":[],"score":112,"play_id":"097b7f53-b1f8-4ede-b2c2-891cc8760528","local_time":"20190418102407","is_ascension_mode":true,"campfire_choices":[{"floor":7,"key":"REST"}],"neow_cost":"TEN_PERCENT_HP_LOSS","seed_source_timestamp":876969005010100,"circlet_count":0,"master_deck":["AscendersBane","Defend_G","Defend_G","Defend_G","Defend_G","Defend_G","Strike_G","Strike_G","Strike_G","Strike_G","Strike_G","Survivor","Neutralize","Glass Knife","Flying Knee","PiercingWail","Noxious Fumes","Poisoned Stab"],"relics":["Ring of the Snake","Golden Idol","Blue Candle"],"potions_floor_usage":[8],"damage_taken":[{"damage":3,"enemies":"Small Slimes","floor":1,"turns":4},{"damage":14,"enemies":"Jaw Worm","floor":2,"turns":5},{"damage":0,"enemies":"Cultist","floor":4,"turns":3},{"damage":42,"enemies":"Lagavulin","floor":6,"turns":8},{"damage":30,"enemies":"Gremlin Nob","floor":8,"turns":4}],"seed_played":"-729493874408014557","potions_obtained":[{"floor":2,"key":"GhostInAJar"}],"is_trial":false,"path_per_floor":["M","M","?","M","?","E","R","E"],"character_chosen":"THE_SILENT","items_purchased":[],"campfire_rested":1,"item_purchase_floors":[],"current_hp_per_floor":[56,42,42,42,47,5,22,0],"gold":191,"neow_bonus":"THREE_RARE_CARDS","is_prod":false,"is_daily":false,"chose_seed":false,"campfire_upgraded":0,"win_rate":0,"timestamp":1555572247,"path_taken":["M","M","?","M","?","E","R","E"],"build_version":"2019-01-23","purchased_purges":0,"victory":false,"max_hp_per_floor":[60,60,54,54,59,59,59,59],"card_choices":[{"not_picked":["Grand Finale","Tools of the Trade"],"picked":"Glass Knife","floor":0},{"not_picked":["Prepared","Quick Slash"],"picked":"Flying Knee","floor":1},{"not_picked":["Bane","Sucker Punch"],"picked":"PiercingWail","floor":2},{"not_picked":["Finisher","Venomology"],"picked":"Noxious Fumes","floor":4},{"not_picked":["Bane","Cloak And Dagger"],"picked":"Poisoned Stab","floor":6}],"player_experience":1188032,"relics_obtained":[{"floor":6,"key":"Blue Candle"}],"event_choices":[{"damage_healed":0,"gold_gain":0,"player_choice":"Lose Max HP","damage_taken":0,"relics_obtained":["Golden Idol"],"max_hp_gain":0,"max_hp_loss":6,"event_name":"Golden Idol","floor":3,"gold_loss":0},{"damage_healed":0,"gold_gain":0,"player_choice":"Donut","damage_taken":0,"max_hp_gain":5,"max_hp_loss":0,"event_name":"Big Fish","floor":5,"gold_loss":0}],"is_beta":false,"boss_relics":[],"items_purged_floors":[],"is_endless":false,"potions_floor_spawned":[2],"killed_by":"Gremlin Nob","ascension_level":20}