{"gold_per_floor":[99,118,118,43,55,55,65,76,103,116],"floor_reached":10,"playtime":1341,"items_purged":["Strike_R"],"score":62,"play_id":"41ac3bb5-8219-4b4d-a626-2e8af18a708d","local_time":"20190914234439","is_ascension_mode":false,"campfire_choices":[{"data":"Clothesline","floor":6.0,"key":"SMITH"}],"neow_cost":"NONE","seed_source_timestamp":0,"circlet_count":0,"master_deck":["Strike_R","Strike_R","Strike_R","Strike_R","Defend_R","Defend_R","Defend_R","Defend_R","Bash","Wild Strike","Clothesline+1","Armaments","Seeing Red","Hemokinesis"],"special_seed":0,"relics":["Burning Blood","Art of War"],"potions_floor_usage":[],"damage_taken":[{"damage":12.0,"enemies":"Cultist","floor":1.0,"turns":5.0},{"damage":7.0,"enemies":"Small Slimes","floor":2.0,"turns":4.0},{"damage":5.0,"enemies":"2 Louse","floor":5.0,"turns":2.0},{"damage":8.0,"enemies":"Large Slime","floor":7.0,"turns":5.0},{"damage":11.0,"enemies":"3 Louse","floor":8.0,"turns":3.0},{"damage":18.0,"enemies":"Gremlin Gang","floor":10.0,"turns":5.0}],"seed_played":"-8685714948499879115","potions_obtained":[{"floor":5.0,"key":"Explosive Potion"},{"floor":10,"key":"Strength Potion"}],"is_trial":false,"path_per_floor":["M","M","?","$","M","R","M","M","T"],"character_chosen":"IRONCLAD","items_purchased":[],"campfire_rested":0,"item_purchase_floors":[],"current_hp_per_floor":[74,73,78,78,79,79,77,72,72,60],"gold":116,"neow_bonus":"THREE_CARDS","is_prod":false,"is_daily":false,"chose_seed":false,"campfire_upgraded":1,"win_rate":0,"timestamp":1568472279,"path_taken":["M","M","?","$","M","R","?","M","T","M"],"build_version":"2019-07-17","purchased_purges":1,"victory":false,"max_hp_per_floor":[80,80,85,85,85,85,85,85,85,85],"card_choices":[{"not_picked":["True Grit","Clash"],"picked":"Wild Strike","floor":0.0},{"not_picked":["Heavy Blade","Wild Strike","Thunderclap"],"picked":"SKIP","floor":1.0},{"not_picked":["Clash","Infernal Blade"],"picked":"Clothesline","floor":2.0},{"not_picked":["Warcry","Power Through"],"picked":"Armaments","floor":5.0},{"not_picked":["Warcry","Intimidate"],"picked":"Seeing Red","floor":7.0},{"not_picked":["Entrench","Pommel Strike"],"picked":"Hemokinesis","floor":8.0},{"not_picked":["Wild Strike","Thunderclap","Corruption"],"picked":"SKIP","floor":10}],"player_experience":316073,"relics_obtained":[{"floor":9.0,"key":"Art of War"}],"event_choices":[{"event_name":"Big Fish","player_choice":"Donut","floor":3.0,"damage_taken":0.0}],"is_beta":false,"boss_relics":[],"items_purged_floors":[4],"is_endless":false,"potions_floor_spawned":[5,10],"killed_by":"Gremlin Gang","ascension_level":0}