{"gold_per_floor":[109,109,109,134,134,165,165,203,249,299,299],"floor_reached":11,"playtime":408,"items_purged":[],"score":198,"play_id":"f38be9cc-af23-4d40-9e28-667304a1517c","local_time":"20190829223015","is_ascension_mode":true,"campfire_choices":[{"data":"Deadly Poison","floor":7,"key":"SMITH"}],"neow_cost":"NONE","seed_source_timestamp":35858646815745,"circlet_count":0,"master_deck":["AscendersBane","Strike_G","Strike_G","Strike_G","Strike_G","Strike_G","Defend_G","Defend_G","Defend_G","Defend_G","Defend_G","Survivor","Neutralize","Deadly Poison+1","Backstab","Catalyst","Cloak And Dagger"],"relics":["Ring of the Snake","NeowsBlessing","Golden Idol","Vajra","Potion Belt","Bag of Marbles"],"potions_floor_usage":[8,11],"damage_taken":[{"damage":0,"enemies":"2 Louse","floor":1,"turns":1},{"damage":0,"enemies":"Small Slimes","floor":4,"turns":2},{"damage":0,"enemies":"Gremlin Nob","floor":6,"turns":1},{"damage":18,"enemies":"Lagavulin","floor":8,"turns":6},{"damage":18,"enemies":"3 Sentries","floor":11,"turns":6}],"seed_played":"9090780771138891295","potions_obtained":[{"floor":3,"key":"FearPotion"},{"floor":3,"key":"EssenceOfSteel"},{"floor":8,"key":"SpeedPotion"}],"is_trial":false,"path_per_floor":["M","?","?","M","$","E","R","E","T","?","E"],"character_chosen":"THE_SILENT","items_purchased":[],"campfire_rested":0,"item_purchase_floors":[],"current_hp_per_floor":[59,36,36,36,36,36,36,18,18,18,0],"gold":299,"neow_bonus":"THREE_ENEMY_KILL","is_prod":false,"is_daily":false,"chose_seed":false,"campfire_upgraded":1,"win_rate":0,"timestamp":1567110615,"path_taken":["M","?","?","?","$","E","R","E","T","?","E"],"build_version":"2019-07-17","purchased_purges":0,"victory":false,"max_hp_per_floor":[66,66,66,66,66,66,66,66,66,66,66],"card_choices":[{"not_picked":["Prepared","Sucker Punch"],"picked":"Deadly Poison","floor":1},{"not_picked":["Prepared","Choke"],"picked":"Backstab","floor":4},{"not_picked":["Terror","Venomology"],"picked":"Catalyst","floor":6},{"not_picked":["Sucker Punch","Deflect"],"picked":"Cloak And Dagger","floor":8}],"player_experience":1031619,"relics_obtained":[{"floor":6,"key":"Vajra"},{"floor":8,"key":"Potion Belt"},{"floor":9,"key":"Bag of Marbles"}],"event_choices":[{"damage_healed":0,"gold_gain":0,"player_choice":"Take Damage","damage_taken":23,"relics_obtained":["Golden Idol"],"max_hp_gain":0,"max_hp_loss":0,"event_name":"Golden Idol","floor":2,"gold_loss":0},{"damage_healed":0,"gold_gain":0,"player_choice":"Got Potions","damage_taken":0,"max_hp_gain":0,"max_hp_loss":0,"event_name":"Lab","floor":3,"gold_loss":0},{"damage_healed":0,"gold_gain":50,"player_choice":"Pray","damage_taken":0,"max_hp_gain":0,"max_hp_loss":0,"event_name":"Golden Shrine","floor":10,"gold_loss":0}],"is_beta":false,"boss_relics":[],"items_purged_floors":[],"is_endless":false,"potions_floor_spawned":[6,8],"killed_by":"3 Sentries","ascension_level":18}