{"gold_per_floor":[361,100,100,114,138,138,138,138,138,138,27,70,95,116,116,205,205,220,31,31,54,79,79,79,79,79,79,102,141,157,177,177,275,275,291,316,316,138,138,138,173,173,173,194,213,546,558,628,628,628],"floor_reached":51,"playtime":2992,"items_purged":["Strike_B","Strike_B","Ball Lightning"],"score":1337,"play_id":"c68b40fb-e131-4fc1-9052-8e9b83d413f3","local_time":"20190414115829","is_ascension_mode":true,"campfire_choices":[{"data":"Chill","floor":6,"key":"SMITH"},{"floor":8,"key":"REST"},{"data":"Dualcast","floor":10,"key":"SMITH"},{"floor":15,"key":"REST"},{"data":"Defragment","floor":23,"key":"SMITH"},{"data":"Blizzard","floor":25,"key":"SMITH"},{"data":"Hologram","floor":27,"key":"SMITH"},{"floor":32,"key":"REST"},{"data":"Streamline","floor":40,"key":"PURGE"},{"data":"Go for the Eyes","floor":42,"key":"PURGE"},{"floor":49,"key":"REST"}],"neow_cost":"PERCENT_DAMAGE","seed_source_timestamp":534358713627700,"circlet_count":0,"master_deck":["AscendersBane","Defend_B","Defend_B","Defend_B","Defend_B","Dualcast+1","Blizzard+1","Coolheaded+1","Self Repair","Steam","Chill+1","Echo Form+1","Cold Snap","Hologram+1","Defragment+1","Cold Snap","Conserve Battery","Tempest","Cold Snap","Cold Snap","Echo Form","Coolheaded"],"relics":["Cracked Core","Kunai","Letter Opener","Philosopher\u0027s Stone","Gremlin Horn","Peace Pipe","Busted Crown","Nunchaku","Symbiotic Virus","Question Card"],"potions_floor_usage":[12,29,29,41,50],"damage_taken":[{"damage":5,"enemies":"Small Slimes","floor":1,"turns":4},{"damage":5,"enemies":"Jaw Worm","floor":4,"turns":4},{"damage":4,"enemies":"Cultist","floor":5,"turns":4},{"damage":26,"enemies":"Gremlin Nob","floor":12,"turns":4},{"damage":2,"enemies":"Lots of Slimes","floor":13,"turns":2},{"damage":8,"enemies":"Exordium Wildlife","floor":14,"turns":4},{"damage":22,"enemies":"The Guardian","floor":16,"turns":12},{"damage":18,"enemies":"Shell Parasite","floor":18,"turns":7},{"damage":2,"enemies":"Chosen","floor":21,"turns":9},{"damage":7,"enemies":"Centurion and Healer","floor":22,"turns":8},{"damage":24,"enemies":"Shelled Parasite and Fungi","floor":28,"turns":7},{"damage":25,"enemies":"Gremlin Leader","floor":29,"turns":5},{"damage":18,"enemies":"Sentry and Sphere","floor":30,"turns":6},{"damage":11,"enemies":"Snake Plant","floor":31,"turns":5},{"damage":21,"enemies":"Collector","floor":33,"turns":14},{"damage":0,"enemies":"3 Shapes","floor":35,"turns":7},{"damage":32,"enemies":"3 Darklings","floor":36,"turns":5},{"damage":18,"enemies":"Nemesis","floor":41,"turns":9},{"damage":0,"enemies":"Maw","floor":44,"turns":8},{"damage":32,"enemies":"Sphere and 2 Shapes","floor":45,"turns":6},{"damage":29,"enemies":"3 Darklings","floor":47,"turns":7},{"damage":25,"enemies":"Donu and Deca","floor":50,"turns":10}],"seed_played":"7028143654501456328","potions_obtained":[{"floor":4,"key":"PowerPotion"},{"floor":5,"key":"Dexterity Potion"},{"floor":16,"key":"SkillPotion"},{"floor":21,"key":"Fire Potion"},{"floor":29,"key":"Energy Potion"},{"floor":30,"key":"SpeedPotion"},{"floor":35,"key":"Dexterity Potion"},{"floor":41,"key":"FearPotion"},{"floor":44,"key":"Weak Potion"}],"is_trial":false,"path_per_floor":["M","$","?","M","M","R","?","R","T","R","$","E","M","M","R","B",null,"M","$","?","M","M","R","?","R","T","R","M","E","M","M","R","B",null,"M","M","?","$","?","R","E","R","T","M","M","?","M","T","R","B",null],"character_chosen":"DEFECT","items_purchased":["Blizzard","Coolheaded","Self Repair","Streamline","Go for the Eyes","Defragment","Coolheaded"],"campfire_rested":4,"item_purchase_floors":[2,2,2,11,11,19,38],"current_hp_per_floor":[41,41,41,43,46,46,27,46,46,46,46,27,25,24,43,28,55,51,51,51,63,64,64,64,64,64,64,54,29,25,14,33,19,53,64,46,46,46,46,46,42,42,42,56,38,38,23,23,42,24],"gold":628,"neow_bonus":"TWO_FIFTY_GOLD","is_prod":false,"is_daily":false,"chose_seed":false,"campfire_upgraded":5,"win_rate":0,"timestamp":1555232309,"path_taken":["M","$","?","M","M","R","?","R","T","R","?","E","?","M","R","BOSS","M","?","?","?","M","R","?","R","T","R","M","E","M","M","R","BOSS","M","M","?","$","?","R","E","R","T","?","M","?","M","?","R","BOSS"],"build_version":"2019-01-23","purchased_purges":3,"victory":true,"max_hp_per_floor":[71,71,64,64,64,64,64,64,64,64,64,64,64,64,64,64,64,64,64,64,64,64,64,64,64,64,64,64,64,64,64,64,64,64,64,64,64,64,64,64,64,64,64,64,64,64,64,64,64,64],"card_choices":[{"not_picked":["Rebound","Steam"],"picked":"Ball Lightning","floor":1},{"not_picked":["Darkness","Go for the Eyes"],"picked":"Steam","floor":4},{"not_picked":["Sweeping Beam","Chaos"],"picked":"Chill","floor":5},{"not_picked":["Steam","Coolheaded"],"picked":"Echo Form","floor":12},{"not_picked":["BootSequence","Melter"],"picked":"Cold Snap","floor":13},{"not_picked":["Chaos","Turbo","Stack"],"picked":"SKIP","floor":14},{"not_picked":["Reinforced Body","Fusion"],"picked":"Hologram","floor":18},{"not_picked":["Melter","Stack"],"picked":"Cold Snap","floor":21},{"not_picked":["Hello World+1","Storm","Gash"],"picked":"SKIP","floor":22},{"not_picked":["Sweeping Beam","Leap+1","Redo"],"picked":"SKIP","floor":28},{"not_picked":["Go for the Eyes","Fusion"],"picked":"Cold Snap","floor":29},{"not_picked":["Leap","Go for the Eyes+1"],"picked":"Cold Snap","floor":30},{"not_picked":["Barrage+1","Gash","Compile Driver"],"picked":"SKIP","floor":31},{"not_picked":["Core Surge","Machine Learning"],"picked":"Echo Form","floor":33},{"not_picked":["Streamline"],"picked":"SKIP","floor":35},{"not_picked":["Compile Driver+1"],"picked":"SKIP","floor":36},{"not_picked":["Gash"],"picked":"SKIP","floor":41},{"not_picked":["Barrage+1"],"picked":"SKIP","floor":44},{"not_picked":["Streamline"],"picked":"SKIP","floor":45},{"not_picked":["Force Field+1"],"picked":"SKIP","floor":47}],"player_experience":1164735,"relics_obtained":[{"floor":9,"key":"Kunai"},{"floor":12,"key":"Letter Opener"},{"floor":26,"key":"Gremlin Horn"},{"floor":29,"key":"Peace Pipe"},{"floor":41,"key":"Nunchaku"},{"floor":43,"key":"Symbiotic Virus"},{"floor":48,"key":"Question Card"}],"event_choices":[{"damage_healed":0,"gold_gain":0,"player_choice":"Lose Max HP","damage_taken":0,"relics_obtained":["Golden Idol"],"max_hp_gain":0,"max_hp_loss":7,"event_name":"Golden Idol","floor":3,"gold_loss":0},{"damage_healed":0,"gold_gain":0,"player_choice":"Entered Light","damage_taken":19,"max_hp_gain":0,"max_hp_loss":0,"event_name":"Shining Light","floor":7,"gold_loss":0,"cards_upgraded":["Zap","Coolheaded"]},{"damage_healed":0,"gold_gain":0,"cards_transformed":["Strike_B"],"player_choice":"Transformed","damage_taken":0,"max_hp_gain":0,"max_hp_loss":0,"event_name":"Transmorgrifier","floor":20,"gold_loss":0,"cards_obtained":["Auto Shields"]},{"damage_healed":0,"gold_gain":0,"cards_transformed":["Strike_B","Zap"],"player_choice":"Became Test Subject","damage_taken":0,"max_hp_gain":0,"max_hp_loss":0,"event_name":"Drug Dealer","floor":24,"gold_loss":0,"cards_obtained":["Conserve Battery","Tempest"]},{"cards_removed":["Auto Shields"],"damage_healed":0,"gold_gain":0,"player_choice":"Removed Skill","damage_taken":0,"max_hp_gain":0,"max_hp_loss":0,"event_name":"Falling","floor":37,"gold_loss":0},{"damage_healed":0,"gold_gain":0,"player_choice":"Upgraded","damage_taken":0,"max_hp_gain":0,"max_hp_loss":0,"event_name":"Upgrade Shrine","floor":39,"gold_loss":0,"cards_upgraded":["Echo Form"]},{"damage_healed":0,"gold_gain":333,"player_choice":"Gave Idol","damage_taken":0,"max_hp_gain":0,"max_hp_loss":0,"event_name":"The Moai Head","floor":46,"relics_lost":["Golden Idol"],"gold_loss":0}],"is_beta":false,"boss_relics":[{"not_picked":["Cursed Key","Coffee Dripper"],"picked":"Philosopher\u0027s Stone"},{"not_picked":["White Beast Statue","Orrery"],"picked":"Busted Crown"}],"items_purged_floors":[2,19,38],"is_endless":false,"potions_floor_spawned":[4,5,16,21,29,30,31,35,41,44],"ascension_level":19}