{"gold_per_floor":[116,133,133,149,46,46,74,74,99,126,126,285,314,314,314,388,388,403,75,75,93,93,127,127,73,73,93,123,123,283,283,283,355,355,366,466,476,496,496],"floor_reached":39,"playtime":2286,"items_purged":["Strike_R","Strike_R","Heavy Blade"],"score":974,"play_id":"82d02d62-5faf-4d30-84f6-09e1a5d2fe7c","local_time":"20190427174103","is_ascension_mode":true,"campfire_choices":[{"data":"Shockwave","floor":6,"key":"SMITH"},{"data":"Anger","floor":8,"key":"SMITH"},{"data":"Rage","floor":11,"key":"SMITH"},{"data":"hubris:StunningStrike","floor":15,"key":"SMITH"},{"data":"Ghostly Armor","floor":24,"key":"SMITH"},{"data":"Corruption","floor":29,"key":"SMITH"},{"data":"Impervious","floor":32,"key":"SMITH"}],"neow_cost":"NONE","seed_source_timestamp":381926719750400,"circlet_count":0,"master_deck":["AscendersBane","Strike_R","Strike_R","Defend_R","Defend_R","Defend_R","Defend_R","Bash","Shockwave+1","Ghostly Armor+1","Anger+1","Twin Strike","Rage+1","Cleave","Impervious+1","hubris:StunningStrike+1","Feed","Corruption+1","Impervious","Clash","Immolate","Ghostly Armor"],"relics":["Burning Blood","Bag of Preparation","infinitespire:Beetle Shell","infinitespire:Satchel","hubris:MobiusCoin","Pantograph","Coffee Dripper","ClockworkSouvenir","Enchiridion","Torii","hubris:PeanutButter","Bag of Marbles","hubris:ScarierMask","Girya"],"potions_floor_usage":[7,28,28,28,33,39,39],"damage_taken":[{"damage":1,"enemies":"Cultist","floor":1,"turns":3},{"damage":4,"enemies":"Small Slimes","floor":2,"turns":4},{"damage":1,"enemies":"2 Louse","floor":4,"turns":4},{"damage":6,"enemies":"Gremlin Nob","floor":7,"turns":3},{"damage":16,"enemies":"Lagavulin","floor":10,"turns":8},{"damage":1,"enemies":"Red Slaver","floor":12,"turns":4},{"damage":7,"enemies":"Gremlin Nob","floor":13,"turns":3},{"damage":45,"enemies":"Slime Boss","floor":16,"turns":11},{"damage":2,"enemies":"Chosen","floor":18,"turns":6},{"damage":1,"enemies":"2 Thieves","floor":21,"turns":4},{"damage":53,"enemies":"Book of Stabbing","floor":23,"turns":9},{"damage":0,"enemies":"3 Cultists","floor":27,"turns":4},{"damage":0,"enemies":"Slavers","floor":28,"turns":5},{"damage":0,"enemies":"Chosen and Byrds","floor":30,"turns":4},{"damage":2,"enemies":"Collector","floor":33,"turns":9},{"damage":0,"enemies":"3 Shapes","floor":35,"turns":3},{"damage":1,"enemies":"Mind Bloom Boss Battle","floor":36,"turns":9},{"damage":0,"enemies":"Orb Walker","floor":37,"turns":3},{"damage":0,"enemies":"4 Shapes","floor":38,"turns":5},{"damage":42,"enemies":"infinitespire:Three Voidlings","floor":39,"turns":7},{"damage":120,"enemies":"Nightmare_Alpha","floor":39,"turns":9}],"seed_played":"-2295601123838344297","potions_obtained":[{"floor":2,"key":"SteroidPotion"},{"floor":4,"key":"FearPotion"},{"floor":7,"key":"Energy Potion"},{"floor":18,"key":"EntropicBrew"},{"floor":28,"key":"Strength Potion"},{"floor":30,"key":"Regen Potion"},{"floor":33,"key":"Block Potion"}],"is_trial":false,"path_per_floor":["M","M","?","M","$","R","E","R","T","E","R","M","E","?","R","B",null,"M","$","$","M","?","E","R","$","T","M","E","R","M","?","R","B",null,"M","?","M","M","?"],"character_chosen":"IRONCLAD","items_purchased":["Twin Strike","ClockworkSouvenir","Corruption"],"campfire_rested":0,"item_purchase_floors":[5,19,25],"current_hp_per_floor":[73,75,75,75,75,75,75,75,75,65,65,70,69,69,69,36,65,72,72,72,80,59,12,12,12,12,21,30,30,39,39,39,68,85,93,96,99,102,0],"gold":496,"neow_bonus":"RANDOM_COMMON_RELIC","is_prod":false,"is_daily":false,"chose_seed":false,"campfire_upgraded":7,"win_rate":0,"timestamp":1556376063,"path_taken":["M","M","?","M","$","R","E","R","T","E","R","M","E","?","R","BOSS","M","?","$","?","?","E","R","$","T","M","E","R","M","?","R","BOSS","M","?","M","M","?"],"build_version":"2019-01-23","purchased_purges":3,"victory":false,"max_hp_per_floor":[75,75,75,75,75,75,75,75,75,75,75,75,75,75,75,75,75,78,78,78,81,81,81,81,81,81,84,87,87,90,90,90,90,90,93,96,99,102,105],"card_choices":[{"not_picked":["Warcry","Armaments"],"picked":"Shockwave","floor":1},{"not_picked":["Fire Breathing","Thunderclap"],"picked":"Ghostly Armor","floor":2},{"not_picked":["Iron Wave","Evolve"],"picked":"Anger","floor":4},{"not_picked":["Dropkick","Fire Breathing","Heavy Blade"],"picked":"SKIP","floor":7},{"not_picked":["Pummel","Clothesline"],"picked":"Rage","floor":10},{"not_picked":["Dark Embrace","Entrench"],"picked":"Cleave","floor":12},{"not_picked":["Seeing Red","Bludgeon"],"picked":"Impervious","floor":13},{"not_picked":["Brutality","Fiend Fire"],"picked":"Feed","floor":16},{"not_picked":["Seeing Red","Flex","Twin Strike"],"picked":"SKIP","floor":18},{"not_picked":["Sword Boomerang","Thunderclap+1"],"picked":"Heavy Blade","floor":21},{"not_picked":["Wild Strike","Sword Boomerang","Second Wind"],"picked":"SKIP","floor":23},{"not_picked":["Twin Strike","Anger","Metallicize"],"picked":"SKIP","floor":27},{"not_picked":["Second Wind","Inflame"],"picked":"Impervious","floor":28},{"not_picked":["Iron Wave","Twin Strike"],"picked":"Clash","floor":30},{"not_picked":["Dark Embrace","Double Tap"],"picked":"Immolate","floor":33},{"not_picked":["hubris:ReadiedAction","Havoc"],"picked":"Ghostly Armor","floor":35},{"not_picked":["Twin Strike","Pommel Strike+1","Flex"],"picked":"SKIP","floor":37},{"not_picked":["Wild Strike","Heavy Blade","Armaments"],"picked":"SKIP","floor":38}],"player_experience":1241318,"relics_obtained":[{"floor":7,"key":"infinitespire:Beetle Shell"},{"floor":9,"key":"infinitespire:Satchel"},{"floor":10,"key":"hubris:MobiusCoin"},{"floor":13,"key":"Pantograph"},{"floor":22,"key":"Enchiridion"},{"floor":23,"key":"Torii"},{"floor":26,"key":"hubris:PeanutButter"},{"floor":28,"key":"Bag of Marbles"},{"floor":36,"key":"Girya"}],"event_choices":[{"cards_removed":["Strike_R"],"damage_healed":0,"gold_gain":0,"player_choice":"Forget","damage_taken":0,"max_hp_gain":0,"max_hp_loss":0,"event_name":"Living Wall","floor":3,"gold_loss":0},{"damage_healed":0,"gold_gain":0,"player_choice":"1 cards matched","damage_taken":0,"max_hp_gain":0,"max_hp_loss":0,"event_name":"Match and Keep!","floor":14,"gold_loss":0,"cards_obtained":["hubris:StunningStrike"]},{"damage_healed":0,"gold_gain":0,"player_choice":"Obtained Book","damage_taken":21,"max_hp_gain":0,"max_hp_loss":0,"event_name":"Cursed Tome","floor":22,"gold_loss":0},{"damage_healed":0,"gold_gain":0,"player_choice":"Ignored","damage_taken":0,"max_hp_gain":0,"max_hp_loss":0,"event_name":"Ghosts","floor":31,"gold_loss":0},{"damage_healed":0,"gold_gain":0,"player_choice":"Fight","damage_taken":0,"max_hp_gain":0,"max_hp_loss":0,"event_name":"MindBloom","floor":36,"gold_loss":0}],"is_beta":false,"boss_relics":[{"not_picked":["Pandora\u0027s Box","White Beast Statue"],"picked":"Coffee Dripper"},{"not_picked":["Philosopher\u0027s Stone","Fusion Hammer"],"picked":"hubris:ScarierMask"}],"items_purged_floors":[5,19,25],"is_endless":false,"potions_floor_spawned":[2,4,7,16,18,27,28,30,33,35,37,39],"killed_by":"Nightmare_Alpha","ascension_level":20}