{"gold_per_floor":[116,116,130,130,8,39,39,69,95,106,137,158,158,175,175,175],"floor_reached":16,"playtime":489,"items_purged":[],"score":266,"play_id":"9c5b5d6f-2d19-47b4-8b1a-dda049258112","local_time":"20190516113952","is_ascension_mode":true,"campfire_choices":[{"data":"Havoc","floor":7,"key":"SMITH"},{"data":"Dark Embrace","floor":13,"key":"SMITH"},{"floor":15,"key":"REST"}],"neow_cost":"NONE","seed_source_timestamp":337784661426100,"circlet_count":0,"master_deck":["AscendersBane","Strike_R","Strike_R","Strike_R","Strike_R","Strike_R","Defend_R","Defend_R","Defend_R","Defend_R","Bash","Uppercut+1","Carnage","Shockwave","Inflame","Havoc+1","Dark Embrace+1","Feel No Pain"],"relics":["Burning Blood","NeowsBlessing","Nunchaku","PreservedInsect","Tiny Chest","Dream Catcher","Smiling Mask","Odd Mushroom"],"potions_floor_usage":[14,16],"damage_taken":[{"damage":0,"enemies":"Cultist","floor":1,"turns":1},{"damage":0,"enemies":"Jaw Worm","floor":3,"turns":1},{"damage":0,"enemies":"Gremlin Nob","floor":6,"turns":1},{"damage":0,"enemies":"Small Slimes","floor":10,"turns":2},{"damage":25,"enemies":"3 Sentries","floor":11,"turns":6},{"damage":27,"enemies":"The Mushroom Lair","floor":12,"turns":5},{"damage":3,"enemies":"Blue Slaver","floor":14,"turns":4},{"damage":45,"enemies":"Slime Boss","floor":16,"turns":8}],"seed_played":"5575743468192915556","potions_obtained":[{"floor":6,"key":"Swift Potion"},{"floor":12,"key":"Block Potion"}],"is_trial":false,"path_per_floor":["M","?","M","?","$","E","R","?","T","M","E","?","R","M","R","B"],"character_chosen":"IRONCLAD","items_purchased":["Shockwave","Inflame"],"campfire_rested":1,"item_purchase_floors":[5,5],"current_hp_per_floor":[74,39,45,45,45,51,51,51,51,57,38,17,17,20,42,0],"gold":175,"neow_bonus":"THREE_ENEMY_KILL","is_prod":false,"is_daily":false,"chose_seed":false,"campfire_upgraded":2,"win_rate":0,"timestamp":1557995992,"path_taken":["M","?","M","?","$","E","R","?","T","M","E","?","R","M","R","BOSS"],"build_version":"2019-01-23","purchased_purges":0,"victory":false,"max_hp_per_floor":[75,75,75,75,75,75,75,75,75,75,75,75,75,75,75,75],"card_choices":[{"not_picked":["Twin Strike","Hemokinesis"],"picked":"Uppercut","floor":1},{"not_picked":["Infernal Blade","Iron Wave"],"picked":"Carnage","floor":3},{"not_picked":["Clothesline","Sword Boomerang"],"picked":"Havoc","floor":6},{"not_picked":["Heavy Blade","Infernal Blade","Sword Boomerang"],"picked":"SKIP","floor":10},{"not_picked":["Blood for Blood","Searing Blow"],"picked":"Dark Embrace","floor":11},{"not_picked":["Clothesline","Rampage","Pummel"],"picked":"SKIP","floor":14},{"not_picked":["Anger","Battle Trance"],"picked":"Feel No Pain","floor":15}],"player_experience":1316210,"relics_obtained":[{"floor":6,"key":"PreservedInsect"},{"floor":9,"key":"Dream Catcher"},{"floor":11,"key":"Smiling Mask"},{"floor":12,"key":"Odd Mushroom"}],"event_choices":[{"damage_healed":0,"gold_gain":0,"player_choice":"Success","damage_taken":35,"relics_obtained":["Nunchaku"],"max_hp_gain":0,"max_hp_loss":0,"event_name":"Scrap Ooze","floor":2,"gold_loss":0},{"damage_healed":0,"gold_gain":0,"player_choice":"Grow","damage_taken":0,"max_hp_gain":0,"max_hp_loss":0,"event_name":"Living Wall","floor":4,"gold_loss":0,"cards_upgraded":["Uppercut"]},{"damage_healed":0,"gold_gain":0,"player_choice":"Searched \u00272\u0027 times","damage_taken":0,"relics_obtained":["Tiny Chest"],"max_hp_gain":0,"max_hp_loss":0,"event_name":"Dead Adventurer","floor":8,"gold_loss":0},{"damage_healed":0,"gold_gain":0,"player_choice":"Fought Mushrooms","damage_taken":0,"max_hp_gain":0,"max_hp_loss":0,"event_name":"Mushrooms","floor":12,"gold_loss":0}],"is_beta":false,"boss_relics":[],"items_purged_floors":[],"is_endless":false,"potions_floor_spawned":[6,12],"killed_by":"Slime Boss","ascension_level":20}