{"gold_per_floor":[115,125,136,136,203,203,203,229,229,246,280,280,293,34,34,108,108,123,136,4,4,18,18,68,100,125,125,142,142,142,168,168,168],"floor_reached":33,"playtime":1175,"items_purged":["Strike_R"],"score":527,"play_id":"d8361fc7-a683-4510-baea-d62e53bd4f05","local_time":"20191002231100","is_ascension_mode":true,"campfire_choices":[{"data":"Bash","floor":6,"key":"SMITH"},{"floor":12,"key":"REST"},{"data":"Disarm","floor":15,"key":"SMITH"},{"data":"Immolate","floor":23,"key":"SMITH"},{"data":"Inflame","floor":27,"key":"SMITH"},{"data":"Shockwave","floor":30,"key":"SMITH"},{"floor":32,"key":"REST"}],"neow_cost":"NONE","seed_source_timestamp":42748680006298,"circlet_count":0,"master_deck":["AscendersBane","Strike_R+1","Strike_R","Strike_R+1","Strike_R","Defend_R","Defend_R","Defend_R","Defend_R","Bash+1","Twin Strike","Clothesline","Dropkick","Spot Weakness","Shockwave+1","Shrug It Off","Inflame+1","Disarm+1","Immolate+1","Immolate+1","Parasite","Shrug It Off","Offering"],"relics":["Burning Blood","Question Card","Mercury Hourglass","Regal Pillow","PreservedInsect","Cursed Key","Ancient Tea Set","Red Skull","Dead Branch"],"potions_floor_usage":[11,18,25],"damage_taken":[{"damage":0,"enemies":"Small Slimes","floor":1,"turns":3},{"damage":9,"enemies":"Jaw Worm","floor":2,"turns":4},{"damage":7,"enemies":"2 Louse","floor":3,"turns":3},{"damage":18,"enemies":"Gremlin Nob","floor":8,"turns":4},{"damage":0,"enemies":"Large Slime","floor":10,"turns":4},{"damage":20,"enemies":"Lagavulin","floor":11,"turns":5},{"damage":3,"enemies":"Looter","floor":13,"turns":3},{"damage":19,"enemies":"The Guardian","floor":16,"turns":8},{"damage":8,"enemies":"Spheric Guardian","floor":18,"turns":4},{"damage":0,"enemies":"3 Byrds","floor":19,"turns":4},{"damage":29,"enemies":"3 Cultists","floor":22,"turns":5},{"damage":15,"enemies":"Slavers","floor":25,"turns":2},{"damage":6,"enemies":"Snecko","floor":28,"turns":3},{"damage":4,"enemies":"Gremlin Leader","floor":31,"turns":4},{"damage":101,"enemies":"Automaton","floor":33,"turns":6}],"seed_played":"8263381915445674099","potions_obtained":[{"floor":0,"key":"Explosive Potion"},{"floor":0,"key":"Swift Potion"},{"floor":8,"key":"Weak Potion"},{"floor":11,"key":"Block Potion"},{"floor":28,"key":"Regen Potion"}],"is_trial":false,"path_per_floor":["M","M","M","?","?","R","?","E","T","M","E","R","M","$","R","B",null,"M","M","$","?","M","R","?","E","T","R","M","?","R","E","R","B"],"character_chosen":"IRONCLAD","items_purchased":["Disarm","PreservedInsect","Strength Potion"],"campfire_rested":2,"item_purchase_floors":[14,14,20],"current_hp_per_floor":[74,71,70,47,47,47,47,35,35,41,27,64,67,67,67,54,70,68,74,74,74,51,51,51,42,42,42,42,42,42,44,75,0],"gold":168,"neow_bonus":"THREE_SMALL_POTIONS","is_prod":false,"is_daily":false,"chose_seed":false,"campfire_upgraded":5,"win_rate":0,"timestamp":1570050660,"path_taken":["M","M","M","?","?","R","?","E","T","M","E","R","M","$","R","BOSS","M","M","$","?","M","R","?","E","T","R","M","?","R","E","R","BOSS"],"build_version":"2019-07-17","purchased_purges":1,"victory":false,"max_hp_per_floor":[75,75,75,75,75,75,75,75,75,75,75,75,75,75,75,75,75,75,75,75,75,75,75,75,75,75,75,75,75,75,75,75,75],"card_choices":[{"not_picked":["Body Slam","Searing Blow"],"picked":"Twin Strike","floor":1},{"not_picked":["Clash","Sword Boomerang"],"picked":"Clothesline","floor":2},{"not_picked":["Cleave","Power Through"],"picked":"Dropkick","floor":3},{"not_picked":["Sword Boomerang","True Grit"],"picked":"Spot Weakness","floor":8},{"not_picked":["Iron Wave","Juggernaut","Intimidate"],"picked":"Shockwave","floor":10},{"not_picked":["Sever Soul","Ghostly Armor","Sword Boomerang"],"picked":"Shrug It Off","floor":11},{"not_picked":["Whirlwind","Sword Boomerang","True Grit"],"picked":"Inflame","floor":13},{"not_picked":["Fiend Fire","Bludgeon","Limit Break"],"picked":"Immolate","floor":16},{"not_picked":["Wild Strike+1","Combust","Rupture","Warcry"],"picked":"SKIP","floor":18},{"not_picked":["Perfected Strike","Dropkick","Inflame","Metallicize"],"picked":"SKIP","floor":19},{"not_picked":["Perfected Strike","Second Wind","Dropkick","Heavy Blade"],"picked":"SKIP","floor":22},{"not_picked":["Seeing Red","Clothesline","Anger"],"picked":"Immolate","floor":25},{"not_picked":["True Grit","Twin Strike","Warcry"],"picked":"Shrug It Off","floor":28},{"not_picked":["Anger","Flame Barrier","Wild Strike+1"],"picked":"Offering","floor":31}],"player_experience":1128988,"relics_obtained":[{"floor":8,"key":"Question Card"},{"floor":9,"key":"Mercury Hourglass"},{"floor":11,"key":"Regal Pillow"},{"floor":25,"key":"Ancient Tea Set"},{"floor":26,"key":"Red Skull"},{"floor":31,"key":"Dead Branch"}],"event_choices":[{"damage_healed":0,"gold_gain":0,"player_choice":"Entered Light","damage_taken":23,"max_hp_gain":0,"max_hp_loss":0,"event_name":"Shining Light","floor":4,"gold_loss":0,"cards_upgraded":["Strike_R","Strike_R"]},{"damage_healed":0,"gold_gain":67,"player_choice":"Gained Gold","damage_taken":0,"max_hp_gain":0,"max_hp_loss":0,"event_name":"Golden Wing","floor":5,"gold_loss":0},{"damage_healed":0,"gold_gain":0,"player_choice":"Searched \u00271\u0027 times","damage_taken":0,"max_hp_gain":0,"max_hp_loss":0,"event_name":"Dead Adventurer","floor":7,"gold_loss":0},{"damage_healed":0,"gold_gain":50,"player_choice":"Stole From Cult","damage_taken":0,"max_hp_gain":0,"max_hp_loss":0,"event_name":"Nest","floor":24,"gold_loss":0},{"damage_healed":0,"gold_gain":0,"player_choice":"Upgraded","damage_taken":0,"max_hp_gain":0,"max_hp_loss":0,"event_name":"Upgrade Shrine","floor":29,"gold_loss":0,"cards_upgraded":["Immolate"]}],"is_beta":false,"boss_relics":[{"not_picked":["Black Blood","Coffee Dripper"],"picked":"Cursed Key"}],"items_purged_floors":[20],"is_endless":false,"potions_floor_spawned":[8,10,11,13,28,31],"killed_by":"Automaton","ascension_level":16}