{"gold_per_floor":[110,110,122,197,14,47,47,47,47,67,67,93,143,174,174,251,251,271,39,39,39,52,52,87,187,187,46,46,57,89,99,99,178,178,195,195,249,262,278,309,309,322,345,345,345,373,16,16,16,16,16],"floor_reached":52,"playtime":2421,"items_purged":["Strike_G","Doubt"],"score":2389,"play_id":"eb99bcc6-b239-4b5d-b806-aa86851aac5b","local_time":"20190427124534","is_ascension_mode":true,"campfire_choices":[{"data":"Apotheosis","floor":8,"key":"SMITH"},{"data":"Noxious Fumes","floor":11,"key":"SMITH"},{"data":"Footwork","floor":15,"key":"SMITH"},{"data":"After Image","floor":23,"key":"SMITH"},{"floor":28,"key":"REST"},{"data":"Footwork","floor":32,"key":"SMITH"},{"data":"Tools of the Trade","floor":41,"key":"SMITH"},{"data":"Bouncing Flask","floor":45,"key":"SMITH"},{"data":"Leg Sweep","floor":49,"key":"SMITH"}],"neow_cost":"NONE","seed_source_timestamp":364057842049200,"circlet_count":0,"master_deck":["AscendersBane","Defend_G","Defend_G","Defend_G","Defend_G","Defend_G","Strike_G","Strike_G","Survivor","Neutralize","Deadly Poison","Dagger Throw","PiercingWail","Apotheosis+1","Noxious Fumes+1","Catalyst","Footwork+1","After Image+1","Poisoned Stab","Footwork+1","Deadly Poison","Dodge and Roll","PiercingWail","Bouncing Flask+1","Catalyst+1","Blur","Leg Sweep+1","Catalyst","Leg Sweep","Tools of the Trade+1","PiercingWail","Venomology","Backflip","Dodge and Roll+1","Pain"],"relics":["Ring of the Snake","NeowsBlessing","The Courier","Bottled Tornado","Lantern","Juzu Bracelet","Cursed Key","Blood Vial","FossilizedHelix","Ninja Scroll","PreservedInsect","Runic Pyramid","Gambling Chip","Snake Skull","Potion Belt","Bronze Scales","Calipers"],"potions_floor_usage":[14,18,24,24,33,44,50,51],"damage_taken":[{"damage":0,"enemies":"Small Slimes","floor":1,"turns":1},{"damage":0,"enemies":"Cultist","floor":3,"turns":1},{"damage":0,"enemies":"Lagavulin","floor":6,"turns":1},{"damage":4,"enemies":"Jaw Worm","floor":10,"turns":4},{"damage":0,"enemies":"Gremlin Nob","floor":14,"turns":3},{"damage":4,"enemies":"Hexaghost","floor":16,"turns":8},{"damage":0,"enemies":"Chosen","floor":18,"turns":4},{"damage":4,"enemies":"Shell Parasite","floor":22,"turns":5},{"damage":24,"enemies":"Slavers","floor":24,"turns":6},{"damage":6,"enemies":"Colosseum Slavers","floor":25,"turns":5},{"damage":5,"enemies":"Colosseum Nobs","floor":25,"turns":5},{"damage":0,"enemies":"Cultist and Chosen","floor":29,"turns":4},{"damage":16,"enemies":"Gremlin Leader","floor":30,"turns":7},{"damage":0,"enemies":"Centurion and Healer","floor":31,"turns":5},{"damage":0,"enemies":"Automaton","floor":33,"turns":7},{"damage":0,"enemies":"Orb Walker","floor":35,"turns":3},{"damage":15,"enemies":"2 Orb Walkers","floor":37,"turns":6},{"damage":0,"enemies":"3 Shapes","floor":38,"turns":4},{"damage":0,"enemies":"Writhing Mass","floor":39,"turns":5},{"damage":0,"enemies":"Nemesis","floor":40,"turns":3},{"damage":0,"enemies":"Spire Growth","floor":42,"turns":4},{"damage":0,"enemies":"Reptomancer","floor":44,"turns":2},{"damage":7,"enemies":"Giant Head","floor":46,"turns":4},{"damage":0,"enemies":"Donu and Deca","floor":50,"turns":9},{"damage":25,"enemies":"Awakened One","floor":51,"turns":14}],"seed_played":"2177736691303507228","potions_obtained":[{"floor":6,"key":"Ancient Potion"},{"floor":10,"key":"Weak Potion"},{"floor":16,"key":"Regen Potion"},{"floor":18,"key":"EntropicBrew"},{"floor":35,"key":"Dexterity Potion"}],"is_trial":false,"path_per_floor":["M","?","M","?","$","E","?","R","T","M","R","T","?","E","R","B",null,"M","$","?","?","M","R","E","?","T","$","R","M","E","M","R","B",null,"M","?","?","M","M","E","R","M","T","E","R","E","$","$","R","B","B",null],"character_chosen":"THE_SILENT","items_purchased":["Apotheosis","Footwork","Deadly Poison","Dodge and Roll","PiercingWail","Leg Sweep","Calipers","PowerPotion","SpeedPotion"],"campfire_rested":1,"item_purchase_floors":[5,19,19,19,19,27,47,47,47],"current_hp_per_floor":[59,59,59,48,48,48,48,48,48,44,44,44,44,44,44,40,60,60,60,60,42,38,38,29,22,22,22,43,45,31,33,33,35,62,64,64,51,53,55,57,57,59,59,61,61,56,56,56,56,58,35],"gold":16,"neow_bonus":"THREE_ENEMY_KILL","is_prod":false,"is_daily":false,"chose_seed":false,"campfire_upgraded":8,"win_rate":0,"timestamp":1556358334,"path_taken":["M","?","?","?","$","E","?","R","T","M","R","?","?","E","R","BOSS","M","?","?","?","M","R","E","?","T","$","R","M","E","M","R","BOSS","M","?","?","M","M","E","R","M","T","E","R","E","?","$","R","BOSS","BOSS"],"build_version":"2019-01-23","purchased_purges":2,"victory":true,"max_hp_per_floor":[66,66,66,66,66,66,66,66,66,66,66,66,66,66,66,66,66,66,66,66,71,71,71,71,71,71,71,71,71,71,71,71,71,71,71,67,67,67,67,67,67,67,67,67,67,67,67,67,67,67,67],"card_choices":[{"not_picked":["Dodge and Roll","Outmaneuver"],"picked":"Deadly Poison","floor":1},{"not_picked":["Eviscerate","Predator"],"picked":"PiercingWail","floor":3},{"not_picked":["Blur","Prepared"],"picked":"Noxious Fumes","floor":6},{"not_picked":["Backstab","Choke"],"picked":"Catalyst","floor":10},{"not_picked":["Dodge and Roll","Underhanded Strike"],"picked":"Footwork","floor":14},{"not_picked":["Grand Finale","A Thousand Cuts"],"picked":"After Image","floor":16},{"not_picked":["Outmaneuver","Acrobatics"],"picked":"Poisoned Stab","floor":18},{"not_picked":["Slice+1","Finisher"],"picked":"Bouncing Flask","floor":22},{"not_picked":["Slice","Choke"],"picked":"Catalyst+1","floor":24},{"not_picked":["Underhanded Strike+1","PiercingWail+1"],"picked":"Blur","floor":25},{"not_picked":["Phantasmal Killer","Concentrate","Flying Knee"],"picked":"SKIP","floor":29},{"not_picked":["Distraction","Acrobatics"],"picked":"Catalyst","floor":30},{"not_picked":["Quick Slash","Underhanded Strike"],"picked":"Leg Sweep","floor":31},{"not_picked":["Envenom","After Image"],"picked":"Tools of the Trade","floor":33},{"not_picked":["Blade Dance","Dagger Spray"],"picked":"PiercingWail","floor":35},{"not_picked":["Sucker Punch","Backflip"],"picked":"Venomology","floor":38},{"not_picked":["Blade Dance","Flying Knee"],"picked":"Backflip","floor":39},{"not_picked":["Dagger Throw+1","Doppelganger","Backflip+1"],"picked":"SKIP","floor":40},{"not_picked":["Quick Slash","Cloak And Dagger"],"picked":"Dodge and Roll+1","floor":42},{"not_picked":["PiercingWail+1","Heel Hook","Predator"],"picked":"SKIP","floor":46}],"player_experience":1237736,"relics_obtained":[{"floor":6,"key":"The Courier"},{"floor":9,"key":"Bottled Tornado"},{"floor":12,"key":"Lantern"},{"floor":14,"key":"Juzu Bracelet"},{"floor":24,"key":"Blood Vial"},{"floor":25,"key":"FossilizedHelix"},{"floor":25,"key":"Ninja Scroll"},{"floor":30,"key":"PreservedInsect"},{"floor":37,"key":"Gambling Chip"},{"floor":40,"key":"Snake Skull"},{"floor":43,"key":"Potion Belt"},{"floor":46,"key":"Bronze Scales"}],"event_choices":[{"damage_healed":0,"gold_gain":0,"cards_transformed":["Strike_G"],"player_choice":"Transformed","damage_taken":0,"max_hp_gain":0,"max_hp_loss":0,"event_name":"Transmorgrifier","floor":2,"gold_loss":0,"cards_obtained":["Dagger Throw"]},{"damage_healed":0,"gold_gain":75,"player_choice":"Gather Gold","damage_taken":11,"max_hp_gain":0,"max_hp_loss":0,"event_name":"World of Goop","floor":4,"gold_loss":0},{"cards_removed":["Strike_G"],"damage_healed":0,"gold_gain":0,"player_choice":"Forget","damage_taken":0,"max_hp_gain":0,"max_hp_loss":0,"event_name":"Living Wall","floor":7,"gold_loss":0},{"damage_healed":0,"gold_gain":50,"player_choice":"Pray","damage_taken":0,"max_hp_gain":0,"max_hp_loss":0,"event_name":"Golden Shrine","floor":13,"gold_loss":0},{"damage_healed":0,"gold_gain":0,"player_choice":"Ignored","damage_taken":0,"max_hp_gain":0,"max_hp_loss":0,"event_name":"Ghosts","floor":20,"gold_loss":0},{"damage_healed":0,"gold_gain":0,"player_choice":"Shed Blood","damage_taken":23,"max_hp_gain":5,"max_hp_loss":0,"event_name":"Forgotten Altar","floor":21,"gold_loss":0},{"damage_healed":0,"gold_gain":0,"player_choice":"Fight","damage_taken":0,"max_hp_gain":0,"max_hp_loss":0,"event_name":"Colosseum","floor":25,"gold_loss":0},{"damage_healed":0,"gold_gain":0,"player_choice":"Fought Nobs","damage_taken":0,"max_hp_gain":0,"max_hp_loss":0,"event_name":"Colosseum","floor":25,"gold_loss":0},{"damage_healed":0,"gold_gain":0,"player_choice":"Max HP","damage_taken":0,"max_hp_gain":0,"max_hp_loss":4,"event_name":"Winding Halls","floor":36,"gold_loss":0},{"damage_healed":0,"gold_gain":0,"player_choice":"Fight","damage_taken":0,"max_hp_gain":0,"max_hp_loss":0,"event_name":"Mysterious Sphere","floor":37,"gold_loss":0}],"is_beta":false,"boss_relics":[{"not_picked":["Lizard Tail","Astrolabe"],"picked":"Cursed Key"},{"not_picked":["Pandora\u0027s Box","Snecko Eye"],"picked":"Runic Pyramid"}],"items_purged_floors":[19,27],"is_endless":false,"potions_floor_spawned":[6,10,16,18,22,24,30,35,42,44],"ascension_level":20}