{"gold_per_floor":[113,186,204,214,231,231,264,276,276,276,46,65,65,91,91,186,186,196,196,121,139,139,139,165,165,165,196,196,215,243,263,263,360,360,380,380,398,61,77,112,212,238,238,254,254,254,254,266,266,266],"floor_reached":51,"playtime":2390,"items_purged":["Strike_R"],"score":1224,"play_id":"3a4a410f-aa35-42ee-95dd-88de41cd6c8e","local_time":"20190813225955","is_ascension_mode":true,"campfire_choices":[{"data":"Bash","floor":6,"key":"SMITH"},{"data":"Fiend Fire","floor":10,"key":"SMITH"},{"floor":15,"key":"REST"},{"floor":23,"key":"REST"},{"data":"Inflame","floor":28,"key":"SMITH"},{"data":"Clothesline","floor":32,"key":"SMITH"},{"data":"Demon Form","floor":45,"key":"SMITH"},{"floor":47,"key":"REST"},{"floor":49,"key":"REST"}],"neow_cost":"NONE","seed_source_timestamp":48053806656409,"circlet_count":0,"master_deck":["AscendersBane","Strike_R","Strike_R","Strike_R","Defend_R","Defend_R","Defend_R","Bash+1","Carnage","Anger","Pommel Strike","Fiend Fire+1","Flame Barrier","Inflame+1","Exhume","Flame Barrier","Necronomicurse","Dropkick+1","Shrug It Off","Headbutt+1","Battle Trance","Clothesline+1","Demon Form+1","Battle Trance","Havoc","Ghostly Armor","Madness","Madness","Feel No Pain+1"],"relics":["Burning Blood","Singing Bowl","Blue Candle","Bag of Preparation","Letter Opener","Runic Pyramid","Necronomicon","Vajra","Pear","Strawberry","Potion Belt","Sozu","Mummified Hand","Dream Catcher","Charon\u0027s Ashes","Orichalcum","Question Card"],"potions_floor_usage":[7,14,16,30,33,40],"damage_taken":[{"damage":9,"enemies":"Jaw Worm","floor":1,"turns":4},{"damage":7,"enemies":"Small Slimes","floor":3,"turns":4},{"damage":1,"enemies":"Cultist","floor":4,"turns":3},{"damage":11,"enemies":"Blue Slaver","floor":5,"turns":4},{"damage":18,"enemies":"Lagavulin","floor":7,"turns":5},{"damage":3,"enemies":"3 Louse","floor":8,"turns":3},{"damage":39,"enemies":"Exordium Thugs","floor":12,"turns":5},{"damage":20,"enemies":"3 Sentries","floor":14,"turns":7},{"damage":21,"enemies":"Slime Boss","floor":16,"turns":8},{"damage":16,"enemies":"Shell Parasite","floor":18,"turns":3},{"damage":8,"enemies":"2 Thieves","floor":21,"turns":4},{"damage":40,"enemies":"Slavers","floor":24,"turns":5},{"damage":4,"enemies":"Gremlin Leader","floor":27,"turns":3},{"damage":10,"enemies":"Snecko","floor":29,"turns":3},{"damage":12,"enemies":"Slavers","floor":30,"turns":5},{"damage":0,"enemies":"Snake Plant","floor":31,"turns":1},{"damage":39,"enemies":"Champ","floor":33,"turns":8},{"damage":19,"enemies":"3 Shapes","floor":35,"turns":5},{"damage":11,"enemies":"Orb Walker","floor":37,"turns":2},{"damage":12,"enemies":"Transient","floor":39,"turns":5},{"damage":15,"enemies":"Nemesis","floor":40,"turns":3},{"damage":11,"enemies":"Mind Bloom Boss Battle","floor":41,"turns":3},{"damage":9,"enemies":"Giant Head","floor":42,"turns":5},{"damage":0,"enemies":"4 Shapes","floor":44,"turns":3},{"damage":21,"enemies":"Writhing Mass","floor":48,"turns":3},{"damage":58,"enemies":"Time Eater","floor":50,"turns":6}],"seed_played":"7434876283069447683","potions_obtained":[{"floor":1,"key":"Block Potion"},{"floor":8,"key":"PowerPotion"},{"floor":12,"key":"Fire Potion"},{"floor":14,"key":"Weak Potion"},{"floor":18,"key":"SkillPotion"},{"floor":27,"key":"Energy Potion"},{"floor":31,"key":"Explosive Potion"}],"is_trial":false,"path_per_floor":["M","?","M","M","M","R","E","M","T","R","$","M","?","E","R","B",null,"M","?","?","M","?","R","E","?","T","E","R","M","E","M","R","B",null,"M","?","M","$","M","E","?","E","T","M","R","?","R","M","R","B",null],"character_chosen":"IRONCLAD","items_purchased":["Bag of Preparation","Flame Barrier","Mummified Hand"],"campfire_rested":4,"item_purchase_floors":[11,11,38],"current_hp_per_floor":[77,77,76,81,76,76,64,69,69,69,69,38,38,24,51,36,78,68,52,52,50,50,77,43,73,83,92,92,90,84,90,90,57,98,87,87,82,82,78,69,66,63,63,71,71,56,91,78,116,64],"gold":266,"neow_bonus":"TEN_PERCENT_HP_BONUS","is_prod":false,"is_daily":false,"chose_seed":false,"campfire_upgraded":5,"win_rate":0,"timestamp":1565729995,"path_taken":["M","?","M","M","M","R","E","M","T","R","$","M","?","E","R","BOSS","M","?","?","M","?","R","E","?","T","E","R","?","E","M","R","BOSS","M","?","M","$","M","E","?","E","T","M","R","?","R","M","R","BOSS"],"build_version":"2019-07-17","purchased_purges":1,"victory":true,"max_hp_per_floor":[88,88,88,88,88,88,88,90,90,90,90,92,92,92,92,92,92,92,92,92,92,92,92,92,92,102,109,109,111,111,111,111,111,111,113,113,113,113,115,115,117,117,117,119,119,119,119,121,123,123],"card_choices":[{"not_picked":["Ghostly Armor","Armaments"],"picked":"Carnage","floor":1},{"not_picked":["Burning Pact","Battle Trance"],"picked":"Anger","floor":3},{"not_picked":["Heavy Blade","Dual Wield","Corruption"],"picked":"SKIP","floor":4},{"not_picked":["Body Slam","Perfected Strike"],"picked":"Pommel Strike","floor":5},{"not_picked":["Sentinel","Warcry"],"picked":"Fiend Fire","floor":7},{"not_picked":["Anger","Heavy Blade","Sentinel"],"picked":"Singing Bowl","floor":8},{"not_picked":["Anger","Flex","Power Through"],"picked":"Singing Bowl","floor":12},{"not_picked":["Pommel Strike","Warcry"],"picked":"Inflame","floor":14},{"not_picked":["Double Tap","Limit Break"],"picked":"Exhume","floor":16},{"not_picked":["Reckless Charge","Burning Pact"],"picked":"Flame Barrier","floor":18},{"not_picked":["Cleave","Perfected Strike+1"],"picked":"Dropkick+1","floor":21},{"not_picked":["Intimidate","Wild Strike"],"picked":"Shrug It Off","floor":24},{"not_picked":["Havoc","Heavy Blade"],"picked":"Headbutt+1","floor":27},{"not_picked":["Clash","Pommel Strike","Headbutt"],"picked":"Singing Bowl","floor":29},{"not_picked":["Wild Strike","Flex"],"picked":"Battle Trance","floor":30},{"not_picked":["True Grit","Impervious"],"picked":"Clothesline","floor":31},{"not_picked":["Reaper","Dark Embrace"],"picked":"Demon Form","floor":33},{"not_picked":["Intimidate","Second Wind","Cleave"],"picked":"Singing Bowl","floor":35},{"not_picked":["Armaments","Wild Strike"],"picked":"Battle Trance","floor":37},{"not_picked":["Fire Breathing","Cleave","Thunderclap"],"picked":"Singing Bowl","floor":39},{"not_picked":["Rage+1","Clash"],"picked":"Havoc","floor":40},{"not_picked":["Clothesline+1","Carnage","Bloodletting"],"picked":"Singing Bowl","floor":41},{"not_picked":["Searing Blow+1","Pummel"],"picked":"Ghostly Armor","floor":42},{"not_picked":["Iron Wave+1","Intimidate","Combust+1","Headbutt+1"],"picked":"Singing Bowl","floor":44},{"not_picked":["Perfected Strike+1","Body Slam","Bloodletting+1"],"picked":"Feel No Pain+1","floor":47},{"not_picked":["Pommel Strike","Clash","Intimidate+1","True Grit"],"picked":"Singing Bowl","floor":48},{"not_picked":["Spot Weakness+1","Clothesline+1","Bludgeon","Hemokinesis+1"],"picked":"Singing Bowl","floor":49}],"player_experience":875266,"relics_obtained":[{"floor":7,"key":"Singing Bowl"},{"floor":9,"key":"Blue Candle"},{"floor":14,"key":"Letter Opener"},{"floor":19,"key":"Necronomicon"},{"floor":24,"key":"Vajra"},{"floor":26,"key":"Pear"},{"floor":27,"key":"Strawberry"},{"floor":30,"key":"Potion Belt"},{"floor":40,"key":"Dream Catcher"},{"floor":41,"key":"Charon\u0027s Ashes"},{"floor":42,"key":"Orichalcum"},{"floor":43,"key":"Question Card"}],"event_choices":[{"damage_healed":0,"gold_gain":73,"player_choice":"Gained Gold","damage_taken":0,"max_hp_gain":0,"max_hp_loss":0,"event_name":"Golden Wing","floor":2,"gold_loss":0},{"damage_healed":0,"gold_gain":0,"player_choice":"Got Potions","damage_taken":0,"max_hp_gain":0,"max_hp_loss":0,"event_name":"Lab","floor":13,"gold_loss":0},{"damage_healed":0,"gold_gain":0,"player_choice":"Obtained Book","damage_taken":16,"max_hp_gain":0,"max_hp_loss":0,"event_name":"Cursed Tome","floor":19,"gold_loss":0},{"cards_removed":["Strike_R"],"damage_healed":0,"gold_gain":0,"player_choice":"Gave Gold","damage_taken":0,"max_hp_gain":0,"max_hp_loss":0,"event_name":"Beggar","floor":20,"gold_loss":75},{"damage_healed":0,"gold_gain":0,"player_choice":"Ignored","damage_taken":0,"max_hp_gain":0,"max_hp_loss":0,"event_name":"Ghosts","floor":22,"gold_loss":0},{"damage_healed":30,"gold_gain":0,"player_choice":"Heal","damage_taken":0,"max_hp_gain":0,"max_hp_loss":0,"event_name":"The Library","floor":25,"gold_loss":0},{"cards_removed":["Defend_R"],"damage_healed":0,"gold_gain":0,"player_choice":"Removed Skill","damage_taken":0,"max_hp_gain":0,"max_hp_loss":0,"event_name":"Falling","floor":36,"gold_loss":0},{"damage_healed":0,"gold_gain":0,"player_choice":"Fight","damage_taken":0,"max_hp_gain":0,"max_hp_loss":0,"event_name":"MindBloom","floor":41,"gold_loss":0},{"damage_healed":0,"gold_gain":0,"player_choice":"Embrace Madness","damage_taken":15,"max_hp_gain":0,"max_hp_loss":0,"event_name":"Winding Halls","floor":46,"gold_loss":0,"cards_obtained":["Madness","Madness"]}],"is_beta":false,"boss_relics":[{"not_picked":["Eternal Feather","Tiny House"],"picked":"Runic Pyramid"},{"not_picked":["Black Blood","Orrery"],"picked":"Sozu"}],"items_purged_floors":[38],"is_endless":false,"potions_floor_spawned":[1,8,12,14,18,27,29,31,37,41,42],"ascension_level":11}