{"gold_per_floor":[12,32,32,51,1,32,32,66,140,174,174,192,206,206,206,302,302,318,334,259,174,188,216,216,241,313,313,325,50,50,64,64,64],"floor_reached":33,"playtime":2968,"items_purged":["Strike_R","Strike_R"],"score":412,"play_id":"c135cfca-33a8-4cd6-8663-abef38088940","local_time":"20190802014017","is_ascension_mode":true,"campfire_choices":[{"data":"Bash","floor":7,"key":"SMITH"},{"floor":11,"key":"REST"},{"data":"Uppercut","floor":15,"key":"SMITH"},{"data":"Inflame","floor":24,"key":"SMITH"},{"data":"Rampage","floor":30,"key":"SMITH"},{"data":"Armaments","floor":32,"key":"SMITH"}],"neow_cost":"NO_GOLD","seed_source_timestamp":37299003770684,"circlet_count":0,"master_deck":["Strike_R","Defend_R","Defend_R","Defend_R","Defend_R","Bash+1","Shrug It Off","Cleave","Armaments+1","True Grit","Pummel","Pommel Strike","Rampage+1","Ghostly Armor","Uppercut+1","Power Through","Inflame+1","Reaper","True Grit+1","Heavy Blade+1","Shockwave+1","Anger+1","Headbutt+1","Metallicize+1"],"relics":["Burning Blood","Prayer Wheel","FossilizedHelix","Lantern","Bottled Flame","Vajra","Sozu","Smiling Mask","Strawberry","Nunchaku","Frozen Egg 2","Whetstone"],"potions_floor_usage":[6,10,16,23],"damage_taken":[{"damage":3,"enemies":"Jaw Worm","floor":1,"turns":5},{"damage":1,"enemies":"2 Louse","floor":2,"turns":3},{"damage":5,"enemies":"Cultist","floor":4,"turns":5},{"damage":56,"enemies":"Lagavulin","floor":6,"turns":8},{"damage":19,"enemies":"3 Sentries","floor":8,"turns":9},{"damage":13,"enemies":"Lagavulin","floor":10,"turns":8},{"damage":0,"enemies":"3 Louse","floor":12,"turns":4},{"damage":0,"enemies":"Exordium Wildlife","floor":13,"turns":3},{"damage":32,"enemies":"Hexaghost","floor":16,"turns":11},{"damage":0,"enemies":"Shell Parasite","floor":18,"turns":4},{"damage":10,"enemies":"2 Thieves","floor":19,"turns":3},{"damage":8,"enemies":"Centurion and Healer","floor":22,"turns":11},{"damage":18,"enemies":"Gremlin Leader","floor":23,"turns":7},{"damage":48,"enemies":"Book of Stabbing","floor":25,"turns":8},{"damage":0,"enemies":"Chosen and Byrds","floor":28,"turns":6},{"damage":12,"enemies":"Cultist and Chosen","floor":31,"turns":5},{"damage":73,"enemies":"Champ","floor":33,"turns":11}],"seed_played":"-303136598461387488","potions_obtained":[{"floor":2,"key":"Fire Potion"},{"floor":8,"key":"Explosive Potion"},{"floor":10,"key":"Regen Potion"},{"floor":13,"key":"Weak Potion"}],"is_trial":false,"path_per_floor":["M","M","?","M","?","E","R","E","T","E","R","M","M","?","R","B",null,"M","M","$","?","M","E","R","E","T","?","M","$","R","M","R","B"],"character_chosen":"IRONCLAD","items_purchased":["Metallicize+1","Whetstone"],"campfire_rested":1,"item_purchase_floors":[29,29],"current_hp_per_floor":[75,80,80,80,80,30,30,17,17,10,34,40,46,46,46,35,69,75,76,76,76,80,75,75,40,40,40,61,61,61,70,70,0],"gold":64,"neow_bonus":"ONE_RARE_RELIC","is_prod":false,"is_daily":false,"chose_seed":false,"campfire_upgraded":5,"win_rate":0,"timestamp":1564702817,"path_taken":["M","M","?","M","?","E","R","E","T","E","R","M","M","?","R","BOSS","M","M","$","?","M","E","R","E","T","?","M","$","R","M","R","BOSS"],"build_version":"2019-07-17","purchased_purges":2,"victory":false,"max_hp_per_floor":[80,80,80,80,80,80,80,80,80,80,80,80,80,80,80,80,80,80,80,80,80,80,87,87,87,87,87,87,87,87,87,87,87],"card_choices":[{"not_picked":["Corruption","Flex"],"picked":"Shrug It Off","floor":1},{"not_picked":["Thunderclap","Clash"],"picked":"Cleave","floor":1},{"not_picked":["Shrug It Off","Clash"],"picked":"Armaments","floor":2},{"not_picked":["Entrench","Flex"],"picked":"True Grit","floor":2},{"not_picked":["Corruption","Pommel Strike"],"picked":"Pummel","floor":4},{"not_picked":["Sever Soul","Heavy Blade"],"picked":"Pommel Strike","floor":4},{"not_picked":["Rupture","Twin Strike"],"picked":"Rampage","floor":6},{"not_picked":["Intimidate","Pummel"],"picked":"Ghostly Armor","floor":8},{"not_picked":["Whirlwind","Iron Wave"],"picked":"Uppercut","floor":10},{"not_picked":["Searing Blow","Pommel Strike"],"picked":"Power Through","floor":12},{"not_picked":["Dark Embrace","Heavy Blade","Infernal Blade"],"picked":"SKIP","floor":12},{"not_picked":["Sword Boomerang","Thunderclap"],"picked":"Inflame","floor":13},{"not_picked":["Rampage","Flex","Perfected Strike"],"picked":"SKIP","floor":13},{"not_picked":["Dark Embrace","Bludgeon"],"picked":"Reaper","floor":16},{"not_picked":["Flex+1","Evolve"],"picked":"True Grit+1","floor":18},{"not_picked":["Thunderclap+1","Havoc+1","Perfected Strike"],"picked":"SKIP","floor":18},{"not_picked":["Clothesline","Perfected Strike+1"],"picked":"Heavy Blade","floor":19},{"not_picked":["Rupture","Perfected Strike","Flex"],"picked":"SKIP","floor":19},{"not_picked":["Infernal Blade","Metallicize"],"picked":"Shockwave+1","floor":22},{"not_picked":["Shockwave","Entrench"],"picked":"Anger+1","floor":22},{"not_picked":["Carnage","Barricade","Heavy Blade"],"picked":"SKIP","floor":23},{"not_picked":["True Grit","Warcry","Pommel Strike"],"picked":"SKIP","floor":25},{"not_picked":["Flex+1","True Grit"],"picked":"Headbutt","floor":28},{"not_picked":["Rupture+1","Feed","True Grit"],"picked":"SKIP","floor":28},{"not_picked":["Armaments","Sword Boomerang","Infernal Blade+1"],"picked":"SKIP","floor":31},{"not_picked":["Intimidate","Sword Boomerang","Body Slam"],"picked":"SKIP","floor":31}],"player_experience":693964,"relics_obtained":[{"floor":6,"key":"FossilizedHelix"},{"floor":8,"key":"Lantern"},{"floor":9,"key":"Bottled Flame"},{"floor":10,"key":"Vajra"},{"floor":23,"key":"Strawberry"},{"floor":25,"key":"Nunchaku"},{"floor":26,"key":"Frozen Egg 2"}],"event_choices":[{"damage_healed":0,"gold_gain":0,"player_choice":"Ignored","damage_taken":0,"max_hp_gain":0,"max_hp_loss":0,"event_name":"Golden Idol","floor":3,"gold_loss":0},{"cards_removed":["Strike_R"],"damage_healed":0,"gold_gain":0,"player_choice":"Card Removal","damage_taken":0,"max_hp_gain":0,"max_hp_loss":0,"event_name":"The Cleric","floor":5,"gold_loss":50},{"cards_removed":["Strike_R"],"damage_healed":0,"gold_gain":0,"player_choice":"Purged","damage_taken":0,"max_hp_gain":0,"max_hp_loss":0,"event_name":"Purifier","floor":14,"gold_loss":0},{"damage_healed":0,"gold_gain":0,"player_choice":"Obtained Relic","damage_taken":0,"relics_obtained":["Smiling Mask"],"max_hp_gain":0,"max_hp_loss":0,"event_name":"Addict","floor":21,"gold_loss":85},{"damage_healed":0,"gold_gain":0,"player_choice":"Ignored","damage_taken":0,"max_hp_gain":0,"max_hp_loss":0,"event_name":"Ghosts","floor":27,"gold_loss":0}],"is_beta":false,"boss_relics":[{"not_picked":["Runic Cube","Ectoplasm"],"picked":"Sozu"}],"items_purged_floors":[20,29],"is_endless":false,"potions_floor_spawned":[2,8,10,13,23,28,31],"killed_by":"Champ","ascension_level":7}