{"gold_per_floor":[109,109,184,184,184,184,196,91,171,171,188,198,212,228,228,331,331,349,359,359,359,159,192,192,220,271,271,271,281,281,299,299,396,396,407,422,441,317,328,328,56,56,56,56,70,70,85,85,85,85],"floor_reached":51,"playtime":3730,"items_purged":["Defend_B","Strike_B","Shame"],"score":677,"play_id":"1563f95a-6459-4b02-a29b-82a4c199dd24","local_time":"20181020210047","is_ascension_mode":false,"campfire_choices":[{"data":"Zap","floor":6.0,"key":"SMITH"},{"data":"Conserve Battery","floor":10.0,"key":"SMITH"},{"data":"Go for the Eyes","floor":15.0,"key":"SMITH"},{"data":"Hologram","floor":24.0,"key":"SMITH"},{"data":"Gash","floor":27.0,"key":"SMITH"},{"data":"Beam Cell","floor":32.0,"key":"SMITH"},{"data":"Conserve Battery","floor":40,"key":"SMITH"},{"data":"Reboot","floor":42,"key":"SMITH"},{"data":"Steam","floor":44,"key":"SMITH"},{"data":"Hologram","floor":49,"key":"SMITH"}],"neow_cost":"NONE","seed_source_timestamp":0,"circlet_count":0,"master_deck":["Strike_B","Defend_B","Zap+1","Dualcast","Conserve Battery+1","Conserve Battery+1","Self Repair","Gash+1","Melter","Go for the Eyes+1","Auto Shields","All For One","Steam+1","Beam Cell+1","FTL","Hologram+1","FTL","Beam Cell+1","Hologram+1","Reboot+1","Parasite","Clumsy","Double Energy+1","Recycle+1","Rebound","Rebound","Blind+1","Conserve Battery+1","White Noise+1","Meteor Strike"],"special_seed":0,"relics":["Cracked Core","Question Card","Pantograph","Runic Pyramid","Frozen Egg 2","Pear","Pen Nib","Calling Bell","PreservedInsect","Toxic Egg 2","Pocketwatch","Mercury Hourglass","WingedGreaves"],"potions_floor_usage":[50,50,50],"damage_taken":[{"damage":1.0,"enemies":"Cultist","floor":1.0,"turns":4.0},{"damage":0.0,"enemies":"2 Louse","floor":7.0,"turns":2.0},{"damage":0.0,"enemies":"Small Slimes","floor":11.0,"turns":3.0},{"damage":0.0,"enemies":"Red Slaver","floor":12.0,"turns":3.0},{"damage":9.0,"enemies":"3 Louse","floor":13.0,"turns":3.0},{"damage":7.0,"enemies":"Blue Slaver","floor":14.0,"turns":3.0},{"damage":49.0,"enemies":"Hexaghost","floor":16.0,"turns":11.0},{"damage":0.0,"enemies":"Spheric Guardian","floor":18.0,"turns":3.0},{"damage":7.0,"enemies":"Chosen","floor":19.0,"turns":5.0},{"damage":6.0,"enemies":"Gremlin Leader","floor":23.0,"turns":9.0},{"damage":33.0,"enemies":"Slavers","floor":25.0,"turns":6.0},{"damage":3.0,"enemies":"Centurion and Healer","floor":29.0,"turns":4.0},{"damage":20.0,"enemies":"Snake Plant","floor":31.0,"turns":3.0},{"damage":31.0,"enemies":"Automaton","floor":33.0,"turns":8.0},{"damage":4.0,"enemies":"3 Darklings","floor":35.0,"turns":5.0},{"damage":3.0,"enemies":"Orb Walker","floor":36.0,"turns":4.0},{"damage":0.0,"enemies":"Transient","floor":37.0,"turns":5.0},{"damage":0,"enemies":"Sphere and 2 Shapes","floor":39,"turns":5},{"damage":40,"enemies":"Spire Growth","floor":45,"turns":5},{"damage":0,"enemies":"Transient","floor":47,"turns":5},{"damage":0,"enemies":"Mind Bloom Boss Battle","floor":48,"turns":8},{"damage":81,"enemies":"Awakened One","floor":50,"turns":12}],"seed_played":"7690726688525755165","potions_obtained":[{"floor":1.0,"key":"Strength Potion"},{"floor":11.0,"key":"Strength Potion"},{"floor":12.0,"key":"Strength Potion"},{"floor":23.0,"key":"Ancient Potion"},{"floor":37.0,"key":"FocusPotion"},{"floor":39,"key":"Weak Potion"}],"is_trial":false,"path_per_floor":["M","?","?","?","?","R","M","$","T","R","M","M","M","M","R","B",null,"M","M","?","?","$","E","R","E","T","R","?","M","?","M","R","B",null,"M","M","M","$","M","R","$","R","T","R","M","?","M","?","R","B"],"character_chosen":"DEFECT","items_purchased":["Self Repair","Gash","FTL","Hologram","Rebound","Blind+1","Conserve Battery+1"],"campfire_rested":0,"item_purchase_floors":[8,8,22,22,38,41,41],"current_hp_per_floor":[74,74,63,56,53,53,53,53,53,53,60,67,58,58,58,33,75,75,75,75,61,61,62,62,46,46,46,46,50,50,37,37,38,90,90,90,90,90,90,90,90,90,90,90,50,50,57,89,89,16],"gold":85,"neow_bonus":"REMOVE_CARD","is_prod":false,"is_daily":false,"chose_seed":false,"campfire_upgraded":10,"win_rate":0,"timestamp":1540036847,"path_taken":["M","?","?","?","?","R","M","$","T","R","M","M","M","M","R","BOSS","M","M","?","?","$","E","R","E","T","R","?","M","?","M","R","BOSS","M","M","M","$","?","R","$","R","T","R","M","?","M","?","R","BOSS"],"build_version":"2018-10-18","purchased_purges":3,"victory":true,"max_hp_per_floor":[75,75,75,75,75,75,75,75,75,75,75,75,75,75,75,75,75,75,75,75,80,80,80,80,90,90,90,90,90,90,90,90,90,90,90,90,90,90,90,90,90,90,90,90,90,90,90,90,90,90],"card_choices":[{"not_picked":["Barrage","Streamline"],"picked":"Conserve Battery","floor":1.0},{"not_picked":["Capacitor","Defragment","Compile Driver"],"picked":"Conserve Battery","floor":7.0},{"not_picked":["Rip and Tear","Hello World","Aggregate","Steam Power"],"picked":"SKIP","floor":11.0},{"not_picked":["Defragment","Machine Learning","Coolheaded"],"picked":"Melter","floor":12.0},{"not_picked":["Barrage","Compile Driver","Leap"],"picked":"Go for the Eyes","floor":13.0},{"not_picked":["Streamline","Conserve Battery","BootSequence"],"picked":"Auto Shields","floor":14.0},{"not_picked":["Fission","Buffer","Seek"],"picked":"All For One","floor":16.0},{"not_picked":["Steam Power","Chill","Self Repair+1"],"picked":"Steam","floor":18.0},{"not_picked":["Chill","Rebound","Sweeping Beam"],"picked":"Beam Cell+1","floor":19.0},{"not_picked":["White Noise","Sweeping Beam","Redo","Reinforced Body"],"picked":"SKIP","floor":23.0},{"not_picked":["Reinforced Body","Amplify","Recycle"],"picked":"FTL","floor":25.0},{"not_picked":["Storm+1","Compile Driver","Redo"],"picked":"Beam Cell","floor":29.0},{"not_picked":["Storm+1","BootSequence+1","Reinforced Body"],"picked":"Hologram","floor":31.0},{"not_picked":["Biased Cognition+1","Buffer+1","Amplify"],"picked":"Reboot","floor":33.0},{"not_picked":["Leap+1","Compile Driver+1","Storm+1"],"picked":"Double Energy+1","floor":35.0},{"not_picked":["Melter","Coolheaded+1","Force Field+1"],"picked":"Recycle+1","floor":36.0},{"not_picked":["Go for the Eyes+1","Aggregate+1","Core Surge","Ball Lightning"],"picked":"SKIP","floor":37.0},{"not_picked":["Ball Lightning","Hologram+1","Sunder+1"],"picked":"Rebound","floor":39},{"not_picked":["Streamline","Undo+1","Steam+1","Cold Snap"],"picked":"SKIP","floor":45},{"not_picked":["Coolheaded+1","Ball Lightning+1","Consume+1"],"picked":"White Noise+1","floor":47},{"not_picked":["Storm+1","Consume+1","Redo+1"],"picked":"Meteor Strike","floor":48}],"player_experience":262394,"relics_obtained":[{"floor":9.0,"key":"Pantograph"},{"floor":23.0,"key":"Frozen Egg 2"},{"floor":25.0,"key":"Pear"},{"floor":26.0,"key":"Pen Nib"},{"floor":34.0,"key":"PreservedInsect"},{"floor":34.0,"key":"Toxic Egg 2"},{"floor":34.0,"key":"Pocketwatch"},{"floor":43,"key":"Mercury Hourglass"},{"floor":48,"key":"WingedGreaves"}],"event_choices":[{"cards_removed":["Strike_B"],"damage_healed":0.0,"max_hp_gain":0.0,"max_hp_loss":0.0,"gold_gain":0.0,"event_name":"Living Wall","player_choice":"Forget","floor":2.0,"gold_loss":0.0,"damage_taken":0.0},{"damage_healed":0.0,"max_hp_gain":0.0,"max_hp_loss":0.0,"gold_gain":75.0,"event_name":"World of Goop","player_choice":"Gather Gold","floor":3.0,"gold_loss":0.0,"damage_taken":11.0},{"cards_removed":["Defend_B"],"damage_healed":0.0,"max_hp_gain":0.0,"max_hp_loss":0.0,"gold_gain":0.0,"event_name":"Golden Wing","player_choice":"Card Removal","floor":4.0,"gold_loss":0.0,"damage_taken":7.0},{"damage_healed":0.0,"max_hp_gain":0.0,"max_hp_loss":0.0,"gold_gain":0.0,"event_name":"Scrap Ooze","player_choice":"Success","floor":5.0,"gold_loss":0.0,"damage_taken":3.0,"relics_obtained":["Question Card"]},{"damage_healed":0.0,"max_hp_gain":0.0,"max_hp_loss":0.0,"gold_gain":0.0,"event_name":"Vampires","player_choice":"Ignored","floor":20.0,"gold_loss":0.0,"damage_taken":0.0},{"damage_healed":0.0,"max_hp_gain":5.0,"max_hp_loss":0.0,"gold_gain":0.0,"event_name":"Forgotten Altar","player_choice":"Shed Blood","floor":21.0,"gold_loss":0.0,"damage_taken":19.0},{"cards_removed":["Defend_B"],"damage_healed":0.0,"max_hp_gain":0.0,"max_hp_loss":0.0,"gold_gain":0.0,"event_name":"Back to Basics","player_choice":"Elegance","floor":28.0,"gold_loss":0.0,"damage_taken":0.0},{"damage_healed":0.0,"max_hp_gain":0.0,"max_hp_loss":0.0,"gold_gain":0.0,"event_name":"Ghosts","player_choice":"Ignored","floor":30.0,"gold_loss":0.0,"damage_taken":0.0},{"damage_healed":0,"gold_gain":0,"player_choice":"Ignored","damage_taken":0,"max_hp_gain":0,"max_hp_loss":0,"event_name":"Mysterious Sphere","floor":46,"gold_loss":0},{"damage_healed":0,"gold_gain":0,"player_choice":"Fight","damage_taken":0,"max_hp_gain":0,"max_hp_loss":0,"event_name":"MindBloom","floor":48,"gold_loss":0}],"is_beta":false,"boss_relics":[{"not_picked":["Runic Dome","Black Star"],"picked":"Runic Pyramid"},{"not_picked":["Nuclear Battery","Philosopher\u0027s Stone"],"picked":"Calling Bell"}],"items_purged_floors":[22,38,41],"is_endless":false,"potions_floor_spawned":[1,11,12,23,25,31,37,39,48],"ascension_level":0}