{"gold_per_floor":[116,134,134,18,34,34,61,61,61,61,76,107,107,124,124,201,201,218,253,269,21,38,38,72,72,72,102,117,134,161,199,211,298,310,341,71,171,190,210,240,240,240],"floor_reached":42,"playtime":2972,"items_purged":["Regret","Strike_R"],"score":843,"play_id":"9bc9dbfa-6ac5-4403-93c5-cd035fbe9a51","local_time":"20190920224627","is_ascension_mode":true,"campfire_choices":[{"data":"Bash","floor":6,"key":"SMITH"},{"data":"Uppercut","floor":8,"key":"SMITH"},{"data":"Flame Barrier","floor":13,"key":"SMITH"},{"data":"Iron Wave","floor":15,"key":"SMITH"},{"data":"Disarm","floor":23,"key":"SMITH"},{"data":"Demon Form","floor":25,"key":"SMITH"},{"floor":32,"key":"REST"},{"floor":41,"key":"REST"}],"neow_cost":"NONE","seed_source_timestamp":47091222641359,"circlet_count":0,"master_deck":["AscendersBane","Strike_R","Strike_R","Strike_R","Defend_R","Defend_R","Defend_R","Defend_R","Bash+1","Iron Wave+1","Carnage+1","Shrug It Off","Uppercut+1","Shockwave","Anger","Flame Barrier+1","Demon Form+1","Metallicize","Disarm+1","True Grit","Corruption","Exhume","Cleave+1","Battle Trance+1","Feed","Headbutt","Master of Strategy","Pummel","Metallicize+1"],"relics":["Burning Blood","Pocketwatch","Dream Catcher","Ornamental Fan","Juzu Bracelet","Sozu","Red Mask","ClockworkSouvenir","Centennial Puzzle","Pear","Ice Cream","MawBank","Paper Frog","Fusion Hammer","Charon\u0027s Ashes","Blue Candle"],"potions_floor_usage":[24],"damage_taken":[{"damage":2,"enemies":"Small Slimes","floor":1,"turns":3},{"damage":5,"enemies":"2 Louse","floor":2,"turns":3},{"damage":7,"enemies":"Jaw Worm","floor":5,"turns":2},{"damage":18,"enemies":"Gremlin Nob","floor":7,"turns":4},{"damage":6,"enemies":"Looter","floor":11,"turns":2},{"damage":13,"enemies":"Lagavulin","floor":12,"turns":5},{"damage":2,"enemies":"Red Slaver","floor":14,"turns":2},{"damage":26,"enemies":"Hexaghost","floor":16,"turns":8},{"damage":9,"enemies":"2 Thieves","floor":18,"turns":4},{"damage":21,"enemies":"Masked Bandits","floor":19,"turns":4},{"damage":0,"enemies":"Chosen","floor":20,"turns":3},{"damage":0,"enemies":"Snecko","floor":22,"turns":4},{"damage":53,"enemies":"Slavers","floor":24,"turns":9},{"damage":5,"enemies":"Gremlin Leader","floor":27,"turns":6},{"damage":3,"enemies":"Chosen and Byrds","floor":28,"turns":6},{"damage":0,"enemies":"Centurion and Healer","floor":29,"turns":7},{"damage":29,"enemies":"Slavers","floor":31,"turns":5},{"damage":26,"enemies":"Champ","floor":33,"turns":9},{"damage":0,"enemies":"Orb Walker","floor":35,"turns":4},{"damage":0,"enemies":"Mind Bloom Boss Battle","floor":37,"turns":5},{"damage":0,"enemies":"3 Darklings","floor":38,"turns":6},{"damage":4,"enemies":"Spire Growth","floor":39,"turns":3},{"damage":9,"enemies":"Giant Head","floor":40,"turns":7},{"damage":91,"enemies":"Reptomancer","floor":42,"turns":8}],"seed_played":"-5443205441390021753","potions_obtained":[{"floor":1,"key":"EssenceOfSteel"},{"floor":2,"key":"Ancient Potion"},{"floor":7,"key":"BloodPotion"}],"is_trial":false,"path_per_floor":["M","M","?","$","M","R","E","R","T","?","M","E","R","M","R","B",null,"M","?","M","$","M","R","E","R","T","E","M","M","T","E","R","B",null,"M","$","?","M","M","E","R","E"],"character_chosen":"IRONCLAD","items_purchased":["Uppercut","ClockworkSouvenir","True Grit","Master of Strategy"],"campfire_rested":2,"item_purchase_floors":[4,21,21,36],"current_hp_per_floor":[72,73,73,73,72,72,60,60,60,60,60,53,53,57,57,37,66,63,48,54,54,60,60,31,31,41,42,45,51,51,28,53,33,72,78,78,87,88,88,85,88,0],"gold":240,"neow_bonus":"TRANSFORM_CARD","is_prod":false,"is_daily":false,"chose_seed":false,"campfire_upgraded":6,"win_rate":0,"timestamp":1569012387,"path_taken":["M","M","?","$","M","R","E","R","T","?","M","E","R","M","R","BOSS","M","?","M","$","M","R","E","R","T","E","M","M","?","E","R","BOSS","M","$","?","M","M","E","R","E"],"build_version":"2019-07-17","purchased_purges":2,"victory":false,"max_hp_per_floor":[75,75,75,75,75,75,75,75,75,75,75,75,75,75,75,75,75,75,75,75,75,75,75,75,75,85,85,85,85,85,85,85,85,85,85,85,88,88,88,88,88,88],"card_choices":[{"not_picked":["Sever Soul","Infernal Blade"],"picked":"Carnage","floor":1},{"not_picked":["Flex","Pommel Strike"],"picked":"Shrug It Off","floor":2},{"not_picked":["Perfected Strike","Rampage"],"picked":"Shockwave","floor":5},{"not_picked":["Burning Pact","Intimidate"],"picked":"Anger","floor":7},{"not_picked":["Cleave","Pommel Strike"],"picked":"Flame Barrier","floor":11},{"not_picked":["Havoc","Heavy Blade","Iron Wave"],"picked":"SKIP","floor":12},{"not_picked":["Thunderclap","Uppercut","Pummel"],"picked":"SKIP","floor":14},{"not_picked":["Reaper","Barricade"],"picked":"Demon Form","floor":16},{"not_picked":["Havoc","Body Slam","Sword Boomerang"],"picked":"SKIP","floor":18},{"not_picked":["Havoc","Whirlwind"],"picked":"Metallicize","floor":19},{"not_picked":["Clash","Cleave"],"picked":"Disarm","floor":20},{"not_picked":["Ghostly Armor+1","Corruption","Warcry"],"picked":"SKIP","floor":22},{"not_picked":["Ghostly Armor+1","Warcry"],"picked":"Corruption","floor":22},{"not_picked":["Headbutt","Ghostly Armor"],"picked":"Exhume","floor":24},{"not_picked":["Intimidate","Thunderclap"],"picked":"Cleave+1","floor":27},{"not_picked":["True Grit","Perfected Strike","Body Slam"],"picked":"SKIP","floor":28},{"not_picked":["Thunderclap","Spot Weakness","Reckless Charge"],"picked":"SKIP","floor":29},{"not_picked":["Dropkick","Wild Strike"],"picked":"Battle Trance+1","floor":31},{"not_picked":["Double Tap","Berserk"],"picked":"Feed","floor":33},{"not_picked":["Cleave+1","Pommel Strike+1"],"picked":"Headbutt","floor":35},{"not_picked":["Intimidate","Dual Wield"],"picked":"Pummel","floor":38},{"not_picked":["Inflame","Clothesline"],"picked":"Metallicize+1","floor":39},{"not_picked":["Power Through+1","Pommel Strike","Headbutt"],"picked":"SKIP","floor":40}],"player_experience":1079002,"relics_obtained":[{"floor":7,"key":"Dream Catcher"},{"floor":9,"key":"Ornamental Fan"},{"floor":12,"key":"Juzu Bracelet"},{"floor":19,"key":"Red Mask"},{"floor":24,"key":"Centennial Puzzle"},{"floor":26,"key":"Pear"},{"floor":27,"key":"Ice Cream"},{"floor":30,"key":"MawBank"},{"floor":31,"key":"Paper Frog"},{"floor":37,"key":"Charon\u0027s Ashes"},{"floor":40,"key":"Blue Candle"}],"event_choices":[{"damage_healed":0,"gold_gain":0,"player_choice":"Box","damage_taken":0,"relics_obtained":["Pocketwatch"],"max_hp_gain":0,"max_hp_loss":0,"event_name":"Big Fish","floor":3,"gold_loss":0,"cards_obtained":["Regret"]},{"damage_healed":0,"gold_gain":0,"player_choice":"Grow","damage_taken":0,"max_hp_gain":0,"max_hp_loss":0,"event_name":"Living Wall","floor":10,"gold_loss":0,"cards_upgraded":["Carnage"]},{"damage_healed":0,"gold_gain":0,"player_choice":"Fought Bandits","damage_taken":0,"max_hp_gain":0,"max_hp_loss":0,"event_name":"Masked Bandits","floor":19,"gold_loss":0},{"damage_healed":0,"gold_gain":0,"player_choice":"Fight","damage_taken":0,"max_hp_gain":0,"max_hp_loss":0,"event_name":"MindBloom","floor":37,"gold_loss":0}],"is_beta":false,"boss_relics":[{"not_picked":["Philosopher\u0027s Stone","Coffee Dripper"],"picked":"Sozu"},{"not_picked":["Black Blood","Empty Cage"],"picked":"Fusion Hammer"}],"items_purged_floors":[4,36],"is_endless":false,"potions_floor_spawned":[1,2,7,12,18,19,20,28,33,37,40],"killed_by":"Reptomancer","ascension_level":14}