{"gold_per_floor":[115,129,129,16,32,32,61,136,210,210,0,0,17,37,37,115,115,131,16,16,28,28,28,58,58,58,90,90],"floor_reached":28,"playtime":1228,"items_purged":[],"score":578,"play_id":"1938e083-4544-4074-bc61-c4efebab5f5a","local_time":"20190814002541","is_ascension_mode":true,"campfire_choices":[{"data":"Poisoned Stab","floor":6,"key":"SMITH"},{"data":"Cloak And Dagger","floor":10,"key":"SMITH"},{"floor":12,"key":"REST"},{"data":"Blade Dance","floor":15,"key":"SMITH"},{"data":"Footwork","floor":23,"key":"SMITH"},{"floor":25,"key":"REST"}],"neow_cost":"NONE","seed_source_timestamp":54371716402071,"circlet_count":0,"master_deck":["AscendersBane","Strike_G","Strike_G","Strike_G","Strike_G","Defend_G","Defend_G","Defend_G","Defend_G","Defend_G","Survivor","Neutralize","Poisoned Stab+1","Quick Slash","Cloak And Dagger+1","Blade Dance+1","Backflip","Well Laid Plans","PiercingWail","Endless Agony","A Thousand Cuts","Infinite Blades","Footwork+1","Dagger Spray","Writhe","Dodge and Roll","Blur","Die Die Die+1"],"relics":["Ring of the Snake","Bag of Preparation","Shuriken","Bronze Scales","WristBlade","Boot","Darkstone Periapt","Molten Egg 2","Centennial Puzzle"],"potions_floor_usage":[7,18,24,27],"damage_taken":[{"damage":0,"enemies":"2 Louse","floor":1,"turns":3},{"damage":1,"enemies":"Cultist","floor":2,"turns":4},{"damage":1,"enemies":"Small Slimes","floor":5,"turns":3},{"damage":20,"enemies":"3 Sentries","floor":7,"turns":11},{"damage":2,"enemies":"Looter","floor":13,"turns":2},{"damage":7,"enemies":"Exordium Wildlife","floor":14,"turns":4},{"damage":0,"enemies":"Hexaghost","floor":16,"turns":8},{"damage":5,"enemies":"2 Thieves","floor":18,"turns":4},{"damage":1,"enemies":"Spheric Guardian","floor":21,"turns":3},{"damage":25,"enemies":"Gremlin Leader","floor":24,"turns":6},{"damage":47,"enemies":"Book of Stabbing","floor":27,"turns":5},{"damage":13,"enemies":"Snake Plant","floor":28,"turns":2}],"seed_played":"-1413792765000677451","potions_obtained":[{"floor":7,"key":"SkillPotion"},{"floor":13,"key":"Block Potion"},{"floor":14,"key":"FearPotion"},{"floor":18,"key":"LiquidBronze"}],"is_trial":false,"path_per_floor":["M","M","?","$","M","R","E","?","T","R","$","R","M","M","R","B",null,"M","$","?","M","?","R","E","R","T","E","M"],"character_chosen":"THE_SILENT","items_purchased":["Fire Potion","Cloak And Dagger","Bronze Scales","Well Laid Plans","Footwork","Dagger Spray"],"campfire_rested":2,"item_purchase_floors":[4,4,11,11,19,19],"current_hp_per_floor":[65,64,64,64,63,63,43,32,32,32,32,53,51,44,44,44,65,60,60,60,59,59,59,34,55,55,8,0],"gold":90,"neow_bonus":"TEN_PERCENT_HP_BONUS","is_prod":false,"is_daily":false,"chose_seed":false,"campfire_upgraded":4,"win_rate":0,"timestamp":1565735141,"path_taken":["M","M","?","?","M","R","E","?","T","R","$","R","M","M","R","BOSS","M","$","?","M","?","R","E","R","T","E","M"],"build_version":"2019-07-17","purchased_purges":0,"victory":false,"max_hp_per_floor":[72,72,72,72,72,72,72,72,72,72,72,72,72,72,72,72,72,72,72,72,72,72,72,72,72,72,72,72],"card_choices":[{"not_picked":["Acrobatics","PiercingWail"],"picked":"Poisoned Stab","floor":1},{"not_picked":["Backflip","Outmaneuver"],"picked":"Quick Slash","floor":2},{"not_picked":["Distraction","Well Laid Plans"],"picked":"Blade Dance","floor":5},{"not_picked":["Dagger Throw","Concentrate"],"picked":"Backflip","floor":7},{"not_picked":["Reflex","Quick Slash"],"picked":"PiercingWail","floor":13},{"not_picked":["Dagger Throw","Flying Knee"],"picked":"Endless Agony","floor":14},{"not_picked":["Doppelganger","Bullet Time"],"picked":"A Thousand Cuts","floor":16},{"not_picked":["Quick Slash","PiercingWail"],"picked":"Infinite Blades","floor":18},{"not_picked":["Backflip","Flying Knee"],"picked":"Dodge and Roll","floor":21},{"not_picked":["Acrobatics","Dagger Spray"],"picked":"Blur","floor":24},{"not_picked":["Outmaneuver","Predator+1"],"picked":"Die Die Die+1","floor":27}],"player_experience":881095,"relics_obtained":[{"floor":7,"key":"Bag of Preparation"},{"floor":9,"key":"Shuriken"},{"floor":24,"key":"Darkstone Periapt"},{"floor":26,"key":"Molten Egg 2"},{"floor":27,"key":"Centennial Puzzle"}],"event_choices":[{"cards_removed":["Strike_G"],"damage_healed":0,"gold_gain":0,"player_choice":"Purged","damage_taken":0,"max_hp_gain":0,"max_hp_loss":0,"event_name":"Purifier","floor":3,"gold_loss":0},{"damage_healed":0,"gold_gain":75,"player_choice":"Gather Gold","damage_taken":11,"max_hp_gain":0,"max_hp_loss":0,"event_name":"World of Goop","floor":8,"gold_loss":0},{"damage_healed":0,"gold_gain":0,"player_choice":"Opened","damage_taken":0,"relics_obtained":["Boot"],"max_hp_gain":0,"max_hp_loss":0,"event_name":"The Mausoleum","floor":20,"gold_loss":0,"cards_obtained":["Writhe"]},{"damage_healed":0,"gold_gain":0,"player_choice":"Ignored","damage_taken":0,"max_hp_gain":0,"max_hp_loss":0,"event_name":"Ghosts","floor":22,"gold_loss":0}],"is_beta":false,"boss_relics":[{"not_picked":["Black Star","Busted Crown"],"picked":"WristBlade"}],"items_purged_floors":[],"is_endless":false,"potions_floor_spawned":[7,13,14,18,21],"killed_by":"Snake Plant","ascension_level":18}