{"gold_per_floor":[116,13,23,23,34,34,34,34,34,34,34,69,92,134,146,254,266,262,373,308,332,360,372],"floor_reached":23,"playtime":913,"items_purged":[],"score":219,"play_id":"5c951b83-7efa-4e8b-80cb-e28a67af3079","local_time":"20180805174414","is_ascension_mode":true,"campfire_choices":[{"floor":6,"key":"REST"},{"floor":8,"key":"REST"},{"data":"Zap","floor":10,"key":"SMITH"},{"floor":15,"key":"REST"}],"neow_cost":"FIFTY_PERCENT_DAMAGE","seed_source_timestamp":27720745414338,"circlet_count":0,"master_deck":["Strike_B","Strike_B+1","Defend_B","Defend_B","Defend_B","Defend_B+1","Zap+1","Dualcast","Stack","Sunder","Go for the Eyes","Hologram","Melter","Static Discharge","Rebound","Hologram","Machine Learning","Conserve Battery+1","J.A.X.","Cold Snap","Double Energy+1"],"relics":["Cracked Core","Bottled Lightning","MawBank","Omamori","Black Star"],"potions_floor_usage":[],"damage_taken":[{"damage":1,"enemies":"Cultist","floor":1,"turns":3},{"damage":7,"enemies":"Small Slimes","floor":3,"turns":3},{"damage":0,"enemies":"2 Louse","floor":5,"turns":1},{"damage":15,"enemies":"Gremlin Nob","floor":12,"turns":4},{"damage":8,"enemies":"Blue Slaver","floor":13,"turns":3},{"damage":9,"enemies":"3 Sentries","floor":14,"turns":6},{"damage":33,"enemies":"The Guardian","floor":16,"turns":10},{"damage":22,"enemies":"2 Thieves","floor":18,"turns":4},{"damage":13,"enemies":"Shell Parasite","floor":21,"turns":5},{"damage":28,"enemies":"Cultist and Chosen","floor":22,"turns":7},{"damage":15,"enemies":"Centurion and Healer","floor":23,"turns":1}],"seed_played":"6461291421355814141","potions_obtained":[{"floor":3,"key":"LiquidBronze"},{"floor":5,"key":"Poison Potion"},{"floor":14,"key":"Energy Potion"},{"floor":18,"key":"EssenceOfSteel"}],"is_trial":false,"path_per_floor":["M","$","M","?","M","R","?","R","T","R","?","E","M","E","R","B",null,"M","?","?","M","M"],"character_chosen":"DEFECT","items_purchased":["Hologram","Melter"],"campfire_rested":3,"item_purchase_floors":[2,2],"current_hp_per_floor":[37,37,30,15,15,37,37,59,59,59,59,44,36,27,49,16,75,53,53,53,40,12,0],"gold":372,"neow_bonus":"TRANSFORM_TWO_CARDS","is_prod":false,"is_daily":false,"chose_seed":false,"campfire_upgraded":1,"win_rate":0,"timestamp":1533458654,"path_taken":["M","$","M","?","M","R","?","R","T","R","?","E","M","E","R","BOSS","M","?","?","M","M","?"],"build_version":"2018-08-02","purchased_purges":0,"victory":false,"max_hp_per_floor":[75,75,75,75,75,75,75,75,75,75,75,75,75,75,75,75,75,75,75,75,75,75,75],"card_choices":[{"not_picked":["Steam","Cold Snap"],"picked":"Go for the Eyes","floor":1},{"not_picked":["Consume","Streamline"],"picked":"Static Discharge","floor":3},{"not_picked":["Turbo","Barrage","Compile Driver"],"picked":"SKIP","floor":5},{"not_picked":["Barrage","Reprogram"],"picked":"Rebound","floor":12},{"not_picked":["Aggregate","Lockon","Stack"],"picked":"SKIP","floor":13},{"not_picked":["Stack","Multi-Cast"],"picked":"Hologram","floor":14},{"not_picked":["Meteor Strike","Biased Cognition"],"picked":"Machine Learning","floor":16},{"not_picked":["Beam Cell+1","Ball Lightning"],"picked":"Conserve Battery+1","floor":18},{"not_picked":["Consume","Fusion"],"picked":"Cold Snap","floor":21},{"not_picked":["Ball Lightning","Cold Snap"],"picked":"Double Energy+1","floor":22}],"player_experience":121874,"relics_obtained":[{"floor":9,"key":"Bottled Lightning"},{"floor":12,"key":"MawBank"},{"floor":14,"key":"Omamori"}],"event_choices":[{"event_name":"Shining Light","player_choice":"Entered Light","floor":4,"damage_taken":0},{"event_name":"Dead Adventurer","player_choice":"Searched \u00270\u0027 times","floor":7,"damage_taken":0},{"event_name":"Liars Game","player_choice":"disagreed","floor":11,"damage_taken":0},{"event_name":"Nest","player_choice":"Stole From Cult","floor":19,"damage_taken":0},{"event_name":"Drug Dealer","player_choice":"Got JAXXED","floor":20,"damage_taken":0}],"is_beta":false,"boss_relics":[{"not_picked":["White Beast Statue","Velvet Choker"],"picked":"Black Star"}],"items_purged_floors":[],"is_endless":false,"potions_floor_spawned":[3,5,14,18],"killed_by":"Centurion and Healer","ascension_level":2}