{"gold_per_floor":[116,126,106,117,128,128,87,87,87,12,39,51,51,69,69,146,146,157,168,178,70,83,83,83,83,83,117,60,60,60,77,77,149,149,166,178,189,201,211,243,243,243,267,267,280,315,315,315,315,315,315,315,315,10,38,38],"floor_reached":56,"playtime":5850,"items_purged":["Strike_G"],"score":2137,"play_id":"500737a5-c299-499b-8d77-378857c1cb39","local_time":"20190417130648","is_ascension_mode":true,"campfire_choices":[{"data":"Deadly Poison","floor":6.0,"key":"SMITH"},{"data":"Calculated Gamble","floor":13.0,"key":"SMITH"},{"data":"Burst","floor":15.0,"key":"SMITH"},{"data":"Tools of the Trade","floor":23.0,"key":"SMITH"},{"data":"Noxious Fumes","floor":25.0,"key":"SMITH"},{"data":"Acrobatics","floor":29.0,"key":"SMITH"},{"floor":32.0,"key":"REST"},{"floor":41.0,"key":"RECALL"},{"floor":47.0,"key":"REST"},{"floor":49.0,"key":"REST"},{"floor":53,"key":"REST"}],"neow_cost":"NONE","seed_source_timestamp":794697370028500,"circlet_count":0,"master_deck":["AscendersBane","Defend_G","Defend_G","Defend_G","Defend_G","Defend_G","Strike_G","Strike_G","Strike_G","Strike_G","Survivor","Neutralize+1","Deadly Poison+1","Bane","Cloak And Dagger","Blur","Deflect","Expertise+1","Calculated Gamble+1","Burst+1","Tools of the Trade+1","Tactician+1","Footwork+1","Deadly Poison","Noxious Fumes+1","Backflip","Acrobatics+1","Backflip+1","Night Terror","Caltrops","Acrobatics","PiercingWail","Setup+1","Madness","Madness","Blur","Night Terror","Noxious Fumes+1"],"special_seed":0,"relics":["Ring of the Snake","Tough Bandages","Sundial","Philosopher\u0027s Stone","Question Card","Anchor","Fusion Hammer","PreservedInsect","Vajra","Smiling Mask","Mercury Hourglass","DollysMirror","Kunai"],"potions_floor_usage":[56],"damage_taken":[{"damage":4.0,"enemies":"Cultist","floor":1.0,"turns":4.0},{"damage":1.0,"enemies":"Jaw Worm","floor":2.0,"turns":4.0},{"damage":2.0,"enemies":"Small Slimes","floor":4.0,"turns":3.0},{"damage":0.0,"enemies":"Exordium Wildlife","floor":5.0,"turns":4.0},{"damage":9.0,"enemies":"Exordium Thugs","floor":7.0,"turns":5.0},{"damage":0.0,"enemies":"Lagavulin","floor":11.0,"turns":7.0},{"damage":8.0,"enemies":"Large Slime","floor":12.0,"turns":8.0},{"damage":0.0,"enemies":"Looter","floor":14.0,"turns":3.0},{"damage":17.0,"enemies":"The Guardian","floor":16.0,"turns":12.0},{"damage":13.0,"enemies":"3 Byrds","floor":18.0,"turns":5.0},{"damage":0.0,"enemies":"Spheric Guardian","floor":19.0,"turns":7.0},{"damage":0.0,"enemies":"Centurion and Healer","floor":20.0,"turns":8.0},{"damage":0.0,"enemies":"Snake Plant","floor":22.0,"turns":4.0},{"damage":0.0,"enemies":"Slavers","floor":27.0,"turns":7.0},{"damage":0.0,"enemies":"3 Cultists","floor":31.0,"turns":6.0},{"damage":0.0,"enemies":"Champ","floor":33.0,"turns":14.0},{"damage":0.0,"enemies":"3 Darklings","floor":35.0,"turns":9.0},{"damage":0.0,"enemies":"3 Shapes","floor":36.0,"turns":5.0},{"damage":0.0,"enemies":"Maw","floor":37.0,"turns":8.0},{"damage":0.0,"enemies":"Spire Growth","floor":38.0,"turns":7.0},{"damage":0.0,"enemies":"4 Shapes","floor":39.0,"turns":7.0},{"damage":0.0,"enemies":"Giant Head","floor":40.0,"turns":12.0},{"damage":1.0,"enemies":"Writhing Mass","floor":45.0,"turns":8.0},{"damage":50.0,"enemies":"Reptomancer","floor":46.0,"turns":10.0},{"damage":12,"enemies":"Donu and Deca","floor":50,"turns":13},{"damage":5,"enemies":"Awakened One","floor":51,"turns":20},{"damage":20,"enemies":"Shield and Spear","floor":55,"turns":8},{"damage":49,"enemies":"The Heart","floor":56,"turns":3}],"seed_played":"3230873473596484729","potions_obtained":[{"floor":3.0,"key":"PowerPotion"},{"floor":4.0,"key":"PowerPotion"},{"floor":12.0,"key":"SneckoOil"},{"floor":14.0,"key":"SkillPotion"},{"floor":18.0,"key":"EntropicBrew"},{"floor":20.0,"key":"GamblersBrew"},{"floor":31.0,"key":"PowerPotion"},{"floor":37.0,"key":"PowerPotion"},{"floor":45.0,"key":"EssenceOfSteel"},{"floor":46.0,"key":"Block Potion"}],"is_trial":false,"path_per_floor":["M","M","?","M","M","R","M","?","T","$","E","M","R","M","R","B",null,"M","M","M","$","M","R","?","R","T","E","$","R","?","M","R","B",null,"M","M","M","M","M","E","R","?","T","?","M","E","R","?","R","B","B",null,"R","$","E","B"],"character_chosen":"THE_SILENT","items_purchased":["Noxious Fumes","Backflip","Acrobatics","Blur","DollysMirror"],"campfire_rested":4,"item_purchase_floors":[21,21,28,54,54],"current_hp_per_floor":[55,54,54,52,52,52,43,43,43,43,43,35,35,35,35,18,54,41,41,41,41,41,41,41,41,41,41,41,41,41,41,60,60,65,65,65,65,65,65,65,65,53,53,53,52,2,21,21,40,28,23,55,66,66,46,0],"gold":38,"neow_bonus":"UPGRADE_CARD","is_prod":false,"is_daily":false,"chose_seed":false,"campfire_upgraded":6,"win_rate":0,"timestamp":1555495608,"path_taken":["M","?","?","?","?","R","?","?","T","$","E","M","R","M","R","BOSS","M","M","M","$","M","R","?","R","T","E","?","R","?","M","R","BOSS","M","M","M","M","M","E","R","?","T","?","?","E","R","?","R","BOSS","BOSS","R","$","E","BOSS"],"build_version":"2019-01-23","purchased_purges":1,"victory":false,"max_hp_per_floor":[66,66,66,66,66,66,66,66,66,66,66,66,66,66,66,66,66,66,66,66,66,66,66,66,66,66,66,66,66,66,66,66,66,66,66,66,66,66,66,66,66,66,66,66,66,66,66,66,66,66,66,66,66,66,66,66],"card_choices":[{"not_picked":["Dagger Throw","Backstab"],"picked":"Deadly Poison","floor":1.0},{"not_picked":["Dagger Throw","Tactician"],"picked":"Bane","floor":2.0},{"not_picked":["Blade Dance","Prepared"],"picked":"Cloak And Dagger","floor":4.0},{"not_picked":["Acrobatics","Riddle With Holes"],"picked":"Blur","floor":5.0},{"not_picked":["Accuracy","Quick Slash"],"picked":"Deflect","floor":7.0},{"not_picked":["Choke","Concentrate"],"picked":"Expertise","floor":11.0},{"not_picked":["Outmaneuver","Backstab"],"picked":"Calculated Gamble","floor":12.0},{"not_picked":["Dodge and Roll","Sucker Punch"],"picked":"Burst","floor":14.0},{"not_picked":["Glass Knife","Grand Finale"],"picked":"Tools of the Trade","floor":16.0},{"not_picked":["Blur","Cloak And Dagger"],"picked":"Tactician+1","floor":18.0},{"not_picked":["Flying Knee","Dash+1"],"picked":"Footwork+1","floor":19.0},{"not_picked":["Infinite Blades+1","Sucker Punch"],"picked":"Deadly Poison","floor":20.0},{"not_picked":["Choke","Blade Dance+1","Endless Agony"],"picked":"SKIP","floor":22.0},{"not_picked":["Blade Dance","Grand Finale","Outmaneuver","Endless Agony"],"picked":"SKIP","floor":27.0},{"not_picked":["Flying Knee","Bane","Dagger Spray"],"picked":"Backflip+1","floor":31.0},{"not_picked":["After Image","Die Die Die","Malaise"],"picked":"Night Terror","floor":33.0},{"not_picked":["Bane","Deadly Poison","Sucker Punch+1"],"picked":"Caltrops","floor":35.0},{"not_picked":["Dagger Spray+1","Concentrate","All Out Attack+1","Slice"],"picked":"SKIP","floor":36.0},{"not_picked":["Backstab","Sucker Punch","Dagger Throw"],"picked":"Acrobatics","floor":37.0},{"not_picked":["Blade Dance","Flying Knee","Crippling Poison"],"picked":"PiercingWail","floor":38.0},{"not_picked":["Corpse Explosion","Dagger Spray","Sucker Punch","Bane+1"],"picked":"SKIP","floor":39.0},{"not_picked":["Corpse Explosion","Dagger Spray","Sucker Punch","Bane+1"],"picked":"SKIP","floor":39.0},{"not_picked":["Slice+1","Unload","Bane"],"picked":"Setup+1","floor":40.0},{"not_picked":["Endless Agony","Backstab","Distraction","Sucker Punch"],"picked":"SKIP","floor":45.0},{"not_picked":["PiercingWail","Dagger Throw","Dash","All Out Attack"],"picked":"SKIP","floor":46.0},{"not_picked":["Distraction+1","Bane","Dagger Throw"],"picked":"Noxious Fumes+1","floor":55}],"player_experience":1181127,"relics_obtained":[{"floor":11.0,"key":"Sundial"},{"floor":26.0,"key":"Question Card"},{"floor":27.0,"key":"Anchor"},{"floor":40.0,"key":"PreservedInsect"},{"floor":43.0,"key":"Vajra"},{"floor":46.0,"key":"Mercury Hourglass"},{"floor":55,"key":"Kunai"}],"event_choices":[{"damage_healed":0.0,"max_hp_gain":0.0,"max_hp_loss":0.0,"gold_gain":0.0,"event_name":"The Woman in Blue","player_choice":"Bought 1 Potion","floor":3.0,"gold_loss":0.0,"damage_taken":0.0},{"damage_healed":0.0,"max_hp_gain":0.0,"max_hp_loss":0.0,"gold_gain":0.0,"event_name":"Dead Adventurer","player_choice":"Searched \u00271\u0027 times","floor":8.0,"gold_loss":0.0,"damage_taken":0.0,"relics_obtained":["Tough Bandages"]},{"damage_healed":0.0,"max_hp_gain":0.0,"max_hp_loss":0.0,"gold_gain":0.0,"event_name":"Accursed Blacksmith","player_choice":"Forge","floor":24.0,"gold_loss":0.0,"damage_taken":0.0,"cards_upgraded":["Expertise"]},{"damage_healed":0.0,"max_hp_gain":0.0,"max_hp_loss":0.0,"gold_gain":0.0,"event_name":"Cursed Tome","player_choice":"Ignored","floor":30.0,"gold_loss":0.0,"damage_taken":0.0},{"damage_healed":0.0,"max_hp_gain":0.0,"max_hp_loss":0.0,"gold_gain":0.0,"event_name":"Winding Halls","player_choice":"Embrace Madness","floor":42.0,"gold_loss":0.0,"damage_taken":12.0,"cards_obtained":["Madness","Madness"]},{"damage_healed":0.0,"max_hp_gain":0.0,"max_hp_loss":0.0,"gold_gain":0.0,"event_name":"WeMeetAgain","player_choice":"Gave Potion","floor":44.0,"gold_loss":0.0,"damage_taken":0.0,"relics_obtained":["Smiling Mask"]},{"damage_healed":0.0,"max_hp_gain":0.0,"max_hp_loss":0.0,"gold_gain":0.0,"event_name":"FaceTrader","player_choice":"Leave","floor":48.0,"gold_loss":0.0,"damage_taken":0.0}],"is_beta":false,"boss_relics":[{"not_picked":["Lizard Tail","White Beast Statue"],"picked":"Philosopher\u0027s Stone"},{"not_picked":["Velvet Choker","Tiny House"],"picked":"Fusion Hammer"}],"items_purged_floors":[10],"is_endless":false,"potions_floor_spawned":[4,7,12,14,18,20,31,37,39,45,46],"killed_by":"The Heart","ascension_level":20}