{"gold_per_floor":[213,224,224,224,224,224,236,236,286,312,312,312,312,322,322,426,426,442,454,468,478,498,498,597,597,642,654,654,665,149,184,184,288,288,302,302,322,333,346,346,346,346,346,5,5,5,5,16,16,16],"floor_reached":51,"playtime":750,"items_purged":["Strike_R","Injury"],"score":692,"play_id":"e98ff7e4-6556-44c5-8bb6-30b9faed4ae8","local_time":"20190408200419","is_ascension_mode":false,"campfire_choices":[{"data":"Bash","floor":6,"key":"SMITH"},{"data":"Whirlwind","floor":11,"key":"SMITH"},{"data":"Carnage","floor":15,"key":"SMITH"},{"data":"Twin Strike","floor":23,"key":"SMITH"},{"floor":25,"key":"DIG"},{"floor":28,"key":"DIG"},{"floor":32,"key":"DIG"},{"floor":40,"key":"DIG"},{"data":"Corruption","floor":45,"key":"SMITH"},{"floor":49,"key":"DIG"}],"neow_cost":"NONE","seed_source_timestamp":47299928475900,"circlet_count":0,"master_deck":["Defend_R","Defend_R","Defend_R","Defend_R","Bash+1","Dropkick+1","Iron Wave+1","Twin Strike+1","Carnage+1","Whirlwind+1","Iron Wave+1","Bludgeon+1","Carnage+1","Flame Barrier","Uppercut+1","Corruption+1","Bludgeon+1","Shrug It Off+1","Panacea+1","Pain"],"relics":["Burning Blood","Ancient Tea Set","Shovel","Molten Egg 2","Snecko Eye","Paper Frog","Whetstone","Torii","Anchor","Gremlin Horn","Sundial","Du-Vu Doll","Cursed Key","Toxic Egg 2","Shuriken","Ornamental Fan","Letter Opener","Bag of Preparation"],"potions_floor_usage":[29,33,50,50],"damage_taken":[{"damage":5,"enemies":"Cultist","floor":1,"turns":4},{"damage":6,"enemies":"2 Louse","floor":2,"turns":4},{"damage":2,"enemies":"Small Slimes","floor":7,"turns":3},{"damage":17,"enemies":"3 Sentries","floor":10,"turns":7},{"damage":0,"enemies":"Gremlin Gang","floor":14,"turns":1},{"damage":55,"enemies":"The Guardian","floor":16,"turns":8},{"damage":0,"enemies":"Spheric Guardian","floor":18,"turns":1},{"damage":5,"enemies":"Shell Parasite","floor":19,"turns":2},{"damage":0,"enemies":"Snecko","floor":20,"turns":2},{"damage":0,"enemies":"Centurion and Healer","floor":21,"turns":2},{"damage":14,"enemies":"Sentry and Sphere","floor":22,"turns":4},{"damage":6,"enemies":"3 Cultists","floor":27,"turns":3},{"damage":8,"enemies":"Shelled Parasite and Fungi","floor":29,"turns":2},{"damage":0,"enemies":"Slavers","floor":31,"turns":3},{"damage":1,"enemies":"Automaton","floor":33,"turns":5},{"damage":0,"enemies":"3 Shapes","floor":35,"turns":2},{"damage":0,"enemies":"3 Darklings","floor":37,"turns":3},{"damage":0,"enemies":"Jaw Worm Horde","floor":38,"turns":2},{"damage":0,"enemies":"Maw","floor":39,"turns":4},{"damage":7,"enemies":"3 Darklings","floor":48,"turns":2},{"damage":22,"enemies":"Donu and Deca","floor":50,"turns":5}],"seed_played":"5287136157189656532","potions_obtained":[{"floor":2,"key":"BloodPotion"},{"floor":16,"key":"SpeedPotion"},{"floor":22,"key":"Strength Potion"},{"floor":27,"key":"BloodPotion"},{"floor":37,"key":"SpeedPotion"},{"floor":39,"key":"Regen Potion"}],"is_trial":false,"path_per_floor":["M","M","?","?","?","R","M","?","T","E","R","?","?","M","R","B",null,"M","M","M","M","M","R","?","R","T","M","R","M","$","E","R","B",null,"M","?","M","M","M","R","?","?","T","$","R","T","?","M","R","B",null],"character_chosen":"IRONCLAD","items_purchased":["Anchor","Gremlin Horn","Corruption","Ornamental Fan"],"campfire_rested":0,"item_purchase_floors":[30,30,30,44],"current_hp_per_floor":[80,80,80,85,85,85,85,85,85,74,74,71,64,70,70,21,85,85,85,85,85,77,77,77,77,77,77,77,83,83,85,85,85,85,85,85,85,85,85,85,85,85,85,85,85,85,81,80,80,75],"gold":16,"neow_bonus":"HUNDRED_GOLD","is_prod":false,"is_daily":false,"chose_seed":false,"campfire_upgraded":5,"win_rate":0,"timestamp":1554743059,"path_taken":["M","M","?","?","?","R","?","?","T","E","R","?","?","M","R","BOSS","M","M","M","M","M","R","?","R","T","M","R","M","$","E","R","BOSS","M","?","M","M","?","R","?","?","T","$","R","?","?","M","R","BOSS"],"build_version":"2019-01-23","purchased_purges":2,"victory":true,"max_hp_per_floor":[80,80,80,85,85,85,85,85,85,85,85,85,85,85,85,85,85,85,85,85,85,85,85,85,85,85,85,85,85,85,85,85,85,85,85,85,85,85,85,85,85,85,85,85,85,85,81,81,81,81],"card_choices":[{"not_picked":["Thunderclap","Clothesline"],"picked":"Dropkick","floor":1},{"not_picked":["Wild Strike","Headbutt"],"picked":"Iron Wave","floor":2},{"not_picked":["Wild Strike","Power Through"],"picked":"Carnage","floor":7},{"not_picked":["Flex","Rampage"],"picked":"Whirlwind","floor":10},{"not_picked":["Wild Strike+1","Cleave+1"],"picked":"Iron Wave+1","floor":14},{"not_picked":["Barricade","Brutality"],"picked":"Bludgeon+1","floor":16},{"not_picked":["Cleave+1","Twin Strike+1"],"picked":"Carnage+1","floor":18},{"not_picked":["True Grit","Shrug It Off"],"picked":"Flame Barrier","floor":19},{"not_picked":["Thunderclap+1","Perfected Strike+1","Anger+1"],"picked":"SKIP","floor":20},{"not_picked":["Seeing Red","Ghostly Armor","Headbutt+1"],"picked":"SKIP","floor":21},{"not_picked":["Perfected Strike+1","Whirlwind+1"],"picked":"Uppercut+1","floor":22},{"not_picked":["Seeing Red","Clash+1","Headbutt+1"],"picked":"SKIP","floor":27},{"not_picked":["Intimidate","Burning Pact+1","Brutality"],"picked":"SKIP","floor":29},{"not_picked":["Body Slam+1","Spot Weakness+1","Hemokinesis+1"],"picked":"SKIP","floor":31},{"not_picked":["Limit Break","Impervious"],"picked":"Bludgeon+1","floor":33},{"not_picked":["Battle Trance","Fire Breathing+1","Havoc+1"],"picked":"SKIP","floor":35},{"not_picked":["Clothesline+1","Body Slam+1"],"picked":"Shrug It Off+1","floor":37},{"not_picked":["Reckless Charge+1","Thunderclap+1","Shrug It Off+1"],"picked":"SKIP","floor":38},{"not_picked":["Warcry","Anger+1","Headbutt+1"],"picked":"SKIP","floor":39},{"not_picked":["Secret Weapon+1","Impatience+1"],"picked":"Panacea+1","floor":42},{"not_picked":["Wild Strike+1","Flex+1","Clash+1"],"picked":"SKIP","floor":48}],"player_experience":1133784,"relics_obtained":[{"floor":9,"key":"Ancient Tea Set"},{"floor":10,"key":"Shovel"},{"floor":25,"key":"Paper Frog"},{"floor":26,"key":"Whetstone"},{"floor":28,"key":"Torii"},{"floor":31,"key":"Sundial"},{"floor":32,"key":"Du-Vu Doll"},{"floor":40,"key":"Toxic Egg 2"},{"floor":43,"key":"Shuriken"},{"floor":46,"key":"Letter Opener"},{"floor":49,"key":"Bag of Preparation"}],"event_choices":[{"cards_removed":["Strike_R"],"damage_healed":0,"gold_gain":0,"player_choice":"Forget","damage_taken":0,"max_hp_gain":0,"max_hp_loss":0,"event_name":"Living Wall","floor":3,"gold_loss":0},{"damage_healed":0,"gold_gain":0,"player_choice":"Donut","damage_taken":0,"max_hp_gain":5,"max_hp_loss":0,"event_name":"Big Fish","floor":4,"gold_loss":0},{"damage_healed":0,"gold_gain":0,"cards_transformed":["Strike_R"],"player_choice":"Transformed","damage_taken":0,"max_hp_gain":0,"max_hp_loss":0,"event_name":"Transmorgrifier","floor":5,"gold_loss":0,"cards_obtained":["Twin Strike"]},{"damage_healed":0,"gold_gain":0,"player_choice":"Ignored","damage_taken":0,"max_hp_gain":0,"max_hp_loss":0,"event_name":"Liars Game","floor":8,"gold_loss":0},{"damage_healed":0,"gold_gain":0,"player_choice":"Success","damage_taken":3,"relics_obtained":["Molten Egg 2"],"max_hp_gain":0,"max_hp_loss":0,"event_name":"Scrap Ooze","floor":12,"gold_loss":0},{"cards_removed":["Strike_R"],"damage_healed":0,"gold_gain":0,"player_choice":"Card Removal","damage_taken":7,"max_hp_gain":0,"max_hp_loss":0,"event_name":"Golden Wing","floor":13,"gold_loss":0},{"damage_healed":0,"gold_gain":99,"player_choice":"Stole From Cult","damage_taken":0,"max_hp_gain":0,"max_hp_loss":0,"event_name":"Nest","floor":24,"gold_loss":0},{"cards_removed":["Strike_R"],"damage_healed":0,"gold_gain":0,"player_choice":"Card Removal","damage_taken":0,"max_hp_gain":0,"max_hp_loss":0,"event_name":"Wheel of Change","floor":36,"gold_loss":0},{"damage_healed":0,"gold_gain":0,"player_choice":"Ignored","damage_taken":0,"max_hp_gain":0,"max_hp_loss":0,"event_name":"Tomb of Lord Red Mask","floor":41,"gold_loss":0},{"damage_healed":0,"gold_gain":0,"player_choice":"Memory 1","damage_taken":0,"max_hp_gain":0,"max_hp_loss":0,"event_name":"SensoryStone","floor":42,"gold_loss":0},{"damage_healed":0,"gold_gain":0,"player_choice":"Max HP","damage_taken":0,"max_hp_gain":0,"max_hp_loss":4,"event_name":"Winding Halls","floor":47,"gold_loss":0}],"is_beta":false,"boss_relics":[{"not_picked":["White Beast Statue","Astrolabe"],"picked":"Snecko Eye"},{"not_picked":["Fusion Hammer","Black Star"],"picked":"Cursed Key"}],"items_purged_floors":[30,44],"is_endless":false,"potions_floor_spawned":[2,16,22,27,37,39,48],"ascension_level":0}