{"gold_per_floor":[114,131,26,26,46,6,6,6,6,6,21,36,49,78,90,102],"floor_reached":16,"playtime":968,"items_purged":[],"score":204,"play_id":"940e632e-f845-4fc6-8ddb-2278e270a656","local_time":"20190526085711","is_ascension_mode":true,"campfire_choices":[{"data":"Flechettes","floor":7,"key":"SMITH"},{"data":"Neutralize","floor":10,"key":"SMITH"},{"floor":15,"key":"REST"}],"neow_cost":"NONE","seed_source_timestamp":1191600141621500,"circlet_count":0,"master_deck":["AscendersBane","Defend_G","Defend_G","Defend_G","Defend_G","Defend_G","Strike_G","Strike_G","Strike_G","Strike_G","Survivor","Neutralize+1","Choke","Footwork","Backflip","Dodge and Roll","PiercingWail","Flechettes+1","Crippling Poison","Infinite Blades","PiercingWail","Prepared","Cloak And Dagger","Infinite Blades"],"relics":["Ring of the Snake","The Courier","MawBank"],"potions_floor_usage":[14,16],"damage_taken":[{"damage":3,"enemies":"Jaw Worm","floor":1,"turns":4},{"damage":9,"enemies":"2 Louse","floor":2,"turns":3},{"damage":3,"enemies":"Cultist","floor":5,"turns":5},{"damage":3,"enemies":"Looter","floor":6,"turns":4},{"damage":0,"enemies":"Blue Slaver","floor":11,"turns":6},{"damage":1,"enemies":"Red Slaver","floor":12,"turns":7},{"damage":1,"enemies":"2 Fungi Beasts","floor":13,"turns":5},{"damage":31,"enemies":"Gremlin Nob","floor":14,"turns":4},{"damage":32,"enemies":"Slime Boss","floor":16,"turns":9}],"seed_played":"-5190689770080021288","potions_obtained":[{"floor":1,"key":"FearPotion"},{"floor":5,"key":"Dexterity Potion"},{"floor":14,"key":"Dexterity Potion"}],"is_trial":false,"path_per_floor":["M","M","$","?","M","M","R","?","T","R","M","M","M","E","R","B"],"character_chosen":"THE_SILENT","items_purchased":["Dodge and Roll","PiercingWail"],"campfire_rested":1,"item_purchase_floors":[3,3],"current_hp_per_floor":[56,47,47,47,44,41,41,41,41,41,41,40,39,8,27,0],"gold":102,"neow_bonus":"THREE_CARDS","is_prod":false,"is_daily":false,"chose_seed":false,"campfire_upgraded":2,"win_rate":0,"timestamp":1558850231,"path_taken":["M","M","$","?","M","M","R","?","T","R","M","?","M","E","R","BOSS"],"build_version":"2019-01-23","purchased_purges":0,"victory":false,"max_hp_per_floor":[66,66,66,66,66,66,66,66,66,66,66,66,66,66,66,66],"card_choices":[{"not_picked":["Sucker Punch","Caltrops"],"picked":"Choke","floor":0},{"not_picked":["Underhanded Strike","Flying Knee"],"picked":"Footwork","floor":1},{"not_picked":["Prepared","Eviscerate"],"picked":"Backflip","floor":2},{"not_picked":["Flying Knee","Underhanded Strike"],"picked":"Flechettes","floor":5},{"not_picked":["Sucker Punch","Prepared"],"picked":"Crippling Poison","floor":6},{"not_picked":["Distraction","Underhanded Strike"],"picked":"PiercingWail","floor":11},{"not_picked":["Masterful Stab","Finisher"],"picked":"Prepared","floor":12},{"not_picked":["Deflect","Quick Slash"],"picked":"Cloak And Dagger","floor":13},{"not_picked":["Prepared","Expertise"],"picked":"Infinite Blades","floor":14}],"player_experience":1329203,"relics_obtained":[{"floor":9,"key":"The Courier"},{"floor":14,"key":"MawBank"}],"event_choices":[{"damage_healed":0,"gold_gain":0,"player_choice":"Leave","damage_taken":0,"max_hp_gain":0,"max_hp_loss":0,"event_name":"The Cleric","floor":4,"gold_loss":0},{"damage_healed":0,"gold_gain":0,"cards_transformed":["Strike_G"],"player_choice":"Transformed","damage_taken":0,"max_hp_gain":0,"max_hp_loss":0,"event_name":"Transmorgrifier","floor":8,"gold_loss":0,"cards_obtained":["Infinite Blades"]}],"is_beta":false,"boss_relics":[],"items_purged_floors":[],"is_endless":false,"potions_floor_spawned":[1,5,11,14],"killed_by":"Slime Boss","ascension_level":20}