{"gold_per_floor":[116,130,55,65,65,65,97,97,97,109,127,138,19,19,19,115,115,133,149,67,81,104,104,24,24,48,62,73,73,88,88,88,88],"floor_reached":33,"playtime":1201,"items_purged":["Zap","Strike_B"],"score":398,"play_id":"2b155404-8502-497b-83c6-26830ffeaeaf","local_time":"20180817001819","is_ascension_mode":true,"campfire_choices":[{"data":"Hyperbeam","floor":6.0,"key":"SMITH"},{"floor":8.0,"key":"REST"},{"data":"Leap","floor":15.0,"key":"SMITH"},{"data":"Sunder","floor":23.0,"key":"SMITH"},{"data":"Seek","floor":29.0,"key":"SMITH"},{"floor":32,"key":"REST"}],"neow_cost":"TEN_PERCENT_HP_LOSS","seed_source_timestamp":125000061127576,"circlet_count":0,"master_deck":["Strike_B","Strike_B","Defend_B","Defend_B","Defend_B+1","Defend_B","Dualcast","AscendersBane","Hyperbeam+1","Genetic Algorithm","Conserve Battery+1","Sweeping Beam","Leap+1","Leap+1","Seek+1","Rebound","Streamline","Sunder+1","Rebound","Hologram+1"],"special_seed":0,"relics":["Cracked Core","The Courier","Pear","War Paint","Velvet Choker","Vajra","Omamori"],"potions_floor_usage":[30,33],"damage_taken":[{"damage":0.0,"enemies":"Cultist","floor":1.0,"turns":2.0},{"damage":0.0,"enemies":"2 Louse","floor":2.0,"turns":1.0},{"damage":11.0,"enemies":"Jaw Worm","floor":4.0,"turns":3.0},{"damage":20.0,"enemies":"Lagavulin","floor":7.0,"turns":5.0},{"damage":0.0,"enemies":"Large Slime","floor":10.0,"turns":3.0},{"damage":0.0,"enemies":"Looter","floor":11.0,"turns":1.0},{"damage":2.0,"enemies":"Red Slaver","floor":12.0,"turns":4.0},{"damage":45.0,"enemies":"Slime Boss","floor":16.0,"turns":10.0},{"damage":6.0,"enemies":"Shell Parasite","floor":18.0,"turns":8.0},{"damage":0.0,"enemies":"3 Byrds","floor":19.0,"turns":2.0},{"damage":15.0,"enemies":"Snecko","floor":21.0,"turns":4.0},{"damage":0.0,"enemies":"Cultist and Chosen","floor":27.0,"turns":4.0},{"damage":0.0,"enemies":"Snake Plant","floor":28.0,"turns":2.0},{"damage":0,"enemies":"Snecko","floor":30,"turns":3},{"damage":71,"enemies":"Champ","floor":33,"turns":10}],"seed_played":"2056761048530939956","potions_obtained":[{"floor":4.0,"key":"Block Potion"},{"floor":7.0,"key":"Poison Potion"},{"floor":12.0,"key":"LiquidBronze"},{"floor":19.0,"key":"PowerPotion"}],"is_trial":false,"path_per_floor":["M","M","$","M","?","R","E","R","T","M","M","M","$","?","R","B",null,"M","M","$","M","T","R","$","?","T","M","M","R","M","?","R"],"character_chosen":"DEFECT","items_purchased":["War Paint","Streamline","Sunder"],"campfire_rested":2,"item_purchase_floors":[13,20,20],"current_hp_per_floor":[68,68,68,57,57,57,37,57,67,67,67,65,65,65,65,20,64,58,58,58,43,43,43,43,43,43,43,43,43,43,43,66,0],"gold":88,"neow_bonus":"THREE_RARE_CARDS","is_prod":false,"is_daily":false,"chose_seed":false,"campfire_upgraded":4,"win_rate":0,"timestamp":1534432699,"path_taken":["M","?","?","?","?","R","E","R","T","M","M","M","$","?","R","BOSS","M","M","$","M","?","R","$","?","T","?","?","R","M","?","R","BOSS"],"build_version":"2018-08-09","purchased_purges":2,"victory":false,"max_hp_per_floor":[68,68,68,68,68,68,68,68,78,78,78,78,78,78,78,78,78,78,78,78,78,78,78,78,78,78,78,78,78,78,78,78,78],"card_choices":[{"not_picked":["Echo Form","Core Surge"],"picked":"Hyperbeam","floor":0.0},{"not_picked":["Sweeping Beam","Glacier","Stack"],"picked":"SKIP","floor":1.0},{"not_picked":["Static Discharge","Hologram"],"picked":"Genetic Algorithm","floor":2.0},{"not_picked":["Steam","Defragment"],"picked":"Conserve Battery","floor":4.0},{"not_picked":["Ball Lightning","Heatsinks","Fission"],"picked":"SKIP","floor":7.0},{"not_picked":["Barrage","Reprogram"],"picked":"Sweeping Beam","floor":10.0},{"not_picked":["Coolheaded","Hello World"],"picked":"Leap","floor":11.0},{"not_picked":["Turbo","Coolheaded"],"picked":"Leap","floor":12.0},{"not_picked":["Thunder Strike","Biased Cognition"],"picked":"Seek","floor":16.0},{"not_picked":["Hello World","Hologram"],"picked":"Rebound","floor":18.0},{"not_picked":["Steam","Beam Cell","Barrage"],"picked":"SKIP","floor":19.0},{"not_picked":["Barrage","Reprogram"],"picked":"Rebound","floor":21.0},{"not_picked":["Scrape","Turbo"],"picked":"Hologram+1","floor":27.0},{"not_picked":["Doom and Gloom","Streamline","Go for the Eyes"],"picked":"SKIP","floor":28.0},{"not_picked":["Scrape","Core Surge","Rebound"],"picked":"SKIP","floor":30}],"player_experience":233005,"relics_obtained":[{"floor":7.0,"key":"The Courier"},{"floor":9.0,"key":"Pear"},{"floor":22.0,"key":"Vajra"},{"floor":26.0,"key":"Omamori"}],"event_choices":[{"event_name":"Living Wall","player_choice":"Grow","floor":5.0,"damage_taken":0.0},{"event_name":"Liars Game","player_choice":"disagreed","floor":14.0,"damage_taken":0.0},{"event_name":"Back to Basics","player_choice":"Elegance","floor":25.0,"damage_taken":0.0},{"event_name":"Ghosts","player_choice":"Ignored","floor":31,"damage_taken":0}],"is_beta":false,"boss_relics":[{"not_picked":["Fusion Hammer","Runic Pyramid"],"picked":"Velvet Choker"}],"items_purged_floors":[3,24],"is_endless":false,"potions_floor_spawned":[4,7,12,19,27,28],"killed_by":"Champ","ascension_level":12}