{"gold_per_floor":[112,112,112,112,129,129,146,158,158,158,174,186,248,258,258,354,354,372,388,24,24,41,41,58,58,58,112,129,29,46,64,64,161,161,181,196,206,225,237,237,23,42,42,61,84,98,118,129,129,129],"floor_reached":51,"playtime":5153,"items_purged":["Defend_B","Defend_B"],"score":603,"play_id":"46c5b846-0f75-4f91-b0d5-0bb8b86e394f","local_time":"20180804135250","is_ascension_mode":false,"campfire_choices":[{"data":"Dualcast","floor":6,"key":"SMITH"},{"data":"Static Discharge","floor":10,"key":"SMITH"},{"floor":15,"key":"REST"},{"data":"Leap","floor":23,"key":"SMITH"},{"data":"Scrape","floor":32,"key":"SMITH"},{"floor":40,"key":"REST"},{"data":"Skim","floor":49,"key":"SMITH"}],"neow_cost":"NONE","seed_source_timestamp":780260475633099,"circlet_count":0,"master_deck":["Strike_B","Strike_B","Strike_B","Strike_B","Defend_B","Defend_B","Zap+1","Dualcast+1","All For One","Leap+1","Sweeping Beam","Static Discharge+1","Go for the Eyes","Scrape+1","Gash","Creative AI","Self Repair","Gash","Rebound","Skim+1","Steam+1","Double Energy+1","Conserve Battery+1","Gash","Panache","Melter+1","Doom and Gloom+1","Heatsinks+1","Static Discharge+1"],"relics":["Cracked Core","Mummified Hand","Strawberry","Matryoshka","Bag of Preparation","Busted Crown","Ornamental Fan","Bag of Marbles","Meat on the Bone","Pantograph","Vajra","Inserter","Ginger","Ancient Tea Set"],"potions_floor_usage":[15,16,33,33,33,39,50,50],"damage_taken":[{"damage":1,"enemies":"Cultist","floor":1,"turns":4},{"damage":0,"enemies":"Small Slimes","floor":5,"turns":2},{"damage":3,"enemies":"2 Louse","floor":7,"turns":2},{"damage":0,"enemies":"Looter","floor":8,"turns":2},{"damage":4,"enemies":"2 Fungi Beasts","floor":11,"turns":3},{"damage":6,"enemies":"Exordium Wildlife","floor":12,"turns":3},{"damage":5,"enemies":"3 Sentries","floor":13,"turns":3},{"damage":7,"enemies":"Exordium Thugs","floor":14,"turns":4},{"damage":26,"enemies":"Slime Boss","floor":16,"turns":8},{"damage":5,"enemies":"Spheric Guardian","floor":18,"turns":3},{"damage":0,"enemies":"Chosen","floor":19,"turns":4},{"damage":13,"enemies":"3 Cultists","floor":22,"turns":3},{"damage":0,"enemies":"Sentry and Sphere","floor":24,"turns":3},{"damage":0,"enemies":"Snecko","floor":28,"turns":3},{"damage":4,"enemies":"Cultist and Chosen","floor":30,"turns":4},{"damage":20,"enemies":"Slaver and Parasite","floor":31,"turns":3},{"damage":39,"enemies":"Champ","floor":33,"turns":8},{"damage":13,"enemies":"3 Shapes","floor":35,"turns":2},{"damage":9,"enemies":"Flame Bruiser 1 Orb","floor":36,"turns":5},{"damage":31,"enemies":"Sphere and 2 Shapes","floor":37,"turns":4},{"damage":19,"enemies":"3 Darklings","floor":38,"turns":3},{"damage":33,"enemies":"Transient","floor":39,"turns":5},{"damage":0,"enemies":"4 Shapes","floor":42,"turns":2},{"damage":3,"enemies":"Spire Growth","floor":44,"turns":4},{"damage":0,"enemies":"Sphere and 2 Shapes","floor":46,"turns":2},{"damage":0,"enemies":"4 Shapes","floor":47,"turns":4},{"damage":8,"enemies":"Maw","floor":48,"turns":5},{"damage":51,"enemies":"Donu and Deca","floor":50,"turns":7}],"seed_played":"6814486735991710470","potions_obtained":[{"floor":5,"key":"Fruit Juice"},{"floor":11,"key":"Weak Potion"},{"floor":13,"key":"Explosive Potion"},{"floor":28,"key":"Strength Potion"},{"floor":31,"key":"SkillPotion"},{"floor":33,"key":"SkillPotion"},{"floor":35,"key":"AttackPotion"},{"floor":42,"key":"Weak Potion"},{"floor":44,"key":"Block Potion"}],"is_trial":false,"path_per_floor":["M","T","?","?","M","R","M","M","T","R","M","M","?","M","R","B",null,"M","M","$","?","M","R","M","?","T","T","M","$","M","M","R","B",null,"M","M","M","M","M","R","$","M","T","M","T","M","M","M","R","B"],"character_chosen":"DEFECT","items_purchased":["Ornamental Fan","Gash","Gash","Panache"],"campfire_rested":2,"item_purchase_floors":[20,20,41,41],"current_hp_per_floor":[74,74,74,74,74,74,71,71,71,71,67,61,56,49,80,54,87,82,82,82,82,76,76,83,83,83,83,83,83,86,73,73,55,87,81,79,55,48,34,60,60,67,67,71,71,71,78,77,77,55],"gold":129,"neow_bonus":"ONE_RANDOM_RARE_CARD","is_prod":false,"is_daily":false,"chose_seed":false,"campfire_upgraded":5,"win_rate":0,"timestamp":1533358370,"path_taken":["M","?","?","?","M","R","M","M","T","R","M","?","?","?","R","BOSS","M","M","$","?","M","R","M","?","T","?","M","$","M","M","R","BOSS","M","M","M","M","M","R","$","M","T","M","?","?","M","M","R","BOSS"],"build_version":"2018-08-02","purchased_purges":2,"victory":true,"max_hp_per_floor":[75,75,82,82,82,82,82,82,82,82,82,82,82,82,87,87,87,87,87,87,87,87,87,87,87,87,87,87,87,87,87,87,87,87,87,87,87,87,87,87,87,87,87,87,87,87,87,87,87,87],"card_choices":[{"not_picked":["Cold Snap","Steam"],"picked":"Leap","floor":1},{"not_picked":["Leap","Blizzard"],"picked":"Sweeping Beam","floor":5},{"not_picked":["Streamline","Go for the Eyes"],"picked":"Static Discharge","floor":7},{"not_picked":["Self Repair","Turbo"],"picked":"Go for the Eyes","floor":8},{"not_picked":["Compile Driver","Steam","Double Energy"],"picked":"SKIP","floor":11},{"not_picked":["Sweeping Beam","Aggregate"],"picked":"Scrape","floor":12},{"not_picked":["Ball Lightning","Meteor Strike"],"picked":"Gash","floor":14},{"not_picked":["Reboot","Multi-Cast"],"picked":"Creative AI","floor":16},{"not_picked":["Streamline"],"picked":"SKIP","floor":18},{"not_picked":[],"picked":"Self Repair","floor":19},{"not_picked":["Redo"],"picked":"SKIP","floor":22},{"not_picked":[],"picked":"Rebound","floor":24},{"not_picked":["Reprogram"],"picked":"SKIP","floor":28},{"not_picked":["Tempest"],"picked":"SKIP","floor":30},{"not_picked":["Compile Driver"],"picked":"SKIP","floor":31},{"not_picked":[],"picked":"Skim","floor":35},{"not_picked":[],"picked":"Steam+1","floor":36},{"not_picked":[],"picked":"Double Energy+1","floor":37},{"not_picked":[],"picked":"Conserve Battery+1","floor":38},{"not_picked":["Compile Driver+1"],"picked":"SKIP","floor":39},{"not_picked":[],"picked":"Melter+1","floor":42},{"not_picked":[],"picked":"Doom and Gloom+1","floor":44},{"not_picked":[],"picked":"Heatsinks+1","floor":46},{"not_picked":["Aggregate"],"picked":"SKIP","floor":47},{"not_picked":[],"picked":"Static Discharge+1","floor":48}],"player_experience":100290,"relics_obtained":[{"floor":2,"key":"Mummified Hand"},{"floor":9,"key":"Matryoshka"},{"floor":13,"key":"Bag of Preparation"},{"floor":26,"key":"Bag of Marbles"},{"floor":26,"key":"Meat on the Bone"},{"floor":27,"key":"Pantograph"},{"floor":27,"key":"Vajra"},{"floor":43,"key":"Ginger"},{"floor":45,"key":"Ancient Tea Set"}],"event_choices":[{"event_name":"Scrap Ooze","player_choice":"success","floor":3,"damage_taken":7},{"event_name":"Living Wall","player_choice":"Grow","floor":4,"damage_taken":0},{"event_name":"Dead Adventurer","player_choice":"Searched \u00272\u0027 times","floor":13,"damage_taken":0},{"event_name":"Drug Dealer","player_choice":"Ignored","floor":21,"damage_taken":0},{"event_name":"Match and Keep!","player_choice":"0 cards matched","floor":25,"damage_taken":0}],"is_beta":false,"boss_relics":[{"not_picked":["Velvet Choker","Coffee Dripper"],"picked":"Busted Crown"},{"not_picked":["Astrolabe","Black Star"],"picked":"Inserter"}],"items_purged_floors":[20,29],"is_endless":false,"potions_floor_spawned":[5,11,13,28,31,33,35,42,44,47],"ascension_level":0}