{"gold_per_floor":[112,112,13,13,29,58,58,23,23,23,33,33,48,67,67,67],"floor_reached":16,"playtime":535,"items_purged":[],"score":190,"play_id":"082cfdf4-79eb-47d2-95ca-7b470bc80e7c","local_time":"20190918205434","is_ascension_mode":true,"campfire_choices":[{"floor":7.0,"key":"REST"},{"data":"Glacier","floor":12.0,"key":"SMITH"},{"data":"Go for the Eyes","floor":15,"key":"SMITH"}],"neow_cost":"NONE","seed_source_timestamp":415291261787200,"circlet_count":0,"master_deck":["AscendersBane","Strike_B","Strike_B","Strike_B","Defend_B","Defend_B","Defend_B","Defend_B","Zap+1","Dualcast","Rebound","Glacier+1","Sweeping Beam","Capacitor","Go for the Eyes+1","Beam Cell+1","Loop"],"special_seed":0,"relics":["Cracked Core","Singing Bowl","Letter Opener","Molten Egg 2"],"potions_floor_usage":[],"damage_taken":[{"damage":8.0,"enemies":"Small Slimes","floor":1.0,"turns":5.0},{"damage":1.0,"enemies":"Jaw Worm","floor":5.0,"turns":3.0},{"damage":24.0,"enemies":"3 Sentries","floor":6.0,"turns":7.0},{"damage":2.0,"enemies":"2 Louse","floor":11.0,"turns":2.0},{"damage":19,"enemies":"Lots of Slimes","floor":13,"turns":4},{"damage":8,"enemies":"2 Fungi Beasts","floor":14,"turns":3},{"damage":17,"enemies":"Hexaghost","floor":16,"turns":10}],"seed_played":"-8498903413720641764","potions_obtained":[{"floor":6.0,"key":"Block Potion"},{"floor":13,"key":"Dexterity Potion"}],"is_trial":false,"path_per_floor":["M","?","$","?","M","E","R","?","T","$","M","R","M","M","R","B"],"character_chosen":"DEFECT","items_purchased":["Glacier","Sweeping Beam"],"campfire_rested":1,"item_purchase_floors":[3,3],"current_hp_per_floor":[56,56,56,30,29,5,26,43,43,43,41,41,22,16,16,0],"gold":67,"neow_bonus":"REMOVE_CARD","is_prod":false,"is_daily":false,"chose_seed":false,"campfire_upgraded":2,"win_rate":0,"timestamp":1568807674,"path_taken":["M","?","$","?","M","E","R","?","T","?","M","R","M","M","R","BOSS"],"build_version":"2019-07-17","purchased_purges":0,"victory":false,"max_hp_per_floor":[71,71,71,71,71,71,71,71,71,71,71,71,71,73,73,73],"card_choices":[{"not_picked":["Tempest","Redo"],"picked":"Rebound","floor":1.0},{"not_picked":["Heatsinks","Sweeping Beam"],"picked":"Capacitor","floor":5.0},{"not_picked":["Doom and Gloom","Gash"],"picked":"Go for the Eyes","floor":6.0},{"not_picked":["Barrage+1","Leap"],"picked":"Beam Cell+1","floor":11.0},{"not_picked":["Tempest","Darkness"],"picked":"Loop","floor":13},{"not_picked":["Hologram","Reinforced Body","Turbo"],"picked":"Singing Bowl","floor":14}],"player_experience":412265,"relics_obtained":[{"floor":6.0,"key":"Letter Opener"},{"floor":9.0,"key":"Molten Egg 2"}],"event_choices":[{"damage_healed":0.0,"max_hp_gain":0.0,"max_hp_loss":0.0,"gold_gain":0.0,"event_name":"Living Wall","player_choice":"Grow","floor":2.0,"gold_loss":0.0,"damage_taken":0.0,"cards_upgraded":["Zap"]},{"damage_healed":0.0,"max_hp_gain":0.0,"max_hp_loss":0.0,"gold_gain":0.0,"event_name":"Scrap Ooze","player_choice":"Success","floor":4.0,"gold_loss":0.0,"damage_taken":26.0,"relics_obtained":["Singing Bowl"]},{"damage_healed":17.0,"max_hp_gain":0.0,"max_hp_loss":0.0,"gold_gain":0.0,"event_name":"The Cleric","player_choice":"Healed","floor":8.0,"gold_loss":35.0,"damage_taken":0.0}],"is_beta":false,"boss_relics":[],"items_purged_floors":[],"is_endless":false,"potions_floor_spawned":[6,13],"killed_by":"Hexaghost","ascension_level":18}