{"gold_per_floor":[116,116,41,13,29,29,56,56,56,56,56,71,90,118,118,196,196,208,208,224,242,22,22],"floor_reached":23,"playtime":1126,"items_purged":[],"score":448,"play_id":"b1cbf4da-cc5b-4d04-a300-e56767160eb5","local_time":"20190321115013","is_ascension_mode":true,"campfire_choices":[{"data":"Uppercut","floor":6,"key":"SMITH"},{"data":"Bash","floor":10,"key":"SMITH"},{"data":"Pommel Strike","floor":15,"key":"SMITH"}],"neow_cost":"NONE","seed_source_timestamp":263198179219500,"circlet_count":0,"master_deck":["AscendersBane","Strike_R","Strike_R","Strike_R+1","Defend_R","Defend_R","Defend_R+1","Defend_R","Bash+1","Iron Wave","Headbutt","Uppercut+1","Pommel Strike+1","Shockwave","Reaper","Corruption","Rage","Anger"],"relics":["Burning Blood","NeowsBlessing","Art of War","Shuriken","Du-Vu Doll","Potion Belt","Runic Pyramid","Nilry\u0027s Codex","Strange Spoon"],"potions_floor_usage":[14,16,18,20,23],"damage_taken":[{"damage":0,"enemies":"Jaw Worm","floor":1,"turns":1},{"damage":0,"enemies":"2 Louse","floor":5,"turns":1},{"damage":0,"enemies":"Lagavulin","floor":7,"turns":1},{"damage":4,"enemies":"Small Slimes","floor":12,"turns":3},{"damage":6,"enemies":"3 Louse","floor":13,"turns":5},{"damage":1,"enemies":"Gremlin Nob","floor":14,"turns":3},{"damage":53,"enemies":"Slime Boss","floor":16,"turns":11},{"damage":15,"enemies":"3 Byrds","floor":18,"turns":2},{"damage":19,"enemies":"Shell Parasite","floor":20,"turns":5},{"damage":26,"enemies":"Snecko","floor":21,"turns":7},{"damage":36,"enemies":"Shelled Parasite and Fungi","floor":23,"turns":3}],"seed_played":"-8891428376065979540","potions_obtained":[{"floor":7,"key":"LiquidBronze"},{"floor":13,"key":"Poison Potion"},{"floor":14,"key":"Poison Potion"},{"floor":18,"key":"BloodPotion"},{"floor":20,"key":"SpeedPotion"},{"floor":21,"key":"LiquidBronze"}],"is_trial":false,"path_per_floor":["M","?","?","$","M","R","E","?","T","R","?","M","M","E","R","B",null,"M","?","M","M","$","M"],"character_chosen":"IRONCLAD","items_purchased":["Headbutt","Strange Spoon"],"campfire_rested":0,"item_purchase_floors":[4,22],"current_hp_per_floor":[74,74,74,74,75,75,75,52,52,52,52,54,54,59,59,12,59,56,35,38,23,23,0],"gold":22,"neow_bonus":"THREE_ENEMY_KILL","is_prod":false,"is_daily":false,"chose_seed":false,"campfire_upgraded":3,"win_rate":0,"timestamp":1553158213,"path_taken":["M","?","?","?","M","R","E","?","T","R","?","M","?","E","R","BOSS","M","?","M","M","$","M"],"build_version":"2019-01-23","purchased_purges":0,"victory":false,"max_hp_per_floor":[75,75,75,75,75,75,75,75,75,75,75,75,75,75,75,75,75,75,75,75,75,75,75],"card_choices":[{"not_picked":["Havoc","Body Slam"],"picked":"Iron Wave","floor":1},{"not_picked":["Pommel Strike","Second Wind"],"picked":"Uppercut","floor":5},{"not_picked":["Brutality","Cleave"],"picked":"Pommel Strike","floor":7},{"not_picked":["Flame Barrier","Hemokinesis"],"picked":"Shockwave","floor":12},{"not_picked":["Inflame","Clothesline","Shockwave"],"picked":"SKIP","floor":13},{"not_picked":["Clothesline","Clash","Entrench"],"picked":"SKIP","floor":14},{"not_picked":["Bludgeon","Barricade"],"picked":"Reaper","floor":16},{"not_picked":["Warcry","Pummel"],"picked":"Corruption","floor":18},{"not_picked":["True Grit","Thunderclap"],"picked":"Rage","floor":20},{"not_picked":["Thunderclap+1","Rampage"],"picked":"Anger","floor":21}],"player_experience":976691,"relics_obtained":[{"floor":7,"key":"Art of War"},{"floor":9,"key":"Shuriken"},{"floor":14,"key":"Potion Belt"},{"floor":19,"key":"Nilry\u0027s Codex"}],"event_choices":[{"cards_removed":["Strike_R"],"damage_healed":0,"gold_gain":0,"player_choice":"Forget","damage_taken":0,"max_hp_gain":0,"max_hp_loss":0,"event_name":"Living Wall","floor":2,"gold_loss":0},{"cards_removed":["Strike_R"],"damage_healed":0,"gold_gain":0,"player_choice":"Card Removal","damage_taken":0,"max_hp_gain":0,"max_hp_loss":0,"event_name":"The Cleric","floor":3,"gold_loss":75},{"damage_healed":0,"gold_gain":0,"player_choice":"Entered Light","damage_taken":23,"max_hp_gain":0,"max_hp_loss":0,"event_name":"Shining Light","floor":8,"gold_loss":0,"cards_upgraded":["Defend_R","Strike_R"]},{"damage_healed":0,"gold_gain":0,"player_choice":"Searched \u00271\u0027 times","damage_taken":0,"relics_obtained":["Du-Vu Doll"],"max_hp_gain":0,"max_hp_loss":0,"event_name":"Dead Adventurer","floor":11,"gold_loss":0},{"damage_healed":0,"gold_gain":0,"player_choice":"Obtained Book","damage_taken":21,"max_hp_gain":0,"max_hp_loss":0,"event_name":"Cursed Tome","floor":19,"gold_loss":0}],"is_beta":false,"boss_relics":[{"not_picked":["Pandora\u0027s Box","Black Star"],"picked":"Runic Pyramid"}],"items_purged_floors":[],"is_endless":false,"potions_floor_spawned":[7,13,14,18,20,21],"killed_by":"Shelled Parasite and Fungi","ascension_level":20}