{"gold_per_floor":[110,110,123,123,48,82,82,112,138,138,151,151,163,66,66,142,142,153,169,219,319,244,271,271,298,347,357,370,44,62,72,72,72],"floor_reached":33,"playtime":1610,"items_purged":["Strike_R"],"score":590,"play_id":"b78951bc-7653-4c09-96da-b171c490049c","local_time":"20190328204330","is_ascension_mode":true,"campfire_choices":[{"floor":7,"key":"REST"},{"data":"Offering","floor":10,"key":"SMITH"},{"data":"Flame Barrier","floor":12,"key":"SMITH"},{"data":"Flex","floor":15,"key":"SMITH"},{"floor":24,"key":"REST"},{"floor":32,"key":"REST"}],"neow_cost":"NONE","seed_source_timestamp":899558429536300,"circlet_count":0,"master_deck":["AscendersBane","Strike_R","Strike_R","Defend_R","Defend_R+1","Defend_R+1","Defend_R","Bash+1","Headbutt","Thunderclap","Shrug It Off","Offering+1","Flame Barrier+1","Iron Wave","Flex+1","Iron Wave","Flame Barrier","Bludgeon","Shrug It Off","Iron Wave","Demon Form","Shrug It Off","Thunderclap","Disarm"],"relics":["Burning Blood","Lantern","Strawberry","Prayer Wheel","Pen Nib","Busted Crown","Pocketwatch","Letter Opener","War Paint","Bird Faced Urn","Happy Flower"],"potions_floor_usage":[8,16,21,33,33],"damage_taken":[{"damage":2,"enemies":"2 Louse","floor":1,"turns":4},{"damage":2,"enemies":"Small Slimes","floor":3,"turns":3},{"damage":40,"enemies":"3 Sentries","floor":6,"turns":8},{"damage":17,"enemies":"Lagavulin","floor":8,"turns":5},{"damage":6,"enemies":"Jaw Worm","floor":11,"turns":2},{"damage":6,"enemies":"Large Slime","floor":13,"turns":5},{"damage":9,"enemies":"The Guardian","floor":16,"turns":13},{"damage":7,"enemies":"2 Thieves","floor":18,"turns":2},{"damage":6,"enemies":"Shell Parasite","floor":19,"turns":1},{"damage":10,"enemies":"Colosseum Slavers","floor":21,"turns":4},{"damage":16,"enemies":"Colosseum Nobs","floor":21,"turns":4},{"damage":68,"enemies":"Gremlin Leader","floor":23,"turns":6},{"damage":8,"enemies":"Book of Stabbing","floor":25,"turns":3},{"damage":10,"enemies":"3 Cultists","floor":27,"turns":4},{"damage":19,"enemies":"Cultist and Chosen","floor":28,"turns":5},{"damage":6,"enemies":"Snake Plant","floor":30,"turns":5},{"damage":7,"enemies":"3 Cultists","floor":31,"turns":4},{"damage":70,"enemies":"Collector","floor":33,"turns":9}],"seed_played":"3144791563482395302","potions_obtained":[{"floor":6,"key":"PowerPotion"},{"floor":8,"key":"SpeedPotion"},{"floor":11,"key":"BloodPotion"},{"floor":18,"key":"BloodPotion"},{"floor":19,"key":"Regen Potion"},{"floor":25,"key":"SteroidPotion"},{"floor":31,"key":"AttackPotion"}],"is_trial":false,"path_per_floor":["M","?","M","?","?","E","R","E","T","R","M","R","M","$","R","B",null,"M","M","?","?","?","E","R","E","T","M","M","$","M","M","R","B"],"character_chosen":"IRONCLAD","items_purchased":["Iron Wave","Flame Barrier","Demon Form","Shrug It Off","Thunderclap"],"campfire_rested":3,"item_purchase_floors":[14,14,29,29,29],"current_hp_per_floor":[72,67,71,71,71,44,68,57,57,57,57,57,57,57,57,62,77,76,76,76,70,70,8,32,30,30,26,13,13,13,12,36,0],"gold":72,"neow_bonus":"UPGRADE_CARD","is_prod":false,"is_daily":false,"chose_seed":false,"campfire_upgraded":3,"win_rate":0,"timestamp":1553795010,"path_taken":["M","?","M","?","?","E","R","E","T","R","?","R","M","$","R","BOSS","M","M","?","?","?","E","R","E","T","M","M","$","?","M","R","BOSS"],"build_version":"2019-01-23","purchased_purges":1,"victory":false,"max_hp_per_floor":[75,75,75,75,75,82,82,82,82,82,82,82,82,82,82,82,82,82,82,82,82,82,82,82,82,82,82,82,82,82,82,82,82],"card_choices":[{"not_picked":["Cleave","Shockwave"],"picked":"Headbutt","floor":1},{"not_picked":["Cleave","Rupture"],"picked":"Thunderclap","floor":3},{"not_picked":["Blood for Blood","Havoc"],"picked":"Shrug It Off","floor":6},{"not_picked":["Twin Strike","Perfected Strike"],"picked":"Offering","floor":8},{"not_picked":["Power Through","Headbutt"],"picked":"Flame Barrier","floor":11},{"not_picked":["Cleave","Heavy Blade","Second Wind"],"picked":"SKIP","floor":11},{"not_picked":["Blood for Blood","Combust"],"picked":"Iron Wave","floor":13},{"not_picked":["Pummel","Wild Strike"],"picked":"Flex","floor":13},{"not_picked":["Offering","Brutality"],"picked":"Bludgeon","floor":16},{"not_picked":["Feel No Pain"],"picked":"SKIP","floor":18},{"not_picked":["Havoc"],"picked":"SKIP","floor":18},{"not_picked":["Cleave"],"picked":"SKIP","floor":19},{"not_picked":["Sever Soul"],"picked":"SKIP","floor":19},{"not_picked":["Wild Strike"],"picked":"SKIP","floor":23},{"not_picked":["Clothesline"],"picked":"SKIP","floor":25},{"not_picked":[],"picked":"Shrug It Off","floor":27},{"not_picked":["Clash+1"],"picked":"SKIP","floor":27},{"not_picked":[],"picked":"Iron Wave","floor":28},{"not_picked":["Clash"],"picked":"SKIP","floor":28},{"not_picked":["Dual Wield"],"picked":"SKIP","floor":30},{"not_picked":["Second Wind"],"picked":"SKIP","floor":30},{"not_picked":[],"picked":"Disarm","floor":31},{"not_picked":["Pommel Strike"],"picked":"SKIP","floor":31}],"player_experience":1052329,"relics_obtained":[{"floor":6,"key":"Strawberry"},{"floor":8,"key":"Prayer Wheel"},{"floor":9,"key":"Pen Nib"},{"floor":21,"key":"Pocketwatch"},{"floor":21,"key":"Letter Opener"},{"floor":23,"key":"War Paint"},{"floor":25,"key":"Bird Faced Urn"},{"floor":26,"key":"Happy Flower"}],"event_choices":[{"damage_healed":0,"gold_gain":0,"player_choice":"Success","damage_taken":5,"relics_obtained":["Lantern"],"max_hp_gain":0,"max_hp_loss":0,"event_name":"Scrap Ooze","floor":2,"gold_loss":0},{"damage_healed":0,"gold_gain":0,"player_choice":"Ignored","damage_taken":0,"max_hp_gain":0,"max_hp_loss":0,"event_name":"Liars Game","floor":4,"gold_loss":0},{"cards_removed":["Strike_R"],"damage_healed":0,"gold_gain":0,"player_choice":"Card Removal","damage_taken":0,"max_hp_gain":0,"max_hp_loss":0,"event_name":"The Cleric","floor":5,"gold_loss":75},{"damage_healed":0,"gold_gain":50,"player_choice":"Stole From Cult","damage_taken":0,"max_hp_gain":0,"max_hp_loss":0,"event_name":"Nest","floor":20,"gold_loss":0},{"damage_healed":0,"gold_gain":0,"player_choice":"Fight","damage_taken":0,"max_hp_gain":0,"max_hp_loss":0,"event_name":"Colosseum","floor":21,"gold_loss":0},{"damage_healed":0,"gold_gain":0,"player_choice":"Fought Nobs","damage_taken":0,"max_hp_gain":0,"max_hp_loss":0,"event_name":"Colosseum","floor":21,"gold_loss":0},{"cards_removed":["Strike_R"],"damage_healed":0,"gold_gain":0,"player_choice":"Gave Gold","damage_taken":0,"max_hp_gain":0,"max_hp_loss":0,"event_name":"Beggar","floor":22,"gold_loss":75}],"is_beta":false,"boss_relics":[{"not_picked":["Pandora\u0027s Box","Empty Cage"],"picked":"Busted Crown"}],"items_purged_floors":[29],"is_endless":false,"potions_floor_spawned":[6,8,11,18,19,25,28,31],"killed_by":"Collector","ascension_level":20}