{"gold_per_floor":[16,36,36,54,69,69,104,116,116,116,151,151,226,239,239,340,340,354,354,364,380,148,148,175,175,199,210,28,44,76,76,76,176,176,196,215,215,8,8,57,57,86,86,119,119,32,32,48,48,48,48,48,18,44,44],"floor_reached":55,"playtime":4942,"items_purged":["Strike_B","Strike_B","Strike_B","Strike_B"],"score":812,"play_id":"020116e5-4391-4b36-8413-5b2db9885ff2","local_time":"20190723023629","is_ascension_mode":true,"campfire_choices":[{"data":"Zap","floor":6,"key":"SMITH"},{"data":"Barrage","floor":10,"key":"SMITH"},{"data":"Defragment","floor":12,"key":"SMITH"},{"floor":15,"key":"REST"},{"data":"Machine Learning","floor":23,"key":"SMITH"},{"data":"Conserve Battery","floor":25,"key":"SMITH"},{"floor":32,"key":"REST"},{"data":"Buffer","floor":41,"key":"SMITH"},{"data":"Sunder","floor":45,"key":"SMITH"},{"floor":47,"key":"RECALL"},{"floor":49,"key":"REST"},{"data":"Ball Lightning","floor":52,"key":"SMITH"}],"neow_cost":"NO_GOLD","seed_source_timestamp":52403073557239,"circlet_count":0,"master_deck":["Defend_B","Defend_B","Defend_B","Defend_B","Zap+1","Dualcast","Ball Lightning+1","Steam","Barrage+1","Conserve Battery+1","Gash","Conserve Battery+1","Defragment+1","Coolheaded+1","Machine Learning+1","Tempest+1","Defragment+1","Rebound","Reprogram+1","Static Discharge+1","Sunder+1","Conserve Battery+1","Buffer+1","Cold Snap+1","Auto Shields+1","Hologram+1","Gash","Blizzard","Cold Snap+1"],"relics":["Cracked Core","Gambling Chip","Toxic Egg 2","Mercury Hourglass","Du-Vu Doll","Velvet Choker","Centennial Puzzle","Ornamental Fan","Bag of Preparation","Busted Crown","Emotion Chip","Regal Pillow","The Courier","Smiling Mask","Art of War"],"potions_floor_usage":[7,11,36,40,50,54],"damage_taken":[{"damage":0,"enemies":"Cultist","floor":1,"turns":4},{"damage":0,"enemies":"Small Slimes","floor":2,"turns":2},{"damage":1,"enemies":"2 Louse","floor":4,"turns":2},{"damage":7,"enemies":"Large Slime","floor":5,"turns":4},{"damage":11,"enemies":"3 Sentries","floor":7,"turns":5},{"damage":1,"enemies":"Red Slaver","floor":8,"turns":3},{"damage":1,"enemies":"Gremlin Nob","floor":11,"turns":3},{"damage":1,"enemies":"Exordium Thugs","floor":14,"turns":3},{"damage":3,"enemies":"Slime Boss","floor":16,"turns":8},{"damage":1,"enemies":"Shell Parasite","floor":18,"turns":4},{"damage":0,"enemies":"Chosen","floor":20,"turns":3},{"damage":2,"enemies":"Snake Plant","floor":21,"turns":4},{"damage":12,"enemies":"Book of Stabbing","floor":24,"turns":4},{"damage":0,"enemies":"Snecko","floor":27,"turns":2},{"damage":12,"enemies":"Shelled Parasite and Fungi","floor":29,"turns":4},{"damage":28,"enemies":"Slavers","floor":30,"turns":4},{"damage":33,"enemies":"Collector","floor":33,"turns":9},{"damage":0,"enemies":"3 Shapes","floor":35,"turns":3},{"damage":9,"enemies":"3 Darklings","floor":36,"turns":4},{"damage":16,"enemies":"2 Orb Walkers","floor":40,"turns":5},{"damage":0,"enemies":"Reptomancer","floor":42,"turns":8},{"damage":0,"enemies":"Nemesis","floor":44,"turns":7},{"damage":0,"enemies":"4 Shapes","floor":48,"turns":3},{"damage":70,"enemies":"Awakened One","floor":50,"turns":10},{"damage":7,"enemies":"Shield and Spear","floor":54,"turns":9},{"damage":70,"enemies":"The Heart","floor":55,"turns":3}],"seed_played":"762781913828824041","potions_obtained":[{"floor":4,"key":"FocusPotion"},{"floor":7,"key":"AttackPotion"},{"floor":14,"key":"Weak Potion"},{"floor":16,"key":"Swift Potion"},{"floor":18,"key":"Strength Potion"},{"floor":21,"key":"Dexterity Potion"},{"floor":36,"key":"Fruit Juice"},{"floor":40,"key":"PowerPotion"}],"is_trial":false,"path_per_floor":["M","M","?","M","M","R","E","M","T","R","E","R","?","M","R","B",null,"M","?","M","M","$","R","E","R","T","M","$","M","E","?","R","B",null,"M","M","?","$","?","?","R","E","T","E","R","$","R","M","R","B",null,"R","$","E","B"],"character_chosen":"DEFECT","items_purchased":["Centennial Puzzle","Sunder","Conserve Battery+1","Auto Shields+1","Gash","Blizzard"],"campfire_rested":3,"item_purchase_floors":[22,28,28,38,46,53],"current_hp_per_floor":[75,75,75,74,67,67,56,55,55,55,54,54,43,42,64,61,75,74,74,74,72,72,72,60,60,60,60,60,48,20,20,42,9,75,75,71,71,71,71,55,55,55,55,55,55,55,55,55,76,6,76,76,76,69,0],"gold":44,"neow_bonus":"ONE_RARE_RELIC","is_prod":false,"is_daily":false,"chose_seed":false,"campfire_upgraded":8,"win_rate":0,"timestamp":1563842189,"path_taken":["M","?","?","M","M","R","E","M","T","R","E","R","?","M","R","BOSS","M","?","M","?","$","R","E","R","T","M","?","M","E","?","R","BOSS","M","M","?","$","?","?","R","E","T","E","R","?","R","M","R","BOSS","R","$","E","BOSS"],"build_version":"2019-07-17","purchased_purges":4,"victory":false,"max_hp_per_floor":[75,75,75,75,75,75,75,75,75,75,75,75,75,75,75,75,75,75,75,75,75,75,75,75,75,75,75,75,75,75,75,75,75,75,75,80,80,80,76,76,76,76,76,76,76,76,76,76,76,76,76,76,76,76,76],"card_choices":[{"not_picked":["Turbo","Beam Cell"],"picked":"Ball Lightning","floor":1},{"not_picked":["Stack","Consume"],"picked":"Steam","floor":2},{"not_picked":["Genetic Algorithm","Scrape"],"picked":"Barrage","floor":4},{"not_picked":["Tempest","Chaos"],"picked":"Conserve Battery","floor":5},{"not_picked":["Tempest","Hyperbeam"],"picked":"Gash","floor":7},{"not_picked":["Doom and Gloom","Turbo+1"],"picked":"Conserve Battery+1","floor":8},{"not_picked":["Blizzard","Darkness+1"],"picked":"Defragment","floor":11},{"not_picked":["Self Repair","Blizzard"],"picked":"Coolheaded+1","floor":14},{"not_picked":["Reboot+1","Rainbow+1"],"picked":"Machine Learning","floor":16},{"not_picked":["BootSequence+1","Sweeping Beam"],"picked":"Tempest+1","floor":18},{"not_picked":["Coolheaded+1","Steam+1"],"picked":"Rebound","floor":20},{"not_picked":["Compile Driver","Rebound+1","Cold Snap"],"picked":"SKIP","floor":21},{"not_picked":["Stack+1","Redo+1"],"picked":"Reprogram+1","floor":24},{"not_picked":["Streamline","Blizzard"],"picked":"Static Discharge+1","floor":27},{"not_picked":["Ball Lightning","Rip and Tear+1","Aggregate+1"],"picked":"SKIP","floor":29},{"not_picked":["Turbo+1","Sweeping Beam","Go for the Eyes"],"picked":"SKIP","floor":30},{"not_picked":["Echo Form","Biased Cognition"],"picked":"Buffer","floor":33},{"not_picked":[],"picked":"Cold Snap+1","floor":35},{"not_picked":["Darkness+1"],"picked":"SKIP","floor":36},{"not_picked":[],"picked":"Hologram+1","floor":42},{"not_picked":["Hello World"],"picked":"SKIP","floor":44},{"not_picked":["BootSequence+1"],"picked":"SKIP","floor":48},{"not_picked":[],"picked":"Cold Snap+1","floor":54}],"player_experience":578412,"relics_obtained":[{"floor":7,"key":"Toxic Egg 2"},{"floor":9,"key":"Mercury Hourglass"},{"floor":11,"key":"Du-Vu Doll"},{"floor":24,"key":"Ornamental Fan"},{"floor":30,"key":"Bag of Preparation"},{"floor":40,"key":"Emotion Chip"},{"floor":42,"key":"Regal Pillow"},{"floor":43,"key":"The Courier"},{"floor":44,"key":"Smiling Mask"},{"floor":54,"key":"Art of War"}],"event_choices":[{"damage_healed":0,"gold_gain":0,"player_choice":"Leave","damage_taken":0,"max_hp_gain":0,"max_hp_loss":0,"event_name":"The Cleric","floor":3,"gold_loss":0},{"damage_healed":0,"gold_gain":75,"player_choice":"Gather Gold","damage_taken":11,"max_hp_gain":0,"max_hp_loss":0,"event_name":"World of Goop","floor":13,"gold_loss":0},{"damage_healed":0,"gold_gain":0,"player_choice":"Copied","damage_taken":0,"max_hp_gain":0,"max_hp_loss":0,"event_name":"Duplicator","floor":19,"gold_loss":0,"cards_obtained":["Defragment"]},{"damage_healed":0,"gold_gain":0,"player_choice":"Bought 0 Potions","damage_taken":0,"max_hp_gain":0,"max_hp_loss":0,"event_name":"The Woman in Blue","floor":31,"gold_loss":0},{"damage_healed":0,"gold_gain":0,"player_choice":"Memory 1","damage_taken":0,"max_hp_gain":0,"max_hp_loss":0,"event_name":"SensoryStone","floor":37,"gold_loss":0},{"damage_healed":0,"gold_gain":0,"player_choice":"Max HP","damage_taken":0,"max_hp_gain":0,"max_hp_loss":4,"event_name":"Winding Halls","floor":39,"gold_loss":0},{"damage_healed":0,"gold_gain":0,"player_choice":"Fight","damage_taken":0,"max_hp_gain":0,"max_hp_loss":0,"event_name":"Mysterious Sphere","floor":40,"gold_loss":0}],"is_beta":false,"boss_relics":[{"not_picked":["Runic Dome","Eternal Feather"],"picked":"Velvet Choker"},{"not_picked":["Orrery","Snecko Eye"],"picked":"Busted Crown"}],"items_purged_floors":[22,28,38,46],"is_endless":false,"potions_floor_spawned":[4,7,14,16,18,21,30,33,36,40],"killed_by":"The Heart","ascension_level":1}