{"gold_per_floor":[114,124,49,149,160,185,185,197,197,197,227,240,251,285,285,383,383,403,403,403,259,269,269,269,297,297,330,330,343,360,360,360,457,457,473,473,490,490,126,126,161,161,230,258,258,2,2,29,29,29],"floor_reached":51,"playtime":4893,"items_purged":["Recycle"],"score":1137,"play_id":"960215fa-f9b8-4b75-9ee9-63c8b3c7f6eb","local_time":"20190816125200","is_ascension_mode":true,"campfire_choices":[{"data":"Zap","floor":7,"key":"SMITH"},{"data":"Tempest","floor":10,"key":"SMITH"},{"floor":15,"key":"REST"},{"floor":24,"key":"REST"},{"data":"Consume","floor":28,"key":"SMITH"},{"floor":32,"key":"REST"},{"data":"Fission","floor":40,"key":"SMITH"},{"data":"Echo Form","floor":42,"key":"SMITH"},{"floor":45,"key":"REST"},{"floor":49,"key":"REST"}],"neow_cost":"NONE","seed_source_timestamp":9685315783041,"circlet_count":0,"master_deck":["Zap+1","Dualcast","Conserve Battery","Thunder Strike+1","FTL","Tempest+1","Biased Cognition","Reinforced Body","Undo","Gash","Glacier","Consume+1","Gash+1","Auto Shields","White Noise","Barrage","Fission+1","Beam Cell","Ball Lightning","Go for the Eyes","Chaos+1","Echo Form+1","Hologram+1","Master of Strategy","Coolheaded","Cold Snap+1"],"relics":["Pandora\u0027s Box","Potion Belt","DataDisk","Mercury Hourglass","Bag of Preparation","Inserter","Regal Pillow","PreservedInsect","Darkstone Periapt","Nunchaku","Runic Pyramid","Strange Spoon","Centennial Puzzle","Mummified Hand","Bag of Marbles","Whetstone","Omamori"],"potions_floor_usage":[22,23,23,23,25,25,25,27,30,44,44,50,50,50],"damage_taken":[{"damage":4,"enemies":"Small Slimes","floor":1,"turns":4},{"damage":6,"enemies":"Cultist","floor":2,"turns":3},{"damage":0,"enemies":"2 Louse","floor":5,"turns":2},{"damage":13,"enemies":"3 Sentries","floor":6,"turns":8},{"damage":1,"enemies":"Exordium Thugs","floor":8,"turns":6},{"damage":0,"enemies":"Lagavulin","floor":11,"turns":6},{"damage":10,"enemies":"Gremlin Gang","floor":12,"turns":3},{"damage":0,"enemies":"Exordium Wildlife","floor":13,"turns":3},{"damage":4,"enemies":"3 Sentries","floor":14,"turns":5},{"damage":7,"enemies":"The Guardian","floor":16,"turns":8},{"damage":8,"enemies":"Spheric Guardian","floor":18,"turns":4},{"damage":8,"enemies":"2 Thieves","floor":22,"turns":4},{"damage":29,"enemies":"Gremlin Leader","floor":23,"turns":4},{"damage":11,"enemies":"Slavers","floor":25,"turns":4},{"damage":6,"enemies":"Gremlin Leader","floor":27,"turns":6},{"damage":1,"enemies":"Chosen and Byrds","floor":29,"turns":3},{"damage":15,"enemies":"Centurion and Healer","floor":30,"turns":5},{"damage":36,"enemies":"Automaton","floor":33,"turns":12},{"damage":4,"enemies":"3 Shapes","floor":35,"turns":5},{"damage":7,"enemies":"Orb Walker","floor":37,"turns":4},{"damage":2,"enemies":"Giant Head","floor":41,"turns":8},{"damage":58,"enemies":"Reptomancer","floor":44,"turns":6},{"damage":1,"enemies":"Giant Head","floor":48,"turns":6},{"damage":14,"enemies":"Time Eater","floor":50,"turns":12}],"seed_played":"2753786972615287024","potions_obtained":[{"floor":1,"key":"Dexterity Potion"},{"floor":2,"key":"Poison Potion"},{"floor":12,"key":"Poison Potion"},{"floor":13,"key":"EntropicBrew"},{"floor":16,"key":"SmokeBomb"},{"floor":22,"key":"EssenceOfSteel"},{"floor":27,"key":"SkillPotion"},{"floor":30,"key":"Dexterity Potion"},{"floor":35,"key":"Explosive Potion"},{"floor":41,"key":"Regen Potion"}],"is_trial":false,"path_per_floor":["M","M","$","?","M","E","R","M","T","R","E","M","M","E","R","B",null,"M","?","$","$","M","E","R","E","T","E","R","M","M","?","R","B",null,"M","?","M","?","$","R","E","R","T","E","R","$","?","E","R","B",null],"character_chosen":"DEFECT","items_purchased":["Regal Pillow","Strange Spoon","Master of Strategy","Whetstone","PowerPotion","Swift Potion"],"campfire_rested":5,"item_purchase_floors":[21,39,39,46,46,46],"current_hp_per_floor":[64,58,58,58,58,45,45,44,44,44,44,34,34,30,52,45,68,60,60,60,60,52,23,60,49,49,43,43,42,27,27,64,28,63,59,59,52,52,52,52,50,50,50,7,44,44,44,43,75,61],"gold":29,"neow_bonus":"BOSS_RELIC","is_prod":false,"is_daily":false,"chose_seed":false,"campfire_upgraded":5,"win_rate":0,"timestamp":1565952720,"path_taken":["M","M","$","?","M","E","R","M","T","R","E","M","?","E","R","BOSS","M","?","?","$","M","E","R","E","T","E","R","?","M","?","R","BOSS","M","?","M","?","$","R","E","R","T","E","R","$","?","E","R","BOSS"],"build_version":"2019-07-17","purchased_purges":1,"victory":true,"max_hp_per_floor":[75,75,75,75,75,75,75,75,75,75,75,75,75,75,75,75,75,75,75,75,75,75,75,75,75,75,75,75,75,75,75,75,75,75,75,75,75,75,75,75,75,75,75,75,75,75,75,75,75,75],"card_choices":[{"not_picked":["Reprogram","White Noise"],"picked":"Undo","floor":1},{"not_picked":["Hologram","Fusion","Redo"],"picked":"SKIP","floor":2},{"not_picked":["Rebound","Compile Driver"],"picked":"Gash","floor":5},{"not_picked":["Sweeping Beam","Undo"],"picked":"Glacier","floor":6},{"not_picked":["BootSequence","Compile Driver"],"picked":"Consume","floor":8},{"not_picked":["White Noise","Turbo"],"picked":"Gash","floor":11},{"not_picked":["Heatsinks","Tempest"],"picked":"Auto Shields","floor":12},{"not_picked":["Rebound","FTL"],"picked":"White Noise","floor":13},{"not_picked":["Rebound","Amplify"],"picked":"Barrage","floor":14},{"not_picked":["Seek","Creative AI"],"picked":"Fission","floor":16},{"not_picked":["Sweeping Beam+1","Rebound"],"picked":"Beam Cell","floor":18},{"not_picked":["Capacitor","Stack","Heatsinks"],"picked":"SKIP","floor":22},{"not_picked":["Gash","Hello World"],"picked":"Ball Lightning","floor":25},{"not_picked":["Leap+1","Melter"],"picked":"Defragment","floor":27},{"not_picked":["Skim+1","Machine Learning"],"picked":"Go for the Eyes","floor":29},{"not_picked":["Beam Cell","Sweeping Beam"],"picked":"Chaos+1","floor":30},{"not_picked":["Biased Cognition","Rainbow"],"picked":"Echo Form","floor":33},{"not_picked":["Conserve Battery","Defragment+1"],"picked":"Hologram+1","floor":35},{"not_picked":["Force Field+1","Turbo","Consume"],"picked":"SKIP","floor":37},{"not_picked":["Tempest","Compile Driver"],"picked":"Coolheaded","floor":41},{"not_picked":["Steam+1","Hologram+1"],"picked":"Cold Snap+1","floor":44},{"not_picked":["Barrage+1","Steam+1","Compile Driver+1"],"picked":"SKIP","floor":48}],"player_experience":950611,"relics_obtained":[{"floor":6,"key":"Potion Belt"},{"floor":9,"key":"DataDisk"},{"floor":11,"key":"Mercury Hourglass"},{"floor":14,"key":"Bag of Preparation"},{"floor":25,"key":"PreservedInsect"},{"floor":26,"key":"Darkstone Periapt"},{"floor":27,"key":"Nunchaku"},{"floor":41,"key":"Centennial Puzzle"},{"floor":43,"key":"Mummified Hand"},{"floor":44,"key":"Bag of Marbles"},{"floor":48,"key":"Omamori"}],"event_choices":[{"damage_healed":0,"gold_gain":100,"player_choice":"Pray","damage_taken":0,"max_hp_gain":0,"max_hp_loss":0,"event_name":"Golden Shrine","floor":4,"gold_loss":0},{"damage_healed":0,"gold_gain":0,"player_choice":"0 cards matched","damage_taken":0,"max_hp_gain":0,"max_hp_loss":0,"event_name":"Match and Keep!","floor":19,"gold_loss":0,"cards_obtained":[]},{"cards_removed":["Rip and Tear"],"damage_healed":0,"gold_gain":0,"player_choice":"Elegance","damage_taken":0,"max_hp_gain":0,"max_hp_loss":0,"event_name":"Back to Basics","floor":31,"gold_loss":0},{"damage_healed":0,"gold_gain":0,"player_choice":"Ignored","damage_taken":0,"max_hp_gain":0,"max_hp_loss":0,"event_name":"Tomb of Lord Red Mask","floor":36,"gold_loss":0},{"cards_removed":["Defragment"],"damage_healed":0,"gold_gain":0,"player_choice":"Removed Power","damage_taken":0,"max_hp_gain":0,"max_hp_loss":0,"event_name":"Falling","floor":38,"gold_loss":0},{"damage_healed":0,"gold_gain":0,"player_choice":"Ignored","damage_taken":0,"max_hp_gain":0,"max_hp_loss":0,"event_name":"Mysterious Sphere","floor":47,"gold_loss":0}],"is_beta":false,"boss_relics":[{"not_picked":["Lizard Tail","Empty Cage"],"picked":"Inserter"},{"not_picked":["Eternal Feather","Runic Dome"],"picked":"Runic Pyramid"}],"items_purged_floors":[3],"is_endless":false,"potions_floor_spawned":[1,2,12,13,16,22,23,27,30,35,41,48],"ascension_level":9}