{"gold_per_floor":[117,136,148,148,165,165,197,216,216,216,244,59,59,79,79,158,158,174,187,199,1,1],"floor_reached":22,"playtime":1131,"items_purged":[],"score":376,"play_id":"1f00bb1d-a6b6-45b3-aee3-7fe97fbd9835","local_time":"20190829224919","is_ascension_mode":true,"campfire_choices":[{"data":"Deadly Poison","floor":6,"key":"SMITH"},{"floor":10,"key":"REST"},{"data":"Neutralize","floor":13,"key":"SMITH"},{"data":"Deadly Poison","floor":15,"key":"SMITH"}],"neow_cost":"NONE","seed_source_timestamp":36280275478553,"circlet_count":0,"master_deck":["AscendersBane","Strike_G","Strike_G","Strike_G","Strike_G","Defend_G","Defend_G","Defend_G","Defend_G","Defend_G","Survivor","Neutralize+1","Flying Knee","Deadly Poison+1","Deadly Poison+1","Predator","Corpse Explosion","Deflect","Dodge and Roll","Bullet Time","Blur","Caltrops+1","Master of Strategy"],"relics":["Ring of the Snake","Mercury Hourglass","Pocketwatch","Prayer Wheel","Bag of Preparation","Snecko Eye"],"potions_floor_usage":[7,20],"damage_taken":[{"damage":2,"enemies":"Jaw Worm","floor":1,"turns":6},{"damage":0,"enemies":"Cultist","floor":2,"turns":4},{"damage":5,"enemies":"2 Louse","floor":3,"turns":3},{"damage":3,"enemies":"Exordium Thugs","floor":5,"turns":5},{"damage":19,"enemies":"Lagavulin","floor":7,"turns":6},{"damage":12,"enemies":"Large Slime","floor":8,"turns":6},{"damage":14,"enemies":"3 Sentries","floor":11,"turns":3},{"damage":2,"enemies":"2 Fungi Beasts","floor":14,"turns":2},{"damage":3,"enemies":"The Guardian","floor":16,"turns":8},{"damage":0,"enemies":"Chosen","floor":18,"turns":3},{"damage":12,"enemies":"2 Thieves","floor":19,"turns":2},{"damage":19,"enemies":"Snake Plant","floor":20,"turns":4},{"damage":34,"enemies":"Shelled Parasite and Fungi","floor":22,"turns":3}],"seed_played":"-4237223043671867869","potions_obtained":[{"floor":1,"key":"PowerPotion"},{"floor":3,"key":"Swift Potion"},{"floor":5,"key":"Weak Potion"},{"floor":7,"key":"GamblersBrew"},{"floor":18,"key":"Fire Potion"}],"is_trial":false,"path_per_floor":["M","M","M","?","M","R","E","M","T","R","E","$","R","M","R","B",null,"M","M","M","$","M"],"character_chosen":"THE_SILENT","items_purchased":["Bag of Preparation","Deflect","Master of Strategy"],"campfire_rested":1,"item_purchase_floors":[12,12,21],"current_hp_per_floor":[63,63,58,58,55,55,36,24,24,45,31,31,31,29,29,26,61,61,49,30,30,0],"gold":1,"neow_bonus":"TEN_PERCENT_HP_BONUS","is_prod":false,"is_daily":false,"chose_seed":false,"campfire_upgraded":3,"win_rate":0,"timestamp":1567111759,"path_taken":["M","M","M","?","?","R","E","M","T","R","E","$","R","M","R","BOSS","M","M","?","$","M"],"build_version":"2019-07-17","purchased_purges":0,"victory":false,"max_hp_per_floor":[72,72,72,72,72,72,72,72,72,72,72,72,72,72,72,72,72,72,72,72,72,72],"card_choices":[{"not_picked":["All Out Attack","Reflex"],"picked":"Flying Knee","floor":1},{"not_picked":["Prepared","Bouncing Flask"],"picked":"Deadly Poison","floor":2},{"not_picked":["Riddle With Holes","Blade Dance"],"picked":"Deadly Poison","floor":3},{"not_picked":["Eviscerate","Choke","Caltrops"],"picked":"SKIP","floor":5},{"not_picked":["Eviscerate","Choke","Caltrops"],"picked":"SKIP","floor":5},{"not_picked":["Flying Knee","Deadly Poison"],"picked":"Predator","floor":7},{"not_picked":["Reflex","Bane"],"picked":"Corpse Explosion","floor":8},{"not_picked":["Tactician","Dagger Spray","Distraction"],"picked":"SKIP","floor":11},{"not_picked":["Poisoned Stab","Concentrate"],"picked":"Dodge and Roll","floor":14},{"not_picked":["Quick Slash","Poisoned Stab","Skewer"],"picked":"SKIP","floor":14},{"not_picked":["Doppelganger","Envenom"],"picked":"Bullet Time","floor":16},{"not_picked":["Heel Hook+1","Poisoned Stab"],"picked":"Blur","floor":18},{"not_picked":["Deadly Poison","Choke","Deflect"],"picked":"SKIP","floor":18},{"not_picked":["Distraction","Bane","Slice"],"picked":"SKIP","floor":19},{"not_picked":["Bane","Prepared","Outmaneuver"],"picked":"SKIP","floor":19},{"not_picked":["Dagger Spray","Eviscerate"],"picked":"Caltrops+1","floor":20},{"not_picked":["Deflect","Expertise","Distraction"],"picked":"SKIP","floor":20}],"player_experience":1032027,"relics_obtained":[{"floor":7,"key":"Mercury Hourglass"},{"floor":9,"key":"Pocketwatch"},{"floor":11,"key":"Prayer Wheel"}],"event_choices":[{"cards_removed":["Strike_G"],"damage_healed":0,"gold_gain":0,"player_choice":"Offered Basic","damage_taken":0,"max_hp_gain":0,"max_hp_loss":0,"event_name":"Bonfire Elementals","floor":4,"gold_loss":0}],"is_beta":false,"boss_relics":[{"not_picked":["Busted Crown","Tiny House"],"picked":"Snecko Eye"}],"items_purged_floors":[],"is_endless":false,"potions_floor_spawned":[1,3,5,7,14,18,19],"killed_by":"Shelled Parasite and Fungi","ascension_level":18}