{"gold_per_floor":[115,165,177,194,214,214,247,247,247,281,298,298],"floor_reached":12,"playtime":571,"items_purged":[],"score":171,"play_id":"f5577331-b6c9-4011-b174-d3c6de38b311","local_time":"20190817231741","is_ascension_mode":true,"campfire_choices":[{"data":"Dagger Spray","floor":6,"key":"SMITH"},{"floor":8,"key":"REST"}],"neow_cost":"NONE","seed_source_timestamp":4787995677236,"circlet_count":0,"master_deck":["AscendersBane","Strike_G","Strike_G","Strike_G","Strike_G","Strike_G","Defend_G","Defend_G","Defend_G","Defend_G","Defend_G","Survivor","Neutralize","Quick Slash","PiercingWail","Dagger Spray+1","Poisoned Stab","Crippling Poison","Crippling Poison","Slice"],"relics":["Ring of the Snake","Ninja Scroll","Pantograph","Matryoshka"],"potions_floor_usage":[7],"damage_taken":[{"damage":2,"enemies":"Jaw Worm","floor":1,"turns":4},{"damage":0,"enemies":"Cultist","floor":3,"turns":4},{"damage":3,"enemies":"Small Slimes","floor":4,"turns":3},{"damage":4,"enemies":"2 Fungi Beasts","floor":5,"turns":3},{"damage":58,"enemies":"Lagavulin","floor":7,"turns":7},{"damage":19,"enemies":"3 Sentries","floor":10,"turns":8},{"damage":11,"enemies":"Exordium Thugs","floor":11,"turns":4},{"damage":5,"enemies":"Lagavulin","floor":12,"turns":3}],"seed_played":"-1478394793827158940","potions_obtained":[{"floor":1,"key":"Regen Potion"},{"floor":10,"key":"Explosive Potion"}],"is_trial":false,"path_per_floor":["M","?","M","M","M","R","E","R","T","E","M","E"],"character_chosen":"THE_SILENT","items_purchased":[],"campfire_rested":1,"item_purchase_floors":[],"current_hp_per_floor":[63,63,63,60,56,56,10,31,31,12,1,0],"gold":298,"neow_bonus":"TEN_PERCENT_HP_BONUS","is_prod":false,"is_daily":false,"chose_seed":false,"campfire_upgraded":1,"win_rate":0,"timestamp":1566076661,"path_taken":["M","?","M","M","M","R","E","R","T","E","?","E"],"build_version":"2019-07-17","purchased_purges":0,"victory":false,"max_hp_per_floor":[72,72,72,72,72,72,72,72,72,72,72,72],"card_choices":[{"not_picked":["Escape Plan","Caltrops"],"picked":"Quick Slash","floor":1},{"not_picked":["Bane","Quick Slash"],"picked":"PiercingWail","floor":3},{"not_picked":["Prepared","Slice"],"picked":"Dagger Spray","floor":4},{"not_picked":["Sucker Punch","Wraith Form v2"],"picked":"Poisoned Stab","floor":5},{"not_picked":["Finisher","Setup"],"picked":"Crippling Poison","floor":7},{"not_picked":["Unload","Accuracy"],"picked":"Crippling Poison","floor":10},{"not_picked":["PiercingWail","Concentrate"],"picked":"Slice","floor":11}],"player_experience":962770,"relics_obtained":[{"floor":7,"key":"Ninja Scroll"},{"floor":9,"key":"Pantograph"},{"floor":10,"key":"Matryoshka"}],"event_choices":[{"damage_healed":0,"gold_gain":50,"player_choice":"Pray","damage_taken":0,"max_hp_gain":0,"max_hp_loss":0,"event_name":"Golden Shrine","floor":2,"gold_loss":0}],"is_beta":false,"boss_relics":[],"items_purged_floors":[],"is_endless":false,"potions_floor_spawned":[1,10],"killed_by":"Lagavulin","ascension_level":18}