{"gold_per_floor":[112,127,137,155,166,200,200,212,235,250,250,200,173,188,188,289,289,306,52,52,63,63,82,82,98,98,132,132,132,148,165,165,165],"floor_reached":33,"playtime":1162,"items_purged":[],"score":341,"play_id":"45a59043-9a67-4529-b59b-2448b9ab3b84","local_time":"20190928211642","is_ascension_mode":true,"campfire_choices":[{"data":"Glass Knife","floor":11.0,"key":"SMITH"},{"data":"Footwork","floor":15.0,"key":"SMITH"},{"data":"Neutralize","floor":24,"key":"SMITH"},{"data":"Sucker Punch","floor":28,"key":"SMITH"},{"data":"Endless Agony","floor":32,"key":"SMITH"}],"neow_cost":"NONE","seed_source_timestamp":532243187742900,"circlet_count":0,"master_deck":["Strike_G","Strike_G","Strike_G","Strike_G","Defend_G","Defend_G","Defend_G","Defend_G","Defend_G","Survivor","Neutralize+1","Endless Agony+1","Footwork+1","Backstab","Dagger Spray","Glass Knife+1","Sucker Punch+1","Sucker Punch","Deflect","Corpse Explosion","Backstab","Sucker Punch+1","Deflect+1","Die Die Die"],"special_seed":0,"relics":["Ring of the Snake","NeowsBlessing","Matryoshka","Bag of Preparation","Oddly Smooth Stone","Bottled Tornado","Art of War","Orichalcum","Ancient Tea Set","Boot"],"potions_floor_usage":[33,33],"damage_taken":[{"damage":0.0,"enemies":"Small Slimes","floor":1.0,"turns":1.0},{"damage":0.0,"enemies":"Cultist","floor":2.0,"turns":1.0},{"damage":0.0,"enemies":"2 Louse","floor":3.0,"turns":1.0},{"damage":0.0,"enemies":"Blue Slaver","floor":4.0,"turns":3.0},{"damage":0.0,"enemies":"2 Fungi Beasts","floor":5.0,"turns":3.0},{"damage":16.0,"enemies":"3 Sentries","floor":6.0,"turns":8.0},{"damage":11.0,"enemies":"Exordium Wildlife","floor":8.0,"turns":4.0},{"damage":0.0,"enemies":"3 Louse","floor":10.0,"turns":1.0},{"damage":0.0,"enemies":"Lots of Slimes","floor":14.0,"turns":1.0},{"damage":35.0,"enemies":"The Guardian","floor":16.0,"turns":15.0},{"damage":0.0,"enemies":"Spheric Guardian","floor":18.0,"turns":1.0},{"damage":0.0,"enemies":"Chosen","floor":21.0,"turns":5.0},{"damage":0,"enemies":"3 Cultists","floor":23,"turns":2},{"damage":8,"enemies":"Snecko","floor":25,"turns":5},{"damage":2,"enemies":"Slavers","floor":27,"turns":2},{"damage":1,"enemies":"Centurion and Healer","floor":30,"turns":3},{"damage":10,"enemies":"Snake Plant","floor":31,"turns":4},{"damage":35,"enemies":"Champ","floor":33,"turns":9}],"seed_played":"7705057807765434954","potions_obtained":[{"floor":2.0,"key":"Block Potion"},{"floor":3.0,"key":"Explosive Potion"},{"floor":4.0,"key":"SkillPotion"},{"floor":16.0,"key":"SpeedPotion"},{"floor":21.0,"key":"GamblersBrew"},{"floor":25,"key":"Block Potion"}],"is_trial":false,"path_per_floor":["M","M","M","M","M","E","?","M","T","M","R","?","$","M","R","B",null,"M","$","?","M","?","M","R","M","T","E","R","?","M","M","R","B"],"character_chosen":"THE_SILENT","items_purchased":["Sucker Punch","Bottled Tornado"],"campfire_rested":0,"item_purchase_floors":[13,19],"current_hp_per_floor":[70,70,70,70,70,54,54,43,43,43,43,43,43,43,43,8,55,55,55,55,55,55,55,55,47,47,45,45,45,44,34,34,0],"gold":165,"neow_bonus":"THREE_ENEMY_KILL","is_prod":false,"is_daily":false,"chose_seed":false,"campfire_upgraded":5,"win_rate":0,"timestamp":1569673002,"path_taken":["M","M","M","M","M","E","?","M","T","?","R","?","$","M","R","BOSS","M","$","?","M","?","M","R","M","T","E","R","?","M","M","R","BOSS"],"build_version":"2019-07-17","purchased_purges":0,"victory":false,"max_hp_per_floor":[70,70,70,70,70,70,70,70,70,70,70,70,70,70,70,70,70,70,70,70,70,70,70,70,70,70,70,70,70,70,70,70,70],"card_choices":[{"not_picked":["Acrobatics","Infinite Blades"],"picked":"Endless Agony","floor":1.0},{"not_picked":["Terror","Deflect"],"picked":"Footwork","floor":2.0},{"not_picked":["Flying Knee","Slice"],"picked":"Backstab","floor":3.0},{"not_picked":["Flying Knee","Outmaneuver"],"picked":"Dagger Spray","floor":4.0},{"not_picked":["Deflect","Outmaneuver"],"picked":"Glass Knife","floor":5.0},{"not_picked":["Tools of the Trade","Bane","Reflex"],"picked":"SKIP","floor":6.0},{"not_picked":["Concentrate","Heel Hook","Outmaneuver"],"picked":"SKIP","floor":8.0},{"not_picked":["Heel Hook","Acrobatics"],"picked":"Sucker Punch","floor":10.0},{"not_picked":["Eviscerate","All Out Attack"],"picked":"Deflect","floor":14.0},{"not_picked":["Malaise","Bullet Time"],"picked":"Corpse Explosion","floor":16.0},{"not_picked":["Catalyst","Dagger Spray"],"picked":"Backstab","floor":18.0},{"not_picked":["Masterful Stab","Dagger Spray"],"picked":"Sucker Punch+1","floor":21.0},{"not_picked":["Predator","Prepared","Noxious Fumes"],"picked":"SKIP","floor":23},{"not_picked":["Infinite Blades","Dagger Throw"],"picked":"Deflect+1","floor":25},{"not_picked":["Crippling Poison","Dodge and Roll","Flying Knee"],"picked":"SKIP","floor":27},{"not_picked":["Underhanded Strike","PiercingWail+1"],"picked":"Die Die Die","floor":30},{"not_picked":["Poisoned Stab","Choke","Distraction"],"picked":"SKIP","floor":31}],"player_experience":515700,"relics_obtained":[{"floor":6.0,"key":"Matryoshka"},{"floor":9.0,"key":"Bag of Preparation"},{"floor":9.0,"key":"Oddly Smooth Stone"},{"floor":26,"key":"Orichalcum"},{"floor":26,"key":"Ancient Tea Set"},{"floor":27,"key":"Boot"}],"event_choices":[{"damage_healed":0.0,"max_hp_gain":0.0,"max_hp_loss":0.0,"gold_gain":0.0,"event_name":"Lab","player_choice":"Got Potions","floor":7.0,"gold_loss":0.0,"damage_taken":0.0},{"cards_removed":["Strike_G"],"damage_healed":0.0,"max_hp_gain":0.0,"max_hp_loss":0.0,"gold_gain":0.0,"event_name":"The Cleric","player_choice":"Card Removal","floor":12.0,"gold_loss":50.0,"damage_taken":0.0},{"damage_healed":0.0,"max_hp_gain":0.0,"max_hp_loss":0.0,"gold_gain":0.0,"event_name":"The Mausoleum","player_choice":"Opened","floor":20.0,"gold_loss":0.0,"damage_taken":0.0,"relics_obtained":["Art of War"]},{"damage_healed":0,"gold_gain":0,"player_choice":"Ignored","damage_taken":0,"max_hp_gain":0,"max_hp_loss":0,"event_name":"Ghosts","floor":29,"gold_loss":0}],"is_beta":false,"boss_relics":[{"not_picked":["Snecko Eye","Runic Dome","Coffee Dripper"]}],"items_purged_floors":[],"is_endless":false,"potions_floor_spawned":[2,3,4,6,16,21,25,30],"killed_by":"Champ","ascension_level":5}