{"gold_per_floor":[111,129,146,165,176,176,203,203,283,15,15,15,27,42,42,138,138,151,186,197,197,167,195,195,211,211,223,223,250,250,265,265,366,366,366],"floor_reached":35,"playtime":2016,"items_purged":[],"score":399,"play_id":"340a7918-d3db-47cf-a9a0-a1e4863a7450","local_time":"20190920093529","is_ascension_mode":false,"campfire_choices":[{"data":"Bane","floor":6.0,"key":"SMITH"},{"data":"Neutralize","floor":8.0,"key":"SMITH"},{"data":"Footwork","floor":11.0,"key":"SMITH"},{"data":"Noxious Fumes","floor":15.0,"key":"SMITH"},{"floor":24.0,"key":"REST"},{"data":"Well Laid Plans","floor":28.0,"key":"SMITH"},{"floor":30.0,"key":"REST"},{"floor":32.0,"key":"REST"}],"neow_cost":"NONE","seed_source_timestamp":0,"circlet_count":0,"master_deck":["Strike_G+1","Strike_G+1","Strike_G+1","Strike_G+1","Strike_G+1","Defend_G+1","Defend_G+1","Defend_G+1","Defend_G+1","Defend_G+1","Survivor","Neutralize+1","Deadly Poison","Dodge and Roll","Noxious Fumes+1","Bane+1","PiercingWail","Cloak And Dagger","Footwork+1","Escape Plan","Night Terror","Well Laid Plans+1","Prepared+1","Grand Finale","Footwork+1"],"special_seed":0,"relics":["Ring of the Snake","NeowsBlessing","Ancient Tea Set","Pear","Membership Card","Black Star","Red Mask","The Specimen","Bag of Marbles","Gremlin Horn","Gambling Chip","Pen Nib","Lizard Tail"],"potions_floor_usage":[],"damage_taken":[{"damage":0.0,"enemies":"Cultist","floor":1.0,"turns":1.0},{"damage":0.0,"enemies":"Jaw Worm","floor":2.0,"turns":1.0},{"damage":0.0,"enemies":"Small Slimes","floor":3.0,"turns":1.0},{"damage":0.0,"enemies":"Blue Slaver","floor":4.0,"turns":5.0},{"damage":0.0,"enemies":"Large Slime","floor":5.0,"turns":6.0},{"damage":27.0,"enemies":"Lagavulin","floor":7.0,"turns":7.0},{"damage":0.0,"enemies":"3 Louse","floor":13.0,"turns":3.0},{"damage":1.0,"enemies":"Blue Slaver","floor":14.0,"turns":4.0},{"damage":12.0,"enemies":"The Guardian","floor":16.0,"turns":10.0},{"damage":0.0,"enemies":"Shell Parasite","floor":18.0,"turns":7.0},{"damage":21.0,"enemies":"Masked Bandits","floor":19.0,"turns":6.0},{"damage":14.0,"enemies":"Chosen","floor":20.0,"turns":6.0},{"damage":18.0,"enemies":"Slavers","floor":23.0,"turns":8.0},{"damage":0.0,"enemies":"Shelled Parasite and Fungi","floor":25.0,"turns":6.0},{"damage":12.0,"enemies":"Centurion and Healer","floor":27.0,"turns":8.0},{"damage":28.0,"enemies":"Gremlin Leader","floor":29.0,"turns":7.0},{"damage":27.0,"enemies":"Snecko","floor":31.0,"turns":7.0},{"damage":36.0,"enemies":"Champ","floor":33.0,"turns":16.0},{"damage":0,"enemies":"3 Darklings","floor":35,"turns":1}],"seed_played":"8849494432518013775","potions_obtained":[{"floor":3.0,"key":"GhostInAJar"},{"floor":4.0,"key":"GhostInAJar"},{"floor":7.0,"key":"Energy Potion"},{"floor":20.0,"key":"Poison Potion"},{"floor":22.0,"key":"Swift Potion"},{"floor":22.0,"key":"SteroidPotion"},{"floor":25.0,"key":"Regen Potion"}],"is_trial":false,"path_per_floor":["M","M","M","M","M","R","E","R","T","$","R","?","M","M","R","B",null,"M","?","M","?","?","E","R","M","T","M","R","E","R","M","R","B",null,"M"],"character_chosen":"THE_SILENT","items_purchased":["Footwork","Membership Card"],"campfire_rested":3,"item_purchase_floors":[10,10],"current_hp_per_floor":[70,70,70,70,70,70,43,43,53,53,53,53,53,52,52,40,80,80,59,45,45,45,27,51,51,51,39,39,11,35,8,32,11,80,80],"gold":366,"neow_bonus":"THREE_ENEMY_KILL","is_prod":false,"is_daily":false,"chose_seed":false,"campfire_upgraded":5,"win_rate":0,"timestamp":1568939729,"path_taken":["M","M","M","M","M","R","E","R","T","$","R","?","M","M","R","BOSS","M","?","M","?","?","E","R","?","T","M","R","E","R","M","R","BOSS","M"],"build_version":"2019-07-17","purchased_purges":0,"victory":false,"max_hp_per_floor":[70,70,70,70,70,70,70,70,80,80,80,80,80,80,80,80,80,80,80,80,80,80,80,80,80,80,80,80,80,80,80,80,80,80,80],"card_choices":[{"not_picked":["Prepared","Finisher"],"picked":"Deadly Poison","floor":1.0},{"not_picked":["Dagger Throw","Bane"],"picked":"Dodge and Roll","floor":2.0},{"not_picked":["Prepared","Poisoned Stab"],"picked":"Noxious Fumes","floor":3.0},{"not_picked":["Cloak And Dagger","Quick Slash"],"picked":"Bane","floor":4.0},{"not_picked":["Doppelganger","Endless Agony"],"picked":"PiercingWail","floor":5.0},{"not_picked":["Dagger Throw","Deadly Poison"],"picked":"Cloak And Dagger","floor":7.0},{"not_picked":["Tactician","Choke","Leg Sweep"],"picked":"SKIP","floor":13.0},{"not_picked":["Tactician","Predator"],"picked":"Escape Plan","floor":14.0},{"not_picked":["Malaise","Bullet Time"],"picked":"Night Terror","floor":16.0},{"not_picked":["Deadly Poison","Sucker Punch","Acrobatics"],"picked":"SKIP","floor":18.0},{"not_picked":["Slice+1","Heel Hook+1"],"picked":"Well Laid Plans","floor":19.0},{"not_picked":["Cloak And Dagger","Tactician","Dagger Throw"],"picked":"SKIP","floor":20.0},{"not_picked":["Heel Hook+1","Night Terror","Tactician"],"picked":"SKIP","floor":23.0},{"not_picked":["Calculated Gamble","Endless Agony","All Out Attack"],"picked":"SKIP","floor":25.0},{"not_picked":["Outmaneuver","Dodge and Roll"],"picked":"Prepared+1","floor":27.0},{"not_picked":["Underhanded Strike","PiercingWail"],"picked":"Grand Finale","floor":29.0},{"not_picked":["Deadly Poison+1","Flying Knee"],"picked":"Footwork+1","floor":31.0}],"player_experience":432563,"relics_obtained":[{"floor":7.0,"key":"Ancient Tea Set"},{"floor":9.0,"key":"Pear"},{"floor":19.0,"key":"Red Mask"},{"floor":23.0,"key":"The Specimen"},{"floor":23.0,"key":"Bag of Marbles"},{"floor":26.0,"key":"Gremlin Horn"},{"floor":29.0,"key":"Gambling Chip"},{"floor":29.0,"key":"Pen Nib"}],"event_choices":[{"damage_healed":0.0,"max_hp_gain":0.0,"max_hp_loss":0.0,"gold_gain":0.0,"event_name":"Liars Game","player_choice":"Ignored","floor":12.0,"gold_loss":0.0,"damage_taken":0.0},{"damage_healed":0.0,"max_hp_gain":0.0,"max_hp_loss":0.0,"gold_gain":0.0,"event_name":"Masked Bandits","player_choice":"Fought Bandits","floor":19.0,"gold_loss":0.0,"damage_taken":0.0},{"damage_healed":0.0,"max_hp_gain":0.0,"max_hp_loss":0.0,"gold_gain":0.0,"event_name":"Back to Basics","player_choice":"Simplicity","floor":21.0,"gold_loss":0.0,"damage_taken":0.0,"cards_upgraded":["Strike_G","Strike_G","Strike_G","Strike_G","Strike_G","Defend_G","Defend_G","Defend_G","Defend_G","Defend_G"]},{"damage_healed":0.0,"max_hp_gain":0.0,"max_hp_loss":0.0,"gold_gain":0.0,"event_name":"The Woman in Blue","player_choice":"Bought 2 Potions","floor":22.0,"gold_loss":0.0,"damage_taken":0.0}],"is_beta":false,"boss_relics":[{"not_picked":["Sozu","Tiny House"],"picked":"Black Star"},{"not_picked":["HoveringKite","WristBlade"],"picked":"Lizard Tail"}],"items_purged_floors":[],"is_endless":false,"potions_floor_spawned":[3,4,7,20,25,31],"killed_by":"3 Darklings","ascension_level":0}