{"gold_per_floor":[211,223,47,67,67,67,101,127,152,152,252,252,265,16,16,114,114,114,62,62,62,62,62,62,62,62,62,62,62,62,62,62,62,62,62,62,62,62,62,62,62,62,62,62,62,62,62,62,62,62],"floor_reached":51,"playtime":2291,"items_purged":["Strike_R"],"score":1174,"play_id":"97317b02-dfc7-467f-abcc-707c5872cd76","local_time":"20190811224136","is_ascension_mode":true,"campfire_choices":[{"data":"Bash","floor":6,"key":"SMITH"},{"floor":10,"key":"REST"},{"data":"Immolate","floor":12,"key":"SMITH"},{"data":"Carnage","floor":15,"key":"SMITH"},{"data":"Double Tap","floor":24,"key":"SMITH"},{"floor":32,"key":"REST"},{"data":"Disarm","floor":40,"key":"SMITH"},{"data":"Dual Wield","floor":42,"key":"SMITH"},{"data":"Heavy Blade","floor":45,"key":"SMITH"},{"floor":49,"key":"REST"}],"neow_cost":"NONE","seed_source_timestamp":49428217785203,"circlet_count":0,"master_deck":["AscendersBane","Strike_R+1","Strike_R+1","Strike_R+1","Strike_R+1","Defend_R+1","Defend_R+1","Defend_R+1","Defend_R+1","Bash+1","Iron Wave","Pommel Strike","Metallicize","Immolate+1","Disarm+1","Carnage+1","Master of Strategy","Double Tap+1","Sword Boomerang+1","Shrug It Off","J.A.X.+1","Anger+1","Feel No Pain","Heavy Blade+1","Corruption","Clothesline+1","Impervious","Body Slam+1","Shrug It Off","Dual Wield+1","Spot Weakness+1","Madness","Madness"],"relics":["Burning Blood","Boot","Odd Mushroom","Centennial Puzzle","Ectoplasm","Blood Vial","Vajra","Regal Pillow","Oddly Smooth Stone","PreservedInsect","Pen Nib","Philosopher\u0027s Stone","Art of War","Omamori"],"potions_floor_usage":[7,7,8,13,23,28,30,30,50],"damage_taken":[{"damage":2,"enemies":"2 Louse","floor":1,"turns":5},{"damage":1,"enemies":"Cultist","floor":2,"turns":4},{"damage":8,"enemies":"Small Slimes","floor":4,"turns":6},{"damage":25,"enemies":"Lagavulin","floor":7,"turns":7},{"damage":44,"enemies":"The Mushroom Lair","floor":8,"turns":6},{"damage":1,"enemies":"Looter","floor":13,"turns":2},{"damage":26,"enemies":"The Guardian","floor":16,"turns":11},{"damage":28,"enemies":"3 Byrds","floor":18,"turns":4},{"damage":7,"enemies":"Shell Parasite","floor":22,"turns":2},{"damage":8,"enemies":"Gremlin Leader","floor":23,"turns":4},{"damage":34,"enemies":"Slavers","floor":25,"turns":5},{"damage":10,"enemies":"Centurion and Healer","floor":27,"turns":4},{"damage":3,"enemies":"Gremlin Leader","floor":28,"turns":4},{"damage":3,"enemies":"Slavers","floor":30,"turns":1},{"damage":3,"enemies":"Sentry and Sphere","floor":31,"turns":2},{"damage":65,"enemies":"Champ","floor":33,"turns":11},{"damage":18,"enemies":"3 Darklings","floor":35,"turns":7},{"damage":6,"enemies":"Orb Walker","floor":37,"turns":2},{"damage":17,"enemies":"4 Shapes","floor":38,"turns":3},{"damage":15,"enemies":"Reptomancer","floor":41,"turns":4},{"damage":3,"enemies":"Maw","floor":44,"turns":6},{"damage":56,"enemies":"Awakened One","floor":50,"turns":8}],"seed_played":"-5924786205610181989","potions_obtained":[{"floor":4,"key":"Swift Potion"},{"floor":8,"key":"Explosive Potion"},{"floor":13,"key":"GamblersBrew"},{"floor":18,"key":"Swift Potion"},{"floor":22,"key":"AttackPotion"},{"floor":27,"key":"Poison Potion"},{"floor":28,"key":"Regen Potion"},{"floor":30,"key":"Poison Potion"},{"floor":33,"key":"Explosive Potion"},{"floor":35,"key":"SteroidPotion"},{"floor":37,"key":"Strength Potion"}],"is_trial":false,"path_per_floor":["M","M","$","M","?","R","E","?","T","R","?","R","M","$","R","B",null,"M","$","?","?","M","E","R","E","T","M","E","?","E","M","R","B",null,"M","?","M","M","?","R","E","R","T","M","R","?","$","$","R","B",null],"character_chosen":"IRONCLAD","items_purchased":["Fire Potion","Block Potion","Carnage","Master of Strategy","Shrug It Off"],"campfire_rested":3,"item_purchase_floors":[3,3,14,14,19],"current_hp_per_floor":[76,80,80,78,83,83,64,26,26,51,51,51,56,56,56,36,73,51,51,51,51,52,52,52,26,26,24,29,29,34,39,79,22,69,59,59,61,52,52,52,45,45,45,50,50,39,39,39,79,31],"gold":62,"neow_bonus":"HUNDRED_GOLD","is_prod":false,"is_daily":false,"chose_seed":false,"campfire_upgraded":7,"win_rate":0,"timestamp":1565556096,"path_taken":["M","M","$","M","?","R","E","?","T","R","?","R","?","?","R","BOSS","M","$","?","?","M","E","R","E","T","M","E","?","E","M","R","BOSS","M","?","?","M","?","R","E","R","T","?","R","?","?","$","R","BOSS"],"build_version":"2019-07-17","purchased_purges":1,"victory":true,"max_hp_per_floor":[80,80,80,80,85,85,85,85,85,85,85,85,85,85,85,85,85,85,85,85,85,85,85,85,85,85,85,85,85,85,85,85,85,85,85,85,85,85,85,85,85,85,85,85,85,85,85,85,85,85],"card_choices":[{"not_picked":["Heavy Blade","Thunderclap"],"picked":"Iron Wave","floor":1},{"not_picked":["Dual Wield","Burning Pact","Entrench"],"picked":"SKIP","floor":2},{"not_picked":["Sword Boomerang","True Grit"],"picked":"Pommel Strike","floor":4},{"not_picked":["Body Slam","Corruption"],"picked":"Metallicize","floor":7},{"not_picked":["Headbutt","Reckless Charge"],"picked":"Immolate","floor":8},{"not_picked":["Infernal Blade","Shrug It Off"],"picked":"Disarm","floor":13},{"not_picked":["Barricade","Bludgeon"],"picked":"Double Tap","floor":16},{"not_picked":["Twin Strike+1","Dropkick"],"picked":"Sword Boomerang+1","floor":18},{"not_picked":["Fire Breathing","Havoc"],"picked":"Anger+1","floor":22},{"not_picked":["Bloodletting","Seeing Red","Rupture"],"picked":"SKIP","floor":23},{"not_picked":["Blood for Blood","Barricade"],"picked":"Feel No Pain","floor":25},{"not_picked":["Cleave","Bloodletting+1","Clash"],"picked":"SKIP","floor":27},{"not_picked":["Headbutt","Warcry"],"picked":"Heavy Blade","floor":28},{"not_picked":["Searing Blow","Cleave+1"],"picked":"Corruption","floor":30},{"not_picked":["Pummel","Warcry+1"],"picked":"Clothesline","floor":31},{"not_picked":["Dark Embrace","Immolate"],"picked":"Impervious","floor":33},{"not_picked":["Metallicize","Flex+1"],"picked":"Body Slam+1","floor":35},{"not_picked":["Carnage","Iron Wave+1","Perfected Strike"],"picked":"SKIP","floor":37},{"not_picked":["Thunderclap","Blood for Blood+1"],"picked":"Shrug It Off","floor":38},{"not_picked":["Sword Boomerang+1","Rage+1"],"picked":"Dual Wield","floor":41},{"not_picked":["Armaments+1","Anger+1"],"picked":"Spot Weakness+1","floor":44}],"player_experience":862058,"relics_obtained":[{"floor":7,"key":"Boot"},{"floor":8,"key":"Odd Mushroom"},{"floor":9,"key":"Centennial Puzzle"},{"floor":23,"key":"Vajra"},{"floor":25,"key":"Regal Pillow"},{"floor":26,"key":"Oddly Smooth Stone"},{"floor":28,"key":"PreservedInsect"},{"floor":30,"key":"Pen Nib"},{"floor":41,"key":"Art of War"},{"floor":43,"key":"Omamori"}],"event_choices":[{"damage_healed":0,"gold_gain":0,"player_choice":"Donut","damage_taken":0,"max_hp_gain":5,"max_hp_loss":0,"event_name":"Big Fish","floor":5,"gold_loss":0},{"damage_healed":0,"gold_gain":0,"player_choice":"Fought Mushrooms","damage_taken":0,"max_hp_gain":0,"max_hp_loss":0,"event_name":"Mushrooms","floor":8,"gold_loss":0},{"damage_healed":0,"gold_gain":100,"player_choice":"Pray","damage_taken":0,"max_hp_gain":0,"max_hp_loss":0,"event_name":"Golden Shrine","floor":11,"gold_loss":0},{"damage_healed":0,"gold_gain":0,"player_choice":"Obtain J.A.X.","damage_taken":0,"max_hp_gain":0,"max_hp_loss":0,"event_name":"Drug Dealer","floor":20,"gold_loss":0,"cards_obtained":["J.A.X."]},{"damage_healed":0,"gold_gain":0,"player_choice":"Opened","damage_taken":0,"relics_obtained":["Blood Vial"],"max_hp_gain":0,"max_hp_loss":0,"event_name":"The Mausoleum","floor":21,"gold_loss":0},{"damage_healed":0,"gold_gain":0,"player_choice":"Simplicity","damage_taken":0,"max_hp_gain":0,"max_hp_loss":0,"event_name":"Back to Basics","floor":29,"gold_loss":0,"cards_upgraded":["Strike_R","Strike_R","Strike_R","Strike_R","Defend_R","Defend_R","Defend_R","Defend_R"]},{"damage_healed":0,"gold_gain":0,"player_choice":"Upgraded","damage_taken":0,"max_hp_gain":0,"max_hp_loss":0,"event_name":"Upgrade Shrine","floor":36,"gold_loss":0,"cards_upgraded":["J.A.X."]},{"damage_healed":0,"gold_gain":0,"player_choice":"Forge","damage_taken":0,"max_hp_gain":0,"max_hp_loss":0,"event_name":"Accursed Blacksmith","floor":39,"gold_loss":0,"cards_upgraded":["Clothesline"]},{"damage_healed":0,"gold_gain":0,"player_choice":"Embrace Madness","damage_taken":11,"max_hp_gain":0,"max_hp_loss":0,"event_name":"Winding Halls","floor":46,"gold_loss":0,"cards_obtained":["Madness","Madness"]}],"is_beta":false,"boss_relics":[{"not_picked":["Black Blood","Lizard Tail"],"picked":"Ectoplasm"},{"not_picked":["Pandora\u0027s Box","White Beast Statue"],"picked":"Philosopher\u0027s Stone"}],"items_purged_floors":[3],"is_endless":false,"potions_floor_spawned":[4,8,13,18,22,27,28,30,33,35,37,38,44],"ascension_level":10}