{"gold_per_floor":[113,113,113,126,126,126,126,126,126,146,164,193,206,206,206,206],"floor_reached":16,"playtime":802,"items_purged":[],"score":200,"play_id":"e3608711-2d23-4d81-8dfb-066c38a6a032","local_time":"20190429142801","is_ascension_mode":true,"campfire_choices":[{"data":"Burst","floor":6,"key":"SMITH"},{"data":"Backflip","floor":8,"key":"SMITH"},{"data":"Footwork","floor":15,"key":"SMITH"}],"neow_cost":"NONE","seed_source_timestamp":544646700961100,"circlet_count":0,"master_deck":["AscendersBane","Defend_G+1","Defend_G","Defend_G","Defend_G+1","Defend_G","Strike_G","Strike_G","Strike_G","Strike_G","Survivor","Neutralize","Flying Knee","Backflip","Flechettes+1","Backflip+1","Escape Plan","Burst+1","Footwork+1","PiercingWail"],"relics":["Orrery","Strawberry","Oddly Smooth Stone"],"potions_floor_usage":[12,12],"damage_taken":[{"damage":0,"enemies":"Jaw Worm","floor":1,"turns":4},{"damage":2,"enemies":"Small Slimes","floor":4,"turns":3},{"damage":0,"enemies":"Cultist","floor":10,"turns":4},{"damage":21,"enemies":"2 Fungi Beasts","floor":11,"turns":5},{"damage":6,"enemies":"Lagavulin","floor":12,"turns":7},{"damage":0,"enemies":"Looter","floor":13,"turns":4},{"damage":40,"enemies":"Hexaghost","floor":16,"turns":11}],"seed_played":"-3936892570579245782","potions_obtained":[{"floor":1,"key":"Strength Potion"},{"floor":3,"key":"Strength Potion"}],"is_trial":false,"path_per_floor":["M","?","?","M","?","R","?","R","T","M","M","E","M","?","R","B"],"character_chosen":"THE_SILENT","items_purchased":[],"campfire_rested":0,"item_purchase_floors":[],"current_hp_per_floor":[59,52,52,50,30,30,30,30,37,37,16,10,10,34,34,0],"gold":206,"neow_bonus":"BOSS_RELIC","is_prod":false,"is_daily":false,"chose_seed":false,"campfire_upgraded":3,"win_rate":0,"timestamp":1556537281,"path_taken":["M","?","?","?","?","R","?","R","T","M","M","E","?","?","R","BOSS"],"build_version":"2019-01-23","purchased_purges":0,"victory":false,"max_hp_per_floor":[66,66,66,66,66,66,66,66,73,73,73,73,73,73,73,73],"card_choices":[{"not_picked":["Distraction","Prepared"],"picked":"Flying Knee","floor":0},{"not_picked":["Concentrate","Expertise"],"picked":"Backflip","floor":0},{"not_picked":["Riddle With Holes","hubris:Sniper"],"picked":"Flechettes","floor":0},{"not_picked":["Dagger Spray","hubris:Sniper"],"picked":"Backflip","floor":0},{"not_picked":["Blade Dance","PiercingWail"],"picked":"Escape Plan","floor":1},{"not_picked":["Deadly Poison","Bane"],"picked":"Burst","floor":4},{"not_picked":["Accuracy","Deadly Poison"],"picked":"Footwork","floor":10},{"not_picked":["Setup","Reflex","Blade Dance"],"picked":"SKIP","floor":11},{"not_picked":["Endless Agony","Bane"],"picked":"PiercingWail","floor":12},{"not_picked":["Poisoned Stab","hubris:TrickCloak","All Out Attack"],"picked":"SKIP","floor":13}],"player_experience":1249618,"relics_obtained":[{"floor":9,"key":"Strawberry"},{"floor":12,"key":"Oddly Smooth Stone"}],"event_choices":[{"cards_removed":["Strike_G"],"damage_healed":0,"gold_gain":0,"player_choice":"Card Removal","damage_taken":7,"max_hp_gain":0,"max_hp_loss":0,"event_name":"Golden Wing","floor":2,"gold_loss":0},{"damage_healed":0,"gold_gain":0,"player_choice":"Got Potions","damage_taken":0,"max_hp_gain":0,"max_hp_loss":0,"event_name":"Lab","floor":3,"gold_loss":0},{"damage_healed":0,"gold_gain":0,"player_choice":"Entered Light","damage_taken":20,"max_hp_gain":0,"max_hp_loss":0,"event_name":"Shining Light","floor":5,"gold_loss":0,"cards_upgraded":["Defend_G","Defend_G"]},{"damage_healed":0,"gold_gain":0,"player_choice":"Forge","damage_taken":0,"max_hp_gain":0,"max_hp_loss":0,"event_name":"Accursed Blacksmith","floor":7,"gold_loss":0,"cards_upgraded":["Flechettes"]},{"damage_healed":24,"gold_gain":0,"player_choice":"Banana","damage_taken":0,"max_hp_gain":0,"max_hp_loss":0,"event_name":"Big Fish","floor":14,"gold_loss":0}],"is_beta":false,"boss_relics":[],"items_purged_floors":[],"is_endless":false,"potions_floor_spawned":[1,10],"killed_by":"Hexaghost","ascension_level":20}