{"gold_per_floor":[119,119,119,140,161,161,54,75,102,117,117,117,42,42,42,165,165,183,86,86,104,29,29,53,67,114,114,114,114,14,14,14,14],"floor_reached":33,"playtime":1440,"items_purged":["Strike_B","Strike_B"],"score":398,"play_id":"76b60bdf-d6c3-47de-bfda-add49e74db4f","local_time":"20180819094925","is_ascension_mode":true,"campfire_choices":[{"data":"Zap","floor":6,"key":"SMITH"},{"floor":12,"key":"REST"},{"data":"Steam","floor":15,"key":"SMITH"},{"data":"Conserve Battery","floor":23,"key":"SMITH"},{"data":"Barrage","floor":27,"key":"SMITH"},{"data":"Fission","floor":29,"key":"SMITH"},{"floor":32,"key":"REST"}],"neow_cost":"","seed_source_timestamp":68551235828211,"circlet_count":0,"master_deck":["Defend_B","Defend_B","Defend_B","Defend_B","Zap+1","Dualcast","AscendersBane","Rebound","Ball Lightning","Steam+1","Ball Lightning","Capacitor","Barrage+1","Chill","Fission+1","Conserve Battery+1","Ball Lightning","Ball Lightning","Machine Learning"],"relics":["Cracked Core","Bloody Idol","Bag of Preparation","Eternal Feather","Art of War"],"potions_floor_usage":[],"damage_taken":[{"damage":3,"enemies":"2 Louse","floor":1,"turns":3},{"damage":0,"enemies":"Small Slimes","floor":4,"turns":2},{"damage":1,"enemies":"Cultist","floor":5,"turns":3},{"damage":12,"enemies":"Looter","floor":8,"turns":3},{"damage":0,"enemies":"2 Fungi Beasts","floor":10,"turns":2},{"damage":33,"enemies":"Hexaghost","floor":16,"turns":9},{"damage":20,"enemies":"3 Byrds","floor":18,"turns":5},{"damage":4,"enemies":"Spheric Guardian","floor":21,"turns":3},{"damage":22,"enemies":"Cultist and Chosen","floor":24,"turns":5},{"damage":4,"enemies":"Centurion and Healer","floor":25,"turns":6},{"damage":108,"enemies":"Champ","floor":33,"turns":9}],"seed_played":"7061457556933411014","potions_obtained":[{"floor":5,"key":"EntropicBrew"},{"floor":8,"key":"GamblersBrew"}],"is_trial":false,"path_per_floor":["M","?","?","M","M","R","$","M","T","M","?","R","$","?","R","B",null,"M","$","?","M","?","R","M","M","T","R","?","R","$","?","R"],"character_chosen":"DEFECT","items_purchased":["Ball Lightning","Capacitor","Conserve Battery","Ball Lightning"],"campfire_rested":2,"item_purchase_floors":[7,7,19,19],"current_hp_per_floor":[65,70,50,50,49,49,49,37,37,37,30,54,54,54,54,21,65,45,45,45,41,41,50,28,24,24,36,36,48,48,48,80,0],"gold":14,"neow_bonus":"","is_prod":false,"is_daily":false,"chose_seed":false,"campfire_upgraded":5,"win_rate":0,"timestamp":1534639765,"path_taken":["M","?","?","M","M","R","$","M","T","M","?","R","?","?","R","BOSS","M","$","?","?","?","R","M","M","T","R","?","R","$","?","R","BOSS"],"build_version":"2018-08-16","purchased_purges":2,"victory":false,"max_hp_per_floor":[75,80,80,80,80,80,80,80,80,80,80,80,80,80,80,80,80,80,80,80,80,80,80,80,80,80,80,80,80,80,80,80,80],"card_choices":[{"not_picked":["Defragment","Sweeping Beam"],"picked":"Rebound","floor":1},{"not_picked":["Streamline","Hologram"],"picked":"Ball Lightning","floor":4},{"not_picked":["Loop","Stack"],"picked":"Steam","floor":5},{"not_picked":["Steam Power","Redo"],"picked":"Barrage","floor":8},{"not_picked":["Force Field","Sweeping Beam"],"picked":"Chill","floor":10},{"not_picked":["Machine Learning","Reboot"],"picked":"Fission","floor":16},{"not_picked":["Storm","Hello World","Scrape"],"picked":"SKIP","floor":18},{"not_picked":["Blizzard","Rebound"],"picked":"Ball Lightning","floor":21},{"not_picked":["Skim","Heatsinks","Hologram"],"picked":"SKIP","floor":24},{"not_picked":["Compile Driver","Go for the Eyes"],"picked":"Machine Learning","floor":25}],"player_experience":240342,"relics_obtained":[{"floor":9,"key":"Bag of Preparation"},{"floor":26,"key":"Art of War"}],"event_choices":[{"event_name":"Big Fish","player_choice":"Donut","floor":2,"damage_taken":0},{"event_name":"Golden Idol","player_choice":"Take Damage","floor":3,"damage_taken":0},{"event_name":"Golden Wing","player_choice":"Card Removal","floor":11,"damage_taken":0},{"event_name":"Scrap Ooze","player_choice":"unsuccessful","floor":14,"damage_taken":0},{"event_name":"Cursed Tome","player_choice":"Ignored","floor":20,"damage_taken":0},{"event_name":"Beggar","player_choice":"Gave Gold","floor":22,"damage_taken":0},{"event_name":"Forgotten Altar","player_choice":"Gave Idol","floor":28,"damage_taken":0},{"event_name":"Ghosts","player_choice":"Ignored","floor":31,"damage_taken":0}],"is_beta":false,"boss_relics":[{"not_picked":["Calling Bell","Busted Crown"],"picked":"Eternal Feather"}],"items_purged_floors":[13,30],"is_endless":false,"potions_floor_spawned":[5,8,16,18],"killed_by":"Champ","ascension_level":12}