{"gold_per_floor":[113,125,137,137,32,32,43,77,89,126,157,183,195,233,245,257],"floor_reached":16,"playtime":1446,"items_purged":[],"score":220,"play_id":"ce6356c3-4f02-4b97-ae98-c0d91b947c7a","local_time":"20190809133208","is_ascension_mode":true,"campfire_choices":[{"data":"Bouncing Flask","floor":6,"key":"SMITH"},{"floor":13,"key":"REST"},{"floor":15,"key":"REST"}],"neow_cost":"NONE","seed_source_timestamp":2560184385147,"circlet_count":0,"master_deck":["AscendersBane","Strike_G","Strike_G","Strike_G","Strike_G","Strike_G","Defend_G","Defend_G+1","Defend_G+1","Defend_G","Defend_G","Survivor","Neutralize","Backstab","Slice","Bouncing Flask+1","Footwork","Cloak And Dagger","Dagger Spray","Endless Agony","Escape Plan","Noxious Fumes","Dagger Spray"],"relics":["Ring of the Snake","Bronze Scales","MawBank","Gremlin Horn","Calipers","Boot"],"potions_floor_usage":[7,8,12],"damage_taken":[{"damage":1,"enemies":"Small Slimes","floor":1,"turns":4},{"damage":1,"enemies":"Jaw Worm","floor":2,"turns":2},{"damage":0,"enemies":"2 Louse","floor":3,"turns":2},{"damage":0,"enemies":"Lots of Slimes","floor":7,"turns":1},{"damage":13,"enemies":"Gremlin Nob","floor":8,"turns":3},{"damage":16,"enemies":"3 Sentries","floor":10,"turns":7},{"damage":0,"enemies":"Blue Slaver","floor":11,"turns":4},{"damage":2,"enemies":"Large Slime","floor":12,"turns":5},{"damage":18,"enemies":"Gremlin Nob","floor":14,"turns":4},{"damage":27,"enemies":"Slime Boss","floor":16,"turns":8}],"seed_played":"-6337760454730966806","potions_obtained":[{"floor":1,"key":"Fire Potion"},{"floor":3,"key":"Explosive Potion"},{"floor":10,"key":"EssenceOfSteel"}],"is_trial":false,"path_per_floor":["M","M","M","?","$","R","M","E","T","E","M","M","R","E","R","B"],"character_chosen":"THE_SILENT","items_purchased":["Footwork","Cloak And Dagger"],"campfire_rested":2,"item_purchase_floors":[5,5],"current_hp_per_floor":[58,57,57,37,37,37,37,24,24,8,8,6,25,7,26,0],"gold":257,"neow_bonus":"RANDOM_COMMON_RELIC","is_prod":false,"is_daily":false,"chose_seed":false,"campfire_upgraded":1,"win_rate":0,"timestamp":1565350328,"path_taken":["M","M","M","?","$","R","M","E","T","E","M","M","R","E","R","BOSS"],"build_version":"2019-07-17","purchased_purges":0,"victory":false,"max_hp_per_floor":[66,66,66,66,66,66,66,66,66,66,66,66,66,66,66,66],"card_choices":[{"not_picked":["Catalyst","Calculated Gamble"],"picked":"Backstab","floor":1},{"not_picked":["PiercingWail","Acrobatics"],"picked":"Slice","floor":2},{"not_picked":["Grand Finale","Dagger Throw"],"picked":"Bouncing Flask","floor":3},{"not_picked":["Deadly Poison","Accuracy"],"picked":"Dagger Spray","floor":7},{"not_picked":["Quick Slash","Flechettes"],"picked":"Endless Agony","floor":8},{"not_picked":["Acrobatics","Slice","Choke"],"picked":"SKIP","floor":10},{"not_picked":["Riddle With Holes","Well Laid Plans"],"picked":"Escape Plan","floor":11},{"not_picked":["Prepared","Setup"],"picked":"Noxious Fumes","floor":12},{"not_picked":["Tactician","Backstab"],"picked":"Dagger Spray","floor":14}],"player_experience":796552,"relics_obtained":[{"floor":8,"key":"MawBank"},{"floor":9,"key":"Gremlin Horn"},{"floor":10,"key":"Calipers"},{"floor":14,"key":"Boot"}],"event_choices":[{"damage_healed":0,"gold_gain":0,"player_choice":"Entered Light","damage_taken":20,"max_hp_gain":0,"max_hp_loss":0,"event_name":"Shining Light","floor":4,"gold_loss":0,"cards_upgraded":["Defend_G","Defend_G"]}],"is_beta":false,"boss_relics":[],"items_purged_floors":[],"is_endless":false,"potions_floor_spawned":[1,3,10],"killed_by":"Slime Boss","ascension_level":16}