{"gold_per_floor":[365,365,383,383,69,99,113,113,113,113,131,56,86,86,86,86],"floor_reached":16,"playtime":628,"items_purged":["Strike_R"],"score":216,"play_id":"c24c7bc1-88e1-4bff-9635-493c72bdefda","local_time":"20190410142547","is_ascension_mode":true,"campfire_choices":[{"data":"Mayhem","floor":8,"key":"SMITH"},{"data":"Anger","floor":10,"key":"SMITH"},{"data":"True Grit","floor":15,"key":"SMITH"}],"neow_cost":"TEN_PERCENT_HP_LOSS","seed_source_timestamp":199949804920900,"circlet_count":0,"master_deck":["AscendersBane","Strike_R","Strike_R","Strike_R","Defend_R","Defend_R","Defend_R","Defend_R","Bash+1","True Grit+1","Anger+1","Mayhem+1","Disarm","Flame Barrier","Pommel Strike","Dual Wield+1"],"relics":["Burning Blood","Darkstone Periapt","Anchor","Orichalcum","Smiling Mask"],"potions_floor_usage":[16],"damage_taken":[{"damage":8,"enemies":"2 Louse","floor":1,"turns":4},{"damage":7,"enemies":"Jaw Worm","floor":3,"turns":4},{"damage":20,"enemies":"Lagavulin","floor":6,"turns":6},{"damage":6,"enemies":"Small Slimes","floor":7,"turns":4},{"damage":2,"enemies":"Exordium Thugs","floor":11,"turns":5},{"damage":18,"enemies":"3 Sentries","floor":13,"turns":9},{"damage":38,"enemies":"Slime Boss","floor":16,"turns":7}],"seed_played":"-879903346761469286","potions_obtained":[{"floor":6,"key":"GamblersBrew"},{"floor":11,"key":"LiquidBronze"},{"floor":13,"key":"Fire Potion"}],"is_trial":false,"path_per_floor":["M","?","M","?","$","E","M","R","T","R","M","?","E","?","R","B"],"character_chosen":"IRONCLAD","items_purchased":["Mayhem","Disarm"],"campfire_rested":0,"item_purchase_floors":[5,5],"current_hp_per_floor":[66,61,60,60,60,46,46,46,46,46,50,50,38,38,38,0],"gold":86,"neow_bonus":"TWO_FIFTY_GOLD","is_prod":false,"is_daily":false,"chose_seed":false,"campfire_upgraded":3,"win_rate":0,"timestamp":1554895547,"path_taken":["M","?","M","?","$","E","M","R","T","R","M","?","E","?","R","BOSS"],"build_version":"2019-01-23","purchased_purges":1,"victory":false,"max_hp_per_floor":[68,68,68,68,68,68,68,68,68,68,68,68,68,68,68,68],"card_choices":[{"not_picked":["Warcry","Infernal Blade"],"picked":"True Grit","floor":1},{"not_picked":["True Grit","Wild Strike"],"picked":"Anger","floor":3},{"not_picked":["Heavy Blade","Blood for Blood","Sever Soul"],"picked":"SKIP","floor":6},{"not_picked":["Thunderclap","Second Wind"],"picked":"Flame Barrier","floor":7},{"not_picked":["Fire Breathing","Sword Boomerang"],"picked":"Pommel Strike","floor":11},{"not_picked":["Pummel","Dual Wield","Pommel Strike"],"picked":"SKIP","floor":13},{"not_picked":["Pummel","Pommel Strike"],"picked":"Dual Wield","floor":13}],"player_experience":1142888,"relics_obtained":[{"floor":6,"key":"Anchor"},{"floor":9,"key":"Orichalcum"},{"floor":13,"key":"Smiling Mask"}],"event_choices":[{"damage_healed":0,"gold_gain":0,"player_choice":"Success","damage_taken":5,"relics_obtained":["Darkstone Periapt"],"max_hp_gain":0,"max_hp_loss":0,"event_name":"Scrap Ooze","floor":2,"gold_loss":0},{"damage_healed":0,"gold_gain":0,"player_choice":"Grow","damage_taken":0,"max_hp_gain":0,"max_hp_loss":0,"event_name":"Living Wall","floor":4,"gold_loss":0,"cards_upgraded":["Bash"]},{"cards_removed":["Strike_R"],"damage_healed":0,"gold_gain":0,"player_choice":"Card Removal","damage_taken":0,"max_hp_gain":0,"max_hp_loss":0,"event_name":"The Cleric","floor":12,"gold_loss":75},{"damage_healed":0,"gold_gain":0,"player_choice":"Upgraded","damage_taken":0,"max_hp_gain":0,"max_hp_loss":0,"event_name":"Upgrade Shrine","floor":14,"gold_loss":0,"cards_upgraded":["Dual Wield"]}],"is_beta":false,"boss_relics":[],"items_purged_floors":[5],"is_endless":false,"potions_floor_spawned":[6,11,13],"killed_by":"Slime Boss","ascension_level":20}