{"gold_per_floor":[112,122,142,152,163,163,163,163,163,163,175,186,200,210,210,305,305,325,340,340,216,232,54,54,70,70,70],"floor_reached":27,"playtime":1897,"items_purged":["Bash"],"score":211,"play_id":"22e7126f-f970-44bb-bd41-43eeb5e4370f","local_time":"20180627005423","is_ascension_mode":false,"campfire_choices":[{"data":"Flame Barrier","floor":6,"key":"SMITH"},{"data":"Thunderclap","floor":8,"key":"SMITH"},{"data":"Spot Weakness","floor":10,"key":"SMITH"},{"floor":15,"key":"REST"},{"floor":24,"key":"REST"}],"neow_cost":"NONE","seed_source_timestamp":353962160088527,"circlet_count":0,"master_deck":["Strike_R","Strike_R+1","Strike_R","Strike_R","Strike_R","Defend_R","Defend_R","Defend_R","Defend_R","Spot Weakness+1","Cleave+1","Thunderclap+1","Flame Barrier+1","Burning Pact+1","Disarm+1","Flame Barrier+1","Barricade","Shrug It Off+1","Cleave","Apotheosis+1"],"relics":["Burning Blood","NeowsBlessing","Toxic Egg 2","Lizard Tail","Potion Belt","Ornamental Fan"],"potions_floor_usage":[5,16,22],"damage_taken":[{"damage":0,"enemies":"2 Louse","floor":1,"turns":1},{"damage":0,"enemies":"Jaw Worm","floor":2,"turns":1},{"damage":0,"enemies":"Cultist","floor":3,"turns":1},{"damage":6,"enemies":"Blue Slaver","floor":4,"turns":4},{"damage":7,"enemies":"Large Slime","floor":5,"turns":7},{"damage":0,"enemies":"2 Fungi Beasts","floor":11,"turns":2},{"damage":5,"enemies":"3 Louse","floor":12,"turns":2},{"damage":13,"enemies":"Gremlin Gang","floor":13,"turns":4},{"damage":10,"enemies":"Looter","floor":14,"turns":2},{"damage":64,"enemies":"Slime Boss","floor":16,"turns":17},{"damage":0,"enemies":"3 Byrds","floor":18,"turns":5},{"damage":45,"enemies":"Spheric Guardian","floor":19,"turns":6},{"damage":22,"enemies":"Snake Plant","floor":22,"turns":5},{"damage":70,"enemies":"3 Cultists","floor":25,"turns":6},{"damage":38,"enemies":"Sentry and Sphere","floor":27,"turns":7}],"seed_played":"6910631633398896656","potions_obtained":[{"floor":2,"key":"Energy Potion"},{"floor":4,"key":"EssenceOfSteel"},{"floor":11,"key":"GamblersBrew"},{"floor":13,"key":"FearPotion"},{"floor":14,"key":"Weak Potion"},{"floor":19,"key":"Weak Potion"}],"is_trial":false,"path_per_floor":["M","M","M","M","M","R","?","R","T","R","M","M","M","M","R","B",null,"M","M","?","$","M","$","R","M","T"],"character_chosen":"IRONCLAD","items_purchased":["Cleave","Apotheosis+1"],"campfire_rested":2,"item_purchase_floors":[21,23],"current_hp_per_floor":[80,80,80,80,79,79,63,63,63,63,69,70,63,59,80,22,80,80,41,41,41,25,25,49,31,31,0],"gold":70,"neow_bonus":"THREE_ENEMY_KILL","is_prod":false,"is_daily":false,"chose_seed":false,"campfire_upgraded":3,"win_rate":0.0,"timestamp":1530028463,"path_taken":["M","M","M","M","M","R","?","R","T","R","M","M","?","M","R","BOSS","M","M","?","$","M","$","R","M","T","M"],"build_version":"2018-06-21v2","purchased_purges":1,"victory":false,"max_hp_per_floor":[80,80,80,80,80,80,80,80,80,80,80,80,80,80,80,80,80,80,80,80,80,80,80,80,80,80,80],"card_choices":[{"not_picked":["Pommel Strike","Twin Strike"],"picked":"Spot Weakness","floor":1},{"not_picked":["Dual Wield","Blood for Blood"],"picked":"Cleave","floor":2},{"not_picked":["True Grit","Dual Wield"],"picked":"Thunderclap","floor":3},{"not_picked":["Fire Breathing","True Grit"],"picked":"Flame Barrier","floor":4},{"not_picked":["Iron Wave","True Grit","Burning Pact"],"picked":"SKIP","floor":5},{"not_picked":["Dropkick","Clash"],"picked":"Burning Pact+1","floor":11},{"not_picked":["Flex+1","Armaments+1"],"picked":"Disarm+1","floor":12},{"not_picked":["Heavy Blade","Reckless Charge"],"picked":"Flame Barrier+1","floor":13},{"not_picked":["Perfected Strike","Sword Boomerang","Blood for Blood"],"picked":"SKIP","floor":14},{"not_picked":["Demon Form","Berserk"],"picked":"Barricade","floor":16},{"not_picked":["Ghostly Armor+1","Heavy Blade","Sever Soul"],"picked":"SKIP","floor":18},{"not_picked":["Feel No Pain","Flex+1"],"picked":"Shrug It Off+1","floor":19},{"not_picked":["Heavy Blade","Headbutt","Thunderclap"],"picked":"SKIP","floor":22},{"not_picked":["Flex+1","Pummel","Thunderclap"],"picked":"SKIP","floor":25}],"player_experience":36964,"relics_obtained":[{"floor":9,"key":"Toxic Egg 2"},{"floor":26,"key":"Ornamental Fan"}],"event_choices":[{"event_name":"Shining Light","player_choice":"Entered Light","floor":7,"damage_taken":0},{"event_name":"The Mausoleum","player_choice":"Yes","floor":20,"damage_taken":0}],"boss_relics":[{"not_picked":["Empty Cage","Runic Dome"],"picked":"Lizard Tail"}],"items_purged_floors":[21],"is_endless":false,"potions_floor_spawned":[2,4,11,13,14,19],"killed_by":"Sentry and Sphere","ascension_level":0}