{"gold_per_floor":[112,126,141,158,158,158,192,192,192,192,212,212,242,255,255,380,380,399,92,110,135,135,135,179,195,195,195,195,218,218,143,143,143],"floor_reached":33,"playtime":1857,"items_purged":["Defend_B"],"score":452,"play_id":"36856dc8-87d8-4596-aaf6-deea2096af68","local_time":"20180816112608","is_ascension_mode":true,"campfire_choices":[{"floor":6,"key":"REST"},{"data":"Zap","floor":8,"key":"SMITH"},{"floor":12,"key":"REST"},{"data":"Go for the Eyes","floor":15,"key":"SMITH"},{"data":"Conserve Battery","floor":23,"key":"SMITH"},{"floor":28,"key":"REST"},{"data":"Turbo","floor":32,"key":"SMITH"}],"neow_cost":"NONE","seed_source_timestamp":78066822309452,"circlet_count":0,"master_deck":["Strike_B","Defend_B","Defend_B","Defend_B","Zap+1","Dualcast","AscendersBane","Multi-Cast","Sweeping Beam","Go for the Eyes+1","Conserve Battery","Undo","Core Surge","Self Repair","Ball Lightning","Amplify","Ball Lightning","Sunder","Conserve Battery+1","Go for the Eyes+1","All For One","Hologram","Turbo+1","Core Surge"],"relics":["Cracked Core","Happy Flower","Shuriken","Golden Idol","Mango","Black Star","Centennial Puzzle","Calipers","Ginger","Strawberry"],"potions_floor_usage":[7,16,21,24,33,33],"damage_taken":[{"damage":3,"enemies":"2 Louse","floor":1,"turns":3},{"damage":13,"enemies":"Small Slimes","floor":2,"turns":4},{"damage":4,"enemies":"Jaw Worm","floor":3,"turns":3},{"damage":3,"enemies":"Looter","floor":4,"turns":3},{"damage":37,"enemies":"Gremlin Nob","floor":7,"turns":5},{"damage":0,"enemies":"2 Fungi Beasts","floor":11,"turns":3},{"damage":0,"enemies":"Large Slime","floor":14,"turns":4},{"damage":23,"enemies":"Hexaghost","floor":16,"turns":9},{"damage":7,"enemies":"Chosen","floor":18,"turns":5},{"damage":2,"enemies":"Shell Parasite","floor":20,"turns":5},{"damage":14,"enemies":"Snecko","floor":21,"turns":6},{"damage":40,"enemies":"Slavers","floor":24,"turns":5},{"damage":28,"enemies":"Sentry and Sphere","floor":25,"turns":4},{"damage":14,"enemies":"Centurion and Healer","floor":29,"turns":5},{"damage":85,"enemies":"Automaton","floor":33,"turns":10}],"seed_played":"-7495703246994443528","potions_obtained":[{"floor":1,"key":"PowerPotion"},{"floor":4,"key":"FocusPotion"},{"floor":11,"key":"Explosive Potion"},{"floor":20,"key":"Fruit Juice"},{"floor":25,"key":"Block Potion"},{"floor":29,"key":"Ancient Potion"}],"is_trial":false,"path_per_floor":["M","M","M","M","?","R","E","R","T","?","M","R","?","M","R","B",null,"M","$","M","M","?","R","E","M","T","?","R","M","?","?","R"],"character_chosen":"DEFECT","items_purchased":["Sunder","Centennial Puzzle","Conserve Battery"],"campfire_rested":3,"item_purchase_floors":[19,19,19],"current_hp_per_floor":[65,52,48,45,38,60,23,23,23,23,23,43,57,64,64,48,74,74,74,79,70,70,70,30,9,16,47,75,68,68,68,68,0],"gold":143,"neow_bonus":"TRANSFORM_CARD","is_prod":false,"is_daily":false,"chose_seed":false,"campfire_upgraded":4,"win_rate":0,"timestamp":1534386368,"path_taken":["M","M","M","M","?","R","E","R","T","?","M","R","?","M","R","BOSS","M","$","M","M","?","R","E","?","T","?","R","M","?","?","R","BOSS"],"build_version":"2018-08-09","purchased_purges":1,"victory":false,"max_hp_per_floor":[75,75,75,75,75,75,75,75,75,69,69,69,83,83,83,83,83,83,83,83,88,88,88,88,88,95,95,95,95,95,95,95,95],"card_choices":[{"not_picked":["Heatsinks","Beam Cell"],"picked":"Sweeping Beam","floor":1},{"not_picked":["Hologram","Redo"],"picked":"Go for the Eyes","floor":2},{"not_picked":["Barrage","Coolheaded"],"picked":"Conserve Battery","floor":3},{"not_picked":["Stack","Tempest"],"picked":"Undo","floor":4},{"not_picked":["Conserve Battery","Cold Snap"],"picked":"Core Surge","floor":7},{"not_picked":["Beam Cell","Sweeping Beam"],"picked":"Self Repair","floor":11},{"not_picked":["Redo","Coolheaded"],"picked":"Ball Lightning","floor":14},{"not_picked":["Meteor Strike","Hyperbeam"],"picked":"Amplify","floor":16},{"not_picked":["Lockon","Reinforced Body"],"picked":"Ball Lightning","floor":18},{"not_picked":["Ball Lightning","Turbo"],"picked":"Go for the Eyes+1","floor":20},{"not_picked":["Compile Driver","Rip and Tear+1"],"picked":"All For One","floor":21},{"not_picked":["Cold Snap","Reinforced Body"],"picked":"Hologram","floor":24},{"not_picked":["Sunder+1","Leap"],"picked":"Turbo","floor":25},{"not_picked":["Stack","Compile Driver"],"picked":"Core Surge","floor":29}],"player_experience":224769,"relics_obtained":[{"floor":7,"key":"Happy Flower"},{"floor":9,"key":"Shuriken"},{"floor":24,"key":"Calipers"},{"floor":24,"key":"Ginger"},{"floor":26,"key":"Strawberry"}],"event_choices":[{"event_name":"Golden Wing","player_choice":"Card Removal","floor":5,"damage_taken":0},{"event_name":"Golden Idol","player_choice":"Lose Max HP","floor":10,"damage_taken":0},{"event_name":"Dead Adventurer","player_choice":"Searched \u00272\u0027 times","floor":13,"damage_taken":0},{"event_name":"Drug Dealer","player_choice":"Ignored","floor":22,"damage_taken":0},{"event_name":"The Library","player_choice":"Heal","floor":27,"damage_taken":0},{"event_name":"Cursed Tome","player_choice":"Ignored","floor":30,"damage_taken":0},{"event_name":"Beggar","player_choice":"Gave Gold","floor":31,"damage_taken":0}],"is_beta":false,"boss_relics":[{"not_picked":["Coffee Dripper","Velvet Choker"],"picked":"Black Star"}],"items_purged_floors":[19],"is_endless":false,"potions_floor_spawned":[1,4,11,20,25,29],"killed_by":"Automaton","ascension_level":12}