{"gold_per_floor":[213,163,175,106,117,117,149,168,168,69,69,88,88,102,102,206,206,220,319,10,10,10,10,25,25,25,25,42,55,55,65,65,167,167,182,582,582,592,592],"floor_reached":39,"playtime":1041,"items_purged":["Strike_R"],"score":406,"play_id":"58ca3137-2a1a-4bbe-a66f-4f71eb3cabc4","local_time":"20190817000554","is_ascension_mode":false,"campfire_choices":[{"data":"Bash","floor":6,"key":"SMITH"},{"data":"Inflame","floor":11,"key":"SMITH"},{"floor":15,"key":"REST"},{"data":"Armaments","floor":23,"key":"SMITH"},{"floor":30,"key":"REST"},{"floor":32,"key":"REST"}],"neow_cost":"NONE","seed_source_timestamp":53979993698844,"circlet_count":0,"master_deck":["Strike_R","Strike_R","Strike_R","Defend_R","Defend_R","Defend_R","Defend_R","Bash+1","Disarm","Inflame+1","Spot Weakness","Metallicize","Shrug It Off","Sword Boomerang","Shrug It Off","Armaments+1","Anger","Heavy Blade+1","Offering","Twin Strike+1","Infernal Blade+1"],"relics":["Burning Blood","Du-Vu Doll","Kunai","Runic Pyramid","Shuriken","MutagenicStrength","Art of War","Runic Cube","Old Coin"],"potions_floor_usage":[28],"damage_taken":[{"damage":7,"enemies":"2 Louse","floor":1,"turns":3},{"damage":8,"enemies":"Jaw Worm","floor":3,"turns":4},{"damage":1,"enemies":"Cultist","floor":5,"turns":3},{"damage":32,"enemies":"Lagavulin","floor":7,"turns":6},{"damage":17,"enemies":"Looter","floor":8,"turns":3},{"damage":9,"enemies":"Exordium Wildlife","floor":12,"turns":4},{"damage":9,"enemies":"2 Fungi Beasts","floor":14,"turns":4},{"damage":29,"enemies":"The Guardian","floor":16,"turns":8},{"damage":18,"enemies":"Spheric Guardian","floor":18,"turns":4},{"damage":48,"enemies":"3 Byrds","floor":24,"turns":6},{"damage":6,"enemies":"Centurion and Healer","floor":28,"turns":6},{"damage":7,"enemies":"Snake Plant","floor":29,"turns":4},{"damage":36,"enemies":"Snecko","floor":31,"turns":7},{"damage":40,"enemies":"Automaton","floor":33,"turns":11},{"damage":55,"enemies":"3 Darklings","floor":35,"turns":7},{"damage":10,"enemies":"Mind Bloom Boss Battle","floor":36,"turns":4},{"damage":17,"enemies":"3 Shapes","floor":38,"turns":5},{"damage":22,"enemies":"Writhing Mass","floor":39,"turns":2}],"seed_played":"2655682910524283136","potions_obtained":[{"floor":1,"key":"Fire Potion"},{"floor":7,"key":"Strength Potion"},{"floor":12,"key":"Regen Potion"},{"floor":28,"key":"FearPotion"}],"is_trial":false,"path_per_floor":["M","?","M","$","M","R","E","M","T","$","R","M","?","M","R","B",null,"M","?","$","?","$","R","M","$","T","?","M","M","R","M","R","B",null,"M","?","?","M","M"],"character_chosen":"IRONCLAD","items_purchased":["Spot Weakness","Sword Boomerang","Shuriken","Anger"],"campfire_rested":3,"item_purchase_floors":[4,10,20,20],"current_hp_per_floor":[79,79,77,77,80,80,54,43,43,43,43,40,40,37,61,38,80,68,68,68,68,68,68,26,26,26,26,40,39,63,33,57,23,80,31,27,27,16,0],"gold":592,"neow_bonus":"HUNDRED_GOLD","is_prod":false,"is_daily":false,"chose_seed":false,"campfire_upgraded":3,"win_rate":0,"timestamp":1565993154,"path_taken":["M","?","M","?","M","R","E","M","T","$","R","?","?","M","R","BOSS","M","?","$","?","?","R","M","$","T","?","M","M","R","M","R","BOSS","M","?","?","M","?"],"build_version":"2019-07-17","purchased_purges":1,"victory":false,"max_hp_per_floor":[80,80,80,80,80,80,80,80,80,80,80,80,80,80,80,80,80,80,80,80,80,80,80,80,80,80,80,80,80,80,80,80,80,80,80,80,80,80,80],"card_choices":[{"not_picked":["Searing Blow","Body Slam"],"picked":"Disarm","floor":1},{"not_picked":["Warcry","Intimidate"],"picked":"Inflame","floor":3},{"not_picked":["Perfected Strike","Corruption","Dual Wield"],"picked":"SKIP","floor":5},{"not_picked":["Impervious","Intimidate"],"picked":"Metallicize","floor":7},{"not_picked":["Body Slam","Pommel Strike"],"picked":"Shrug It Off","floor":8},{"not_picked":["Perfected Strike","Second Wind","Flex"],"picked":"SKIP","floor":12},{"not_picked":["Armaments","Sword Boomerang"],"picked":"Shrug It Off","floor":14},{"not_picked":["Thunderclap+1","Headbutt"],"picked":"Armaments","floor":18},{"not_picked":["Sword Boomerang","Warcry","Wild Strike"],"picked":"SKIP","floor":24},{"not_picked":["Clothesline","Burning Pact","Pommel Strike"],"picked":"SKIP","floor":28},{"not_picked":["Body Slam","Flex","Inflame"],"picked":"SKIP","floor":29},{"not_picked":["Power Through","Disarm"],"picked":"Heavy Blade+1","floor":31},{"not_picked":["Double Tap","Impervious"],"picked":"Offering","floor":33},{"not_picked":["Shrug It Off","Reckless Charge+1","Anger+1"],"picked":"SKIP","floor":35},{"not_picked":["True Grit","Feel No Pain"],"picked":"Twin Strike+1","floor":36},{"not_picked":["Twin Strike","True Grit"],"picked":"Infernal Blade+1","floor":38}],"player_experience":959867,"relics_obtained":[{"floor":7,"key":"Du-Vu Doll"},{"floor":9,"key":"Kunai"},{"floor":26,"key":"Art of War"},{"floor":36,"key":"Old Coin"}],"event_choices":[{"cards_removed":["Strike_R"],"damage_healed":0,"gold_gain":0,"player_choice":"Card Removal","damage_taken":0,"max_hp_gain":0,"max_hp_loss":0,"event_name":"The Cleric","floor":2,"gold_loss":50},{"damage_healed":0,"gold_gain":0,"player_choice":"Ignored","damage_taken":0,"max_hp_gain":0,"max_hp_loss":0,"event_name":"Liars Game","floor":13,"gold_loss":0},{"damage_healed":0,"gold_gain":99,"player_choice":"Stole From Cult","damage_taken":0,"max_hp_gain":0,"max_hp_loss":0,"event_name":"Nest","floor":19,"gold_loss":0},{"damage_healed":0,"gold_gain":0,"player_choice":"Inject Mutagens","damage_taken":0,"relics_obtained":["MutagenicStrength"],"max_hp_gain":0,"max_hp_loss":0,"event_name":"Drug Dealer","floor":21,"gold_loss":0},{"damage_healed":0,"gold_gain":0,"player_choice":"Ignored","damage_taken":0,"max_hp_gain":0,"max_hp_loss":0,"event_name":"Ghosts","floor":27,"gold_loss":0},{"damage_healed":0,"gold_gain":0,"player_choice":"Fight","damage_taken":0,"max_hp_gain":0,"max_hp_loss":0,"event_name":"MindBloom","floor":36,"gold_loss":0},{"damage_healed":0,"gold_gain":0,"player_choice":"Memory 1","damage_taken":0,"max_hp_gain":0,"max_hp_loss":0,"event_name":"SensoryStone","floor":37,"gold_loss":0}],"is_beta":false,"boss_relics":[{"not_picked":["Mark of Pain","Snecko Eye"],"picked":"Runic Pyramid"},{"not_picked":["Black Star","Black Blood"],"picked":"Runic Cube"}],"items_purged_floors":[10],"is_endless":false,"potions_floor_spawned":[1,7,12,14,16,24,28,31],"killed_by":"Writhing Mass","ascension_level":0}