{"gold_per_floor":[111,186,186,25,45,45,63,63,90,147,180,180,193,219,219,293,293,312,227,250,362,384,396,442,454,466,478,522,552,598,95,95,173,173,187,240,254,254,4,4,19,35,35,35,52,52,52,87,87,87,87],"floor_reached":52,"playtime":2898,"items_purged":["Strike_R","Strike_R","Strike_R"],"score":1942,"play_id":"ffd20ae6-e1b0-4d59-bdaf-fbb12678a656","local_time":"20190326132335","is_ascension_mode":true,"campfire_choices":[{"data":"Uppercut","floor":6,"key":"SMITH"},{"floor":8,"key":"REST"},{"data":"Uppercut","floor":12,"key":"SMITH"},{"data":"Anger","floor":15,"key":"SMITH"},{"data":"Immolate","floor":23,"key":"SMITH"},{"data":"True Grit","floor":25,"key":"SMITH"},{"data":"Sword Boomerang","floor":27,"key":"SMITH"},{"data":"Inflame","floor":32,"key":"SMITH"},{"floor":40,"key":"DIG"},{"floor":44,"key":"DIG"},{"floor":47,"key":"DIG"},{"floor":49,"key":"DIG"}],"neow_cost":"NONE","seed_source_timestamp":699051011440400,"circlet_count":0,"master_deck":["AscendersBane","Strike_R+1","Defend_R","Defend_R","Defend_R","Defend_R","Bash","Feel No Pain","Ghostly Armor+1","Uppercut+1","Sword Boomerang","Anger+1","Uppercut+1","Immolate+1","Body Slam+1","True Grit+1","Sword Boomerang+1","Impervious","Shrug It Off","Inflame+1","Shockwave","Violence","Whirlwind","Barricade","Metallicize","Warcry+1","Metallicize","Corruption+1"],"relics":["Burning Blood","Boot","Shuriken","Torii","Bag of Preparation","Coffee Dripper","MawBank","Pocketwatch","Singing Bowl","Magic Flower","Matryoshka","Potion Belt","Oddly Smooth Stone","Philosopher\u0027s Stone","Calipers","Shovel","Pantograph","Regal Pillow","Pear","Meat on the Bone","Toxic Egg 2","Strawberry","Red Skull"],"potions_floor_usage":[11,21,24,36,51,51,51,51],"damage_taken":[{"damage":6,"enemies":"2 Louse","floor":1,"turns":4},{"damage":2,"enemies":"Small Slimes","floor":5,"turns":5},{"damage":15,"enemies":"Jaw Worm","floor":7,"turns":5},{"damage":15,"enemies":"3 Sentries","floor":10,"turns":12},{"damage":3,"enemies":"Gremlin Nob","floor":11,"turns":3},{"damage":0,"enemies":"2 Fungi Beasts","floor":13,"turns":2},{"damage":16,"enemies":"Lagavulin","floor":14,"turns":5},{"damage":20,"enemies":"The Guardian","floor":16,"turns":10},{"damage":7,"enemies":"3 Byrds","floor":18,"turns":4},{"damage":0,"enemies":"Chosen","floor":20,"turns":3},{"damage":0,"enemies":"Colosseum Slavers","floor":21,"turns":3},{"damage":15,"enemies":"Colosseum Nobs","floor":21,"turns":3},{"damage":0,"enemies":"Snecko","floor":22,"turns":3},{"damage":19,"enemies":"Slavers","floor":24,"turns":3},{"damage":1,"enemies":"Gremlin Leader","floor":28,"turns":5},{"damage":1,"enemies":"Cultist and Chosen","floor":29,"turns":4},{"damage":20,"enemies":"Slavers","floor":30,"turns":3},{"damage":1,"enemies":"Champ","floor":33,"turns":8},{"damage":6,"enemies":"Orb Walker","floor":35,"turns":3},{"damage":18,"enemies":"2 Orb Walkers","floor":36,"turns":3},{"damage":0,"enemies":"3 Shapes","floor":37,"turns":6},{"damage":9,"enemies":"Writhing Mass","floor":41,"turns":8},{"damage":14,"enemies":"Sphere and 2 Shapes","floor":42,"turns":8},{"damage":10,"enemies":"3 Darklings","floor":45,"turns":5},{"damage":0,"enemies":"Giant Head","floor":48,"turns":6},{"damage":40,"enemies":"Time Eater","floor":50,"turns":13},{"damage":51,"enemies":"Donu and Deca","floor":51,"turns":8}],"seed_played":"6253867129303422468","potions_obtained":[{"floor":1,"key":"GamblersBrew"},{"floor":7,"key":"Ancient Potion"},{"floor":14,"key":"GamblersBrew"},{"floor":18,"key":"SkillPotion"},{"floor":21,"key":"Ancient Potion"},{"floor":29,"key":"Strength Potion"},{"floor":30,"key":"PowerPotion"},{"floor":35,"key":"SkillPotion"},{"floor":36,"key":"Strength Potion"},{"floor":45,"key":"GamblersBrew"}],"is_trial":false,"path_per_floor":["M","?","?","$","M","R","M","R","T","?","E","R","M","E","R","B",null,"M","?","M","?","M","R","E","R","T","R","E","M","E","$","R","B",null,"M","?","M","?","$","R","M","M","T","R","M","$","R","E","R","B","B",null],"character_chosen":"IRONCLAD","items_purchased":["Uppercut","Inflame","Shockwave","Violence","Whirlwind","Metallicize","Ancient Potion"],"campfire_rested":1,"item_purchase_floors":[4,31,31,31,31,39,39],"current_hp_per_floor":[68,57,34,34,38,38,29,51,51,42,45,45,51,41,41,27,63,62,62,68,65,71,71,60,60,60,60,68,76,67,67,67,75,78,79,72,81,81,81,81,83,80,90,90,89,89,89,104,104,73,62],"gold":87,"neow_bonus":"TRANSFORM_CARD","is_prod":false,"is_daily":false,"chose_seed":false,"campfire_upgraded":7,"win_rate":0,"timestamp":1553595815,"path_taken":["M","?","?","$","M","R","M","R","T","?","E","R","?","E","R","BOSS","M","?","M","?","M","R","E","R","T","R","E","M","E","$","R","BOSS","M","?","M","?","$","R","M","M","T","R","?","?","R","E","R","BOSS","BOSS"],"build_version":"2019-01-23","purchased_purges":3,"victory":true,"max_hp_per_floor":[75,75,75,75,75,75,75,75,75,75,75,75,75,75,75,75,75,75,75,75,75,75,75,77,77,77,77,77,77,79,79,79,79,79,79,81,81,81,81,81,83,85,95,95,95,95,95,104,104,104,104],"card_choices":[{"not_picked":["Headbutt","Evolve"],"picked":"Ghostly Armor","floor":1},{"not_picked":["Warcry","Flex","Wild Strike"],"picked":"SKIP","floor":5},{"not_picked":["Shrug It Off","Combust"],"picked":"Sword Boomerang","floor":7},{"not_picked":["Clothesline","True Grit"],"picked":"Anger","floor":10},{"not_picked":["Clash","Anger"],"picked":"Uppercut","floor":11},{"not_picked":["Warcry","Dual Wield","Entrench"],"picked":"SKIP","floor":13},{"not_picked":["Feel No Pain","Dual Wield","Wild Strike"],"picked":"SKIP","floor":14},{"not_picked":["Offering","Double Tap"],"picked":"Immolate","floor":16},{"not_picked":["True Grit","Armaments+1"],"picked":"Body Slam+1","floor":18},{"not_picked":["Pommel Strike","Perfected Strike","Corruption"],"picked":"SKIP","floor":20},{"not_picked":["Havoc","Clash"],"picked":"True Grit","floor":21},{"not_picked":["Clash","Cleave"],"picked":"Sword Boomerang","floor":22},{"not_picked":["Sever Soul","Pommel Strike","Heavy Blade"],"picked":"Singing Bowl","floor":24},{"not_picked":["Sever Soul","Offering"],"picked":"Impervious","floor":28},{"not_picked":["Rupture+1","Warcry"],"picked":"Shrug It Off","floor":29},{"not_picked":["Flex","Armaments","Pommel Strike"],"picked":"Singing Bowl","floor":30},{"not_picked":["Exhume","Offering"],"picked":"Barricade","floor":33},{"not_picked":["Battle Trance","Anger"],"picked":"Metallicize","floor":35},{"not_picked":["Dropkick","Havoc+1","Whirlwind"],"picked":"Singing Bowl","floor":36},{"not_picked":["Rampage+1","True Grit"],"picked":"Warcry+1","floor":37},{"not_picked":["Flex","Combust+1","Body Slam"],"picked":"Singing Bowl","floor":41},{"not_picked":["Iron Wave","Thunderclap","Heavy Blade+1"],"picked":"Singing Bowl","floor":42},{"not_picked":["Juggernaut","Anger+1"],"picked":"Corruption+1","floor":45},{"not_picked":["Hemokinesis+1","Bloodletting+1","Dual Wield+1"],"picked":"Singing Bowl","floor":48}],"player_experience":1024483,"relics_obtained":[{"floor":9,"key":"Boot"},{"floor":10,"key":"Shuriken"},{"floor":11,"key":"Torii"},{"floor":14,"key":"Bag of Preparation"},{"floor":21,"key":"Pocketwatch"},{"floor":21,"key":"Singing Bowl"},{"floor":24,"key":"Magic Flower"},{"floor":26,"key":"Matryoshka"},{"floor":28,"key":"Potion Belt"},{"floor":30,"key":"Oddly Smooth Stone"},{"floor":36,"key":"Calipers"},{"floor":40,"key":"Pantograph"},{"floor":43,"key":"Regal Pillow"},{"floor":43,"key":"Pear"},{"floor":44,"key":"Meat on the Bone"},{"floor":47,"key":"Toxic Egg 2"},{"floor":48,"key":"Strawberry"},{"floor":49,"key":"Red Skull"}],"event_choices":[{"damage_healed":0,"gold_gain":75,"player_choice":"Gather Gold","damage_taken":11,"max_hp_gain":0,"max_hp_loss":0,"event_name":"World of Goop","floor":2,"gold_loss":0},{"damage_healed":0,"gold_gain":0,"player_choice":"Entered Light","damage_taken":23,"max_hp_gain":0,"max_hp_loss":0,"event_name":"Shining Light","floor":3,"gold_loss":0,"cards_upgraded":["Ghostly Armor","Strike_R"]},{"damage_healed":0,"gold_gain":0,"player_choice":"Searched \u00271\u0027 times","damage_taken":0,"max_hp_gain":0,"max_hp_loss":0,"event_name":"Dead Adventurer","floor":10,"gold_loss":0},{"damage_healed":0,"gold_gain":0,"player_choice":"Obtained Relic","damage_taken":0,"relics_obtained":["MawBank"],"max_hp_gain":0,"max_hp_loss":0,"event_name":"Addict","floor":19,"gold_loss":85},{"damage_healed":0,"gold_gain":0,"player_choice":"Fight","damage_taken":0,"max_hp_gain":0,"max_hp_loss":0,"event_name":"Colosseum","floor":21,"gold_loss":0},{"damage_healed":0,"gold_gain":0,"player_choice":"Fought Nobs","damage_taken":0,"max_hp_gain":0,"max_hp_loss":0,"event_name":"Colosseum","floor":21,"gold_loss":0},{"damage_healed":0,"gold_gain":0,"player_choice":"Fight","damage_taken":0,"max_hp_gain":0,"max_hp_loss":0,"event_name":"Mysterious Sphere","floor":36,"gold_loss":0},{"damage_healed":0,"gold_gain":0,"player_choice":"Gave Potion","damage_taken":0,"relics_obtained":["Shovel"],"max_hp_gain":0,"max_hp_loss":0,"event_name":"WeMeetAgain","floor":38,"gold_loss":0}],"is_beta":false,"boss_relics":[{"not_picked":["Pandora\u0027s Box","Runic Cube"],"picked":"Coffee Dripper"},{"not_picked":["Calling Bell","White Beast Statue"],"picked":"Philosopher\u0027s Stone"}],"items_purged_floors":[4,31,39],"is_endless":false,"potions_floor_spawned":[1,7,14,18,21,21,29,30,35,36,45],"ascension_level":20}