{"gold_per_floor":[110,120,195,195,213,213,213,239,239,239,253,253,310,327,327,327],"floor_reached":16,"playtime":789,"items_purged":[],"score":135,"play_id":"94a15259-ae2b-4513-a253-ce532b4bea8a","local_time":"20180808112045","is_ascension_mode":true,"campfire_choices":[{"data":"Tempest","floor":6,"key":"SMITH"},{"floor":12,"key":"REST"},{"floor":15,"key":"REST"}],"neow_cost":"TEN_PERCENT_HP_LOSS","seed_source_timestamp":264041158164152,"circlet_count":0,"master_deck":["Strike_B","Strike_B","Strike_B","Defend_B","Defend_B","Defend_B","Defend_B","Zap","Dualcast","Seek","Rebound","Tempest+1","Gash","Glacier+1","Glacier+1"],"relics":["Cracked Core","Toxic Egg 2","Matryoshka","Unceasing Top"],"potions_floor_usage":[13],"damage_taken":[{"damage":3,"enemies":"2 Louse","floor":1,"turns":3},{"damage":4,"enemies":"Jaw Worm","floor":2,"turns":3},{"damage":1,"enemies":"Cultist","floor":5,"turns":3},{"damage":17,"enemies":"3 Sentries","floor":8,"turns":6},{"damage":11,"enemies":"2 Fungi Beasts","floor":11,"turns":3},{"damage":7,"enemies":"3 Sentries","floor":13,"turns":8},{"damage":5,"enemies":"Gremlin Gang","floor":14,"turns":4},{"damage":58,"enemies":"Hexaghost","floor":16,"turns":16}],"seed_played":"-7012093646760726342","potions_obtained":[{"floor":1,"key":"Strength Potion"},{"floor":8,"key":"Ancient Potion"},{"floor":11,"key":"LiquidBronze"},{"floor":13,"key":"FocusPotion"},{"floor":14,"key":"FairyPotion"}],"is_trial":false,"path_per_floor":["M","M","?","$","M","R","?","E","T","$","M","R","?","M","R"],"character_chosen":"DEFECT","items_purchased":[],"campfire_rested":2,"item_purchase_floors":[],"current_hp_per_floor":[65,61,50,50,49,49,49,32,32,32,21,41,34,29,49,0],"gold":327,"neow_bonus":"THREE_RARE_CARDS","is_prod":false,"is_daily":false,"chose_seed":false,"campfire_upgraded":1,"win_rate":0,"timestamp":1533694845,"path_taken":["M","M","?","?","?","R","?","E","T","$","?","R","?","M","R","BOSS"],"build_version":"2018-08-02","purchased_purges":0,"victory":false,"max_hp_per_floor":[68,68,68,68,68,68,68,68,68,68,68,68,68,68,68,68],"card_choices":[{"not_picked":["Echo Form","Rainbow"],"picked":"Seek","floor":0},{"not_picked":["Hello World","Aggregate","Steam Power"],"picked":"SKIP","floor":1},{"not_picked":["Turbo","Storm"],"picked":"Rebound","floor":2},{"not_picked":["Turbo","Fusion"],"picked":"Tempest","floor":5},{"not_picked":["Compile Driver","Double Energy"],"picked":"Gash","floor":8},{"not_picked":["Rebound","Lockon"],"picked":"Glacier+1","floor":11},{"not_picked":["Barrage","Stack+1"],"picked":"Glacier+1","floor":13},{"not_picked":["Darkness+1","Consume+1","Doom and Gloom"],"picked":"SKIP","floor":14}],"player_experience":171921,"relics_obtained":[{"floor":8,"key":"Toxic Egg 2"},{"floor":9,"key":"Matryoshka"},{"floor":13,"key":"Unceasing Top"}],"event_choices":[{"event_name":"World of Goop","player_choice":"Gather Gold","floor":3,"damage_taken":0},{"event_name":"Purifier","player_choice":"One Purge","floor":7,"damage_taken":0},{"event_name":"Dead Adventurer","player_choice":"Searched \u00272\u0027 times","floor":13,"damage_taken":0}],"is_beta":false,"boss_relics":[],"items_purged_floors":[],"is_endless":false,"potions_floor_spawned":[1,8,11,13,13,14],"killed_by":"Hexaghost","ascension_level":7}