{"gold_per_floor":[119,131,0,75,75,75,107,107,107,4,22,52,52,71,71,143,143,158,173,173,193,83,83,83],"floor_reached":24,"playtime":1573,"items_purged":["Strike_R"],"score":483,"play_id":"7bb69ef5-f669-4c9f-994b-cb4b0955c5f2","local_time":"20190329102527","is_ascension_mode":true,"campfire_choices":[{"data":"Body Slam","floor":6,"key":"SMITH"},{"data":"Body Slam","floor":8,"key":"SMITH"},{"data":"Entrench","floor":13,"key":"SMITH"},{"data":"Armaments","floor":15,"key":"SMITH"},{"data":"Entrench","floor":23,"key":"SMITH"}],"neow_cost":"NONE","seed_source_timestamp":948916404946200,"circlet_count":0,"master_deck":["AscendersBane","Strike_R","Strike_R+1","Strike_R","Defend_R","Defend_R","Defend_R","Defend_R","Bash","Body Slam+1","Entrench+1","Shrug It Off","Body Slam+1","Shrug It Off","Armaments+1","Headbutt","Fiend Fire","Feed","Bloodletting","Entrench+1","Dual Wield"],"relics":["Burning Blood","NeowsBlessing","Dream Catcher","Omamori","Regal Pillow","Runic Pyramid"],"potions_floor_usage":[24],"damage_taken":[{"damage":0,"enemies":"Cultist","floor":1,"turns":1},{"damage":0,"enemies":"2 Louse","floor":2,"turns":1},{"damage":0,"enemies":"Gremlin Nob","floor":7,"turns":1},{"damage":4,"enemies":"Jaw Worm","floor":11,"turns":3},{"damage":19,"enemies":"Lagavulin","floor":12,"turns":7},{"damage":29,"enemies":"Exordium Thugs","floor":14,"turns":6},{"damage":14,"enemies":"The Guardian","floor":16,"turns":13},{"damage":9,"enemies":"Chosen","floor":18,"turns":5},{"damage":28,"enemies":"2 Thieves","floor":19,"turns":4},{"damage":0,"enemies":"Snecko","floor":21,"turns":4},{"damage":67,"enemies":"Slavers","floor":24,"turns":6}],"seed_played":"-2546538612195911980","potions_obtained":[{"floor":11,"key":"SpeedPotion"},{"floor":14,"key":"SteroidPotion"},{"floor":16,"key":"SpeedPotion"},{"floor":18,"key":"Weak Potion"}],"is_trial":false,"path_per_floor":["M","M","$","?","?","R","E","R","T","$","M","E","R","M","R","B",null,"M","M","?","M","?","R","E"],"character_chosen":"IRONCLAD","items_purchased":["Shrug It Off","Shrug It Off","Armaments"],"campfire_rested":0,"item_purchase_floors":[3,10,10],"current_hp_per_floor":[74,75,75,64,69,69,75,75,75,75,77,64,64,41,41,33,68,69,51,51,61,61,61,0],"gold":83,"neow_bonus":"THREE_ENEMY_KILL","is_prod":false,"is_daily":false,"chose_seed":false,"campfire_upgraded":5,"win_rate":0,"timestamp":1553844327,"path_taken":["M","?","$","?","?","R","E","R","T","?","M","E","R","?","R","BOSS","M","M","?","M","?","R","E"],"build_version":"2019-01-23","purchased_purges":1,"victory":false,"max_hp_per_floor":[75,75,75,75,80,80,80,80,80,80,80,80,80,80,80,80,80,84,88,88,92,92,92,96],"card_choices":[{"not_picked":["Armaments","Clash"],"picked":"Body Slam","floor":1},{"not_picked":["Wild Strike","Flex"],"picked":"Entrench","floor":2},{"not_picked":["Iron Wave","Clash"],"picked":"Body Slam","floor":7},{"not_picked":["Limit Break","Armaments","Headbutt"],"picked":"SKIP","floor":11},{"not_picked":["Limit Break","Armaments"],"picked":"Headbutt","floor":11},{"not_picked":["Twin Strike","Clothesline","Clash"],"picked":"SKIP","floor":12},{"not_picked":["Twin Strike","Clothesline","Clash"],"picked":"SKIP","floor":12},{"not_picked":["Searing Blow","Flex"],"picked":"Fiend Fire","floor":14},{"not_picked":["Berserk","Offering"],"picked":"Feed","floor":16},{"not_picked":["Thunderclap","Inflame","Rupture"],"picked":"SKIP","floor":18},{"not_picked":["Perfected Strike","Anger"],"picked":"Bloodletting","floor":19},{"not_picked":["Carnage","Iron Wave"],"picked":"Dual Wield","floor":21}],"player_experience":1053939,"relics_obtained":[{"floor":7,"key":"Dream Catcher"},{"floor":9,"key":"Omamori"},{"floor":12,"key":"Regal Pillow"}],"event_choices":[{"damage_healed":0,"gold_gain":75,"player_choice":"Gather Gold","damage_taken":11,"max_hp_gain":0,"max_hp_loss":0,"event_name":"World of Goop","floor":4,"gold_loss":0},{"damage_healed":0,"gold_gain":0,"player_choice":"Donut","damage_taken":0,"max_hp_gain":5,"max_hp_loss":0,"event_name":"Big Fish","floor":5,"gold_loss":0},{"damage_healed":0,"gold_gain":0,"player_choice":"Read","damage_taken":0,"max_hp_gain":0,"max_hp_loss":0,"event_name":"The Library","floor":20,"gold_loss":0,"cards_obtained":["Entrench"]},{"cards_removed":["Strike_R"],"damage_healed":0,"gold_gain":0,"player_choice":"Upgrade and Remove","damage_taken":0,"max_hp_gain":0,"max_hp_loss":0,"event_name":"Designer","floor":22,"gold_loss":110,"cards_upgraded":["Strike_R"]}],"is_beta":false,"boss_relics":[{"not_picked":["Runic Dome","Snecko Eye"],"picked":"Runic Pyramid"}],"items_purged_floors":[3],"is_endless":false,"potions_floor_spawned":[11,14,16,18,19],"killed_by":"Slavers","ascension_level":20}