{"gold_per_floor":[113,132,282,121,138,138,169,169,169,180,214,214,243,256,256,331,331,350,370,370,320,37,37,67,67,92,127,146,146],"floor_reached":29,"playtime":1976,"items_purged":["Doubt","Strike_R"],"score":612,"play_id":"0a3c6770-d21c-4ce5-bee0-61a2247869f4","local_time":"20190326123450","is_ascension_mode":true,"campfire_choices":[{"data":"Inflame","floor":6,"key":"SMITH"},{"data":"Bash","floor":8,"key":"SMITH"},{"data":"Dual Wield","floor":15,"key":"SMITH"},{"data":"Offering","floor":23,"key":"SMITH"},{"data":"Heavy Blade","floor":25,"key":"SMITH"}],"neow_cost":"NONE","seed_source_timestamp":697060442831700,"circlet_count":0,"master_deck":["AscendersBane","Strike_R","Strike_R","Strike_R","Strike_R","Defend_R","Defend_R","Defend_R","Defend_R","Bash+1","Metallicize","Anger","Inflame+1","Limit Break","Twin Strike","Dual Wield+1","Heavy Blade+1","Combust","Offering+1","Burning Pact+1","Shrug It Off+1","Battle Trance","Dark Shackles","Dual Wield"],"relics":["Burning Blood","Orichalcum","Darkstone Periapt","Centennial Puzzle","Bird Faced Urn","Matryoshka","Gambling Chip","Sozu","Happy Flower","Kunai","Blood Vial","Anchor","Oddly Smooth Stone","Bag of Marbles"],"potions_floor_usage":[11,16],"damage_taken":[{"damage":6,"enemies":"2 Louse","floor":1,"turns":4},{"damage":4,"enemies":"Small Slimes","floor":2,"turns":4},{"damage":11,"enemies":"Jaw Worm","floor":5,"turns":4},{"damage":15,"enemies":"3 Sentries","floor":7,"turns":8},{"damage":5,"enemies":"Red Slaver","floor":10,"turns":3},{"damage":13,"enemies":"Lagavulin","floor":11,"turns":6},{"damage":10,"enemies":"3 Sentries","floor":13,"turns":6},{"damage":0,"enemies":"3 Louse","floor":14,"turns":9},{"damage":63,"enemies":"Hexaghost","floor":16,"turns":8},{"damage":12,"enemies":"3 Byrds","floor":18,"turns":4},{"damage":18,"enemies":"Shell Parasite","floor":19,"turns":4},{"damage":34,"enemies":"Slavers","floor":24,"turns":3},{"damage":16,"enemies":"Gremlin Leader","floor":27,"turns":3},{"damage":47,"enemies":"Chosen and Byrds","floor":28,"turns":5},{"damage":20,"enemies":"Cultist and Chosen","floor":29,"turns":3}],"seed_played":"1478961998425669830","potions_obtained":[{"floor":5,"key":"Regen Potion"},{"floor":7,"key":"LiquidBronze"},{"floor":13,"key":"Energy Potion"}],"is_trial":false,"path_per_floor":["M","M","?","$","M","R","E","R","T","M","E","?","E","M","R","B",null,"M","M","T","?","$","R","E","R","T","E","M","M"],"character_chosen":"IRONCLAD","items_purchased":["Inflame","Battle Trance","Dark Shackles"],"campfire_rested":0,"item_purchase_floors":[4,22,22],"current_hp_per_floor":[68,70,70,70,65,65,56,56,56,57,65,54,56,66,66,21,62,62,60,60,60,60,60,40,40,40,38,7,0],"gold":146,"neow_bonus":"RANDOM_COMMON_RELIC","is_prod":false,"is_daily":false,"chose_seed":false,"campfire_upgraded":5,"win_rate":0,"timestamp":1553592890,"path_taken":["M","M","?","$","M","R","E","R","T","M","E","?","E","?","R","BOSS","M","M","?","?","$","R","E","R","T","E","?","M"],"build_version":"2019-01-23","purchased_purges":2,"victory":false,"max_hp_per_floor":[75,75,75,75,75,75,75,75,75,75,75,75,75,75,75,75,75,75,75,75,75,75,75,75,75,75,75,75,75],"card_choices":[{"not_picked":["Wild Strike","Clash"],"picked":"Metallicize","floor":1},{"not_picked":["Perfected Strike","Sword Boomerang"],"picked":"Anger","floor":2},{"not_picked":["Dual Wield","Twin Strike"],"picked":"Limit Break","floor":5},{"not_picked":["Clothesline","Body Slam"],"picked":"Twin Strike","floor":7},{"not_picked":["True Grit","Heavy Blade","Body Slam"],"picked":"SKIP","floor":10},{"not_picked":["Battle Trance","Burning Pact"],"picked":"Dual Wield","floor":11},{"not_picked":["Warcry","Searing Blow"],"picked":"Heavy Blade","floor":13},{"not_picked":["Thunderclap","Anger"],"picked":"Combust","floor":14},{"not_picked":["Limit Break","Demon Form"],"picked":"Offering","floor":16},{"not_picked":["Rampage","Bloodletting"],"picked":"Burning Pact+1","floor":18},{"not_picked":["Twin Strike","Sword Boomerang"],"picked":"Shrug It Off+1","floor":19},{"not_picked":["Perfected Strike","Clash","Dropkick+1"],"picked":"SKIP","floor":24},{"not_picked":["Battle Trance","Headbutt","Sever Soul"],"picked":"SKIP","floor":27},{"not_picked":["Thunderclap","Disarm+1"],"picked":"Dual Wield","floor":28}],"player_experience":1022507,"relics_obtained":[{"floor":7,"key":"Darkstone Periapt"},{"floor":9,"key":"Centennial Puzzle"},{"floor":11,"key":"Bird Faced Urn"},{"floor":13,"key":"Gambling Chip"},{"floor":20,"key":"Happy Flower"},{"floor":20,"key":"Kunai"},{"floor":24,"key":"Blood Vial"},{"floor":26,"key":"Anchor"},{"floor":26,"key":"Oddly Smooth Stone"},{"floor":27,"key":"Bag of Marbles"}],"event_choices":[{"damage_healed":0,"gold_gain":150,"player_choice":"AGREE","damage_taken":0,"max_hp_gain":0,"max_hp_loss":0,"event_name":"Liars Game","floor":3,"gold_loss":0,"cards_obtained":["Doubt"]},{"damage_healed":0,"gold_gain":0,"player_choice":"Success","damage_taken":11,"relics_obtained":["Matryoshka"],"max_hp_gain":0,"max_hp_loss":0,"event_name":"Scrap Ooze","floor":12,"gold_loss":0},{"damage_healed":0,"gold_gain":0,"player_choice":"Bet on Murderer","damage_taken":0,"max_hp_gain":0,"max_hp_loss":0,"event_name":"The Joust","floor":21,"gold_loss":50}],"is_beta":false,"boss_relics":[{"not_picked":["Eternal Feather","Mark of Pain"],"picked":"Sozu"}],"items_purged_floors":[4,22],"is_endless":false,"potions_floor_spawned":[5,7,10,13,28],"killed_by":"Cultist and Chosen","ascension_level":20}