{"gold_per_floor":[118,136,147,160,160,160,190,190,190,190,218,218,230,245,245,344,344,269,269,149,149,149,149,149,149,149,149,149,149,149,149,149,149,149,149,49,49,49,49,49,49,49,49,49,49,49,49,11,11,11],"floor_reached":51,"playtime":1940,"items_purged":["Strike_G","Strike_G"],"score":803,"play_id":"1824bb0c-0542-454a-a05d-bf4a665222bb","local_time":"20190421131607","is_ascension_mode":false,"campfire_choices":[{"data":"Deadly Poison","floor":6.0,"key":"SMITH"},{"data":"Bouncing Flask","floor":8.0,"key":"SMITH"},{"data":"Noxious Fumes","floor":12.0,"key":"SMITH"},{"data":"Footwork","floor":15.0,"key":"SMITH"},{"data":"Catalyst","floor":23.0,"key":"SMITH"},{"data":"Envenom","floor":32.0,"key":"SMITH"},{"data":"Tools of the Trade","floor":40,"key":"SMITH"},{"data":"Deadly Poison","floor":42,"key":"SMITH"},{"floor":47,"key":"REST"},{"floor":49,"key":"REST"}],"neow_cost":"NONE","seed_source_timestamp":14564169146900,"circlet_count":0,"master_deck":["Defend_G","Defend_G","Defend_G","Defend_G","Defend_G","Strike_G","Survivor","Neutralize+1","Predator","Deadly Poison+1","Footwork+1","Bouncing Flask+1","Noxious Fumes+1","Calculated Gamble","Adrenaline","Backflip","Catalyst+1","PiercingWail","Acrobatics","Envenom+1","Blur","Deadly Poison+1","Deadly Poison+1","Tools of the Trade+1","Deadly Poison+1","Backflip","PiercingWail+1"],"special_seed":0,"relics":["Ring of the Snake","Matryoshka","Centennial Puzzle","Pantograph","Snake Skull","Ectoplasm","Bottled Tornado","Ancient Tea Set","Bottled Flame","Anchor","Orrery","The Courier"],"potions_floor_usage":[41,41,41,50],"damage_taken":[{"damage":0.0,"enemies":"2 Louse","floor":1.0,"turns":4.0},{"damage":0.0,"enemies":"Cultist","floor":2.0,"turns":3.0},{"damage":2.0,"enemies":"Small Slimes","floor":3.0,"turns":3.0},{"damage":0.0,"enemies":"3 Louse","floor":4.0,"turns":4.0},{"damage":12.0,"enemies":"Gremlin Nob","floor":7.0,"turns":4.0},{"damage":14.0,"enemies":"3 Sentries","floor":11.0,"turns":11.0},{"damage":2.0,"enemies":"Exordium Thugs","floor":13.0,"turns":4.0},{"damage":5.0,"enemies":"Exordium Wildlife","floor":14.0,"turns":3.0},{"damage":22.0,"enemies":"Hexaghost","floor":16.0,"turns":6.0},{"damage":17.0,"enemies":"2 Thieves","floor":18.0,"turns":4.0},{"damage":0.0,"enemies":"Shell Parasite","floor":19.0,"turns":4.0},{"damage":0.0,"enemies":"Cultist and Chosen","floor":21.0,"turns":6.0},{"damage":0.0,"enemies":"Chosen and Byrds","floor":22.0,"turns":4.0},{"damage":0.0,"enemies":"Book of Stabbing","floor":24.0,"turns":4.0},{"damage":0.0,"enemies":"Snecko","floor":25.0,"turns":2.0},{"damage":0.0,"enemies":"Shelled Parasite and Fungi","floor":30.0,"turns":5.0},{"damage":0.0,"enemies":"Gremlin Leader","floor":31.0,"turns":4.0},{"damage":9.0,"enemies":"Automaton","floor":33.0,"turns":6.0},{"damage":1.0,"enemies":"Orb Walker","floor":35.0,"turns":3.0},{"damage":1.0,"enemies":"3 Darklings","floor":37.0,"turns":5.0},{"damage":22,"enemies":"Spire Growth","floor":38,"turns":5},{"damage":0,"enemies":"Maw","floor":39,"turns":5},{"damage":0,"enemies":"Transient","floor":41,"turns":5},{"damage":11,"enemies":"Writhing Mass","floor":45,"turns":6},{"damage":0,"enemies":"Maw","floor":46,"turns":5},{"damage":26,"enemies":"Donu and Deca","floor":50,"turns":8}],"seed_played":"2129674953807004601","potions_obtained":[{"floor":1.0,"key":"Regen Potion"},{"floor":3.0,"key":"Fire Potion"},{"floor":10.0,"key":"Ancient Potion"},{"floor":10.0,"key":"FairyPotion"},{"floor":10.0,"key":"GamblersBrew"},{"floor":11.0,"key":"LiquidBronze"},{"floor":13.0,"key":"SkillPotion"},{"floor":14.0,"key":"Explosive Potion"},{"floor":22.0,"key":"Poison Potion"},{"floor":24.0,"key":"Energy Potion"},{"floor":31.0,"key":"Poison Potion"},{"floor":41,"key":"Dexterity Potion"}],"is_trial":false,"path_per_floor":["M","M","M","M","?","R","E","R","T","?","E","R","M","M","R","B",null,"M","M","$","M","M","R","E","M","T","?","?","$","M","E","R","B",null,"M","$","M","M","M","R","M","R","T","?","M","M","R","$","R","B",null],"character_chosen":"THE_SILENT","items_purchased":["Backflip","Fire Potion"],"campfire_rested":2,"item_purchase_floors":[20,48],"current_hp_per_floor":[70,70,68,68,68,68,56,56,56,56,57,57,55,50,50,48,70,53,53,53,53,53,53,53,53,53,53,53,53,53,53,53,61,70,69,69,68,46,46,46,46,46,46,46,35,35,56,56,70,44],"gold":11,"neow_bonus":"UPGRADE_CARD","is_prod":false,"is_daily":false,"chose_seed":false,"campfire_upgraded":8,"win_rate":0,"timestamp":1555841767,"path_taken":["M","M","M","M","?","R","E","R","T","?","E","R","?","M","R","BOSS","M","M","$","M","M","R","E","M","T","?","?","$","M","E","R","BOSS","M","$","M","M","M","R","M","R","T","?","M","M","R","?","R","BOSS"],"build_version":"2019-01-23","purchased_purges":2,"victory":true,"max_hp_per_floor":[70,70,70,70,70,70,70,70,70,70,70,70,70,70,70,70,70,70,70,70,70,70,70,70,70,70,70,70,70,70,70,70,70,70,70,70,70,70,70,70,70,70,70,70,70,70,70,70,70,70],"card_choices":[{"not_picked":["Infinite Blades","Backflip"],"picked":"Predator","floor":1.0},{"not_picked":["Slice","Deflect"],"picked":"Deadly Poison","floor":2.0},{"not_picked":["Backflip","Bane"],"picked":"Footwork","floor":3.0},{"not_picked":["Blade Dance","Quick Slash","Dash"],"picked":"SKIP","floor":4.0},{"not_picked":["Tools of the Trade","Cloak And Dagger"],"picked":"Bouncing Flask","floor":7.0},{"not_picked":["Slice","Distraction"],"picked":"Noxious Fumes","floor":11.0},{"not_picked":["Flying Knee","Predator","Concentrate"],"picked":"SKIP","floor":13.0},{"not_picked":["Flying Knee","Slice"],"picked":"Calculated Gamble","floor":14.0},{"not_picked":["Grand Finale","Tools of the Trade"],"picked":"Adrenaline","floor":16.0},{"not_picked":["All Out Attack+1","Caltrops","Concentrate+1"],"picked":"SKIP","floor":18.0},{"not_picked":["Infinite Blades","Cloak And Dagger","Blade Dance"],"picked":"SKIP","floor":19.0},{"not_picked":["Bouncing Flask","Deflect"],"picked":"Catalyst","floor":21.0},{"not_picked":["Accuracy+1","Masterful Stab+1","Outmaneuver+1"],"picked":"SKIP","floor":22.0},{"not_picked":["Flying Knee+1","Expertise"],"picked":"PiercingWail","floor":24.0},{"not_picked":["Endless Agony","Prepared+1","Dagger Throw"],"picked":"SKIP","floor":25.0},{"not_picked":["Slice","Blur","Dagger Spray"],"picked":"SKIP","floor":30.0},{"not_picked":["Slice","Dagger Spray"],"picked":"Blur","floor":30.0},{"not_picked":["Dagger Throw","Acrobatics","Flechettes"],"picked":"SKIP","floor":31.0},{"not_picked":["Dagger Throw","Acrobatics","Flechettes"],"picked":"SKIP","floor":31.0},{"not_picked":["Acrobatics","Choke"],"picked":"Deadly Poison","floor":34.0},{"not_picked":["Bane","Expertise+1"],"picked":"Deadly Poison+1","floor":34.0},{"not_picked":["Choke+1","Flying Knee"],"picked":"Tools of the Trade","floor":35.0},{"not_picked":["Poisoned Stab","Dodge and Roll+1"],"picked":"Deadly Poison+1","floor":37},{"not_picked":["Eviscerate+1","Outmaneuver"],"picked":"Backflip","floor":38},{"not_picked":["Prepared","Dagger Throw","Underhanded Strike+1"],"picked":"SKIP","floor":39},{"not_picked":["Prepared","Dagger Throw","Underhanded Strike+1"],"picked":"SKIP","floor":39},{"not_picked":["Prepared","Dagger Throw","Underhanded Strike+1"],"picked":"SKIP","floor":39},{"not_picked":["Dodge and Roll+1","Expertise+1","Bane"],"picked":"SKIP","floor":41},{"not_picked":["Deflect","Finisher+1","Underhanded Strike"],"picked":"SKIP","floor":45},{"not_picked":["Skewer","Dagger Spray+1"],"picked":"PiercingWail+1","floor":46}],"player_experience":1208964,"relics_obtained":[{"floor":7.0,"key":"Matryoshka"},{"floor":9.0,"key":"Centennial Puzzle"},{"floor":9.0,"key":"Pantograph"},{"floor":11.0,"key":"Snake Skull"},{"floor":24.0,"key":"Bottled Tornado"},{"floor":26.0,"key":"Ancient Tea Set"},{"floor":26.0,"key":"Bottled Flame"},{"floor":31.0,"key":"Anchor"},{"floor":43,"key":"The Courier"}],"event_choices":[{"damage_healed":0.0,"max_hp_gain":0.0,"max_hp_loss":0.0,"gold_gain":0.0,"event_name":"Liars Game","player_choice":"Ignored","floor":5.0,"gold_loss":0.0,"damage_taken":0.0},{"damage_healed":0.0,"max_hp_gain":0.0,"max_hp_loss":0.0,"gold_gain":0.0,"event_name":"Lab","player_choice":"Got Potions","floor":10.0,"gold_loss":0.0,"damage_taken":0.0},{"damage_healed":0.0,"max_hp_gain":0.0,"max_hp_loss":0.0,"gold_gain":0.0,"cards_transformed":["Strike_G","Strike_G"],"event_name":"Drug Dealer","player_choice":"Became Test Subject","floor":27.0,"gold_loss":0.0,"damage_taken":0.0,"cards_obtained":["Acrobatics","Envenom"]},{"damage_healed":0.0,"max_hp_gain":0.0,"max_hp_loss":0.0,"gold_gain":0.0,"event_name":"Ghosts","player_choice":"Ignored","floor":28.0,"gold_loss":0.0,"damage_taken":0.0},{"damage_healed":0,"gold_gain":100,"player_choice":"Pray","damage_taken":0,"max_hp_gain":0,"max_hp_loss":0,"event_name":"Golden Shrine","floor":44,"gold_loss":0}],"is_beta":false,"boss_relics":[{"not_picked":["WristBlade","HoveringKite"],"picked":"Ectoplasm"},{"not_picked":["Snecko Eye","Runic Pyramid"],"picked":"Orrery"}],"items_purged_floors":[20,36],"is_endless":false,"potions_floor_spawned":[1,3,11,13,14,22,24,25,31,33,37,39,41],"ascension_level":0}