{"gold_per_floor":[129,151,163,175,201,244,256,295,358,387,399,431,443,466,478,490],"floor_reached":16,"playtime":728,"items_purged":[],"score":224,"play_id":"0f5e19ec-33d2-49a4-ae88-e60af38d8058","local_time":"20190407101413","is_ascension_mode":true,"campfire_choices":[{"data":"1","floor":7,"key":"LIFT"},{"data":"2","floor":13,"key":"LIFT"},{"data":"3","floor":15,"key":"LIFT"}],"neow_cost":"NONE","seed_source_timestamp":1726746947583400,"circlet_count":0,"master_deck":["AscendersBane","Strike_R","Strike_R","Strike_R","Strike_R","Strike_R","Defend_R","Defend_R","Defend_R","Defend_R","Bash","Perfected Strike+1","Shrug It Off","True Grit","Feed","Sword Boomerang","Shrug It Off","Pummel"],"relics":["Burning Blood","MawBank","Sundial","Girya","Ancient Tea Set","Art of War"],"potions_floor_usage":[6,8],"damage_taken":[{"damage":2,"enemies":"Cultist","floor":1,"turns":4},{"damage":7,"enemies":"Jaw Worm","floor":2,"turns":4},{"damage":2,"enemies":"Small Slimes","floor":5,"turns":4},{"damage":22,"enemies":"Lagavulin","floor":6,"turns":7},{"damage":28,"enemies":"Gremlin Nob","floor":8,"turns":4},{"damage":18,"enemies":"Blue Slaver","floor":10,"turns":4},{"damage":4,"enemies":"Exordium Wildlife","floor":12,"turns":6},{"damage":17,"enemies":"Gremlin Gang","floor":14,"turns":4},{"damage":40,"enemies":"Slime Boss","floor":16,"turns":9}],"seed_played":"-8609611970932416122","potions_obtained":[{"floor":1,"key":"SteroidPotion"},{"floor":2,"key":"FairyPotion"},{"floor":5,"key":"Regen Potion"},{"floor":8,"key":"Poison Potion"}],"is_trial":false,"path_per_floor":["M","M","?","T","M","E","R","E","T","M","?","M","R","M","R","B"],"character_chosen":"IRONCLAD","items_purchased":[],"campfire_rested":0,"item_purchase_floors":[],"current_hp_per_floor":[72,71,71,71,75,59,59,52,52,43,43,48,48,40,40,0],"gold":490,"neow_bonus":"RANDOM_COMMON_RELIC","is_prod":false,"is_daily":false,"chose_seed":false,"campfire_upgraded":0,"win_rate":0,"timestamp":1554621253,"path_taken":["M","?","?","?","M","E","R","E","T","M","?","M","R","M","R","BOSS"],"build_version":"2019-01-23","purchased_purges":0,"victory":false,"max_hp_per_floor":[75,75,75,75,75,75,75,78,78,81,81,84,84,87,87,87],"card_choices":[{"not_picked":["Bloodletting","Fire Breathing"],"picked":"Perfected Strike","floor":1},{"not_picked":["Clothesline","Searing Blow"],"picked":"Shrug It Off","floor":2},{"not_picked":["Power Through","Heavy Blade"],"picked":"True Grit","floor":5},{"not_picked":["Body Slam","Burning Pact"],"picked":"Feed","floor":6},{"not_picked":["Perfected Strike","Brutality"],"picked":"Sword Boomerang","floor":8},{"not_picked":["Perfected Strike","Hemokinesis"],"picked":"Shrug It Off","floor":10},{"not_picked":["Clothesline","Inflame","Havoc"],"picked":"SKIP","floor":12},{"not_picked":["Clothesline","Inflame","Havoc"],"picked":"SKIP","floor":12},{"not_picked":["Perfected Strike","Rampage"],"picked":"Pummel","floor":14}],"player_experience":1122658,"relics_obtained":[{"floor":4,"key":"Sundial"},{"floor":6,"key":"Girya"},{"floor":8,"key":"Ancient Tea Set"},{"floor":9,"key":"Art of War"}],"event_choices":[{"damage_healed":0,"gold_gain":0,"player_choice":"Grow","damage_taken":0,"max_hp_gain":0,"max_hp_loss":0,"event_name":"Living Wall","floor":3,"gold_loss":0,"cards_upgraded":["Perfected Strike"]},{"damage_healed":0,"gold_gain":0,"player_choice":"Ignored","damage_taken":0,"max_hp_gain":0,"max_hp_loss":0,"event_name":"Liars Game","floor":11,"gold_loss":0}],"is_beta":false,"boss_relics":[],"items_purged_floors":[],"is_endless":false,"potions_floor_spawned":[1,2,5,8],"killed_by":"Slime Boss","ascension_level":20}