{"gold_per_floor":[111,125,142,158,8,8,36,55,55,84,84,84,103,115,115,188,188,207,221,53,65,65,65,82,82,138,97,117,117,117,42,42,42],"floor_reached":33,"playtime":1042,"items_purged":["Strike_B"],"score":518,"play_id":"38be2449-2aa9-48a6-8c4c-3493b9c76f1b","local_time":"20191004024445","is_ascension_mode":true,"campfire_choices":[{"data":"Defragment","floor":6,"key":"SMITH"},{"floor":12,"key":"REST"},{"floor":15,"key":"REST"},{"floor":23,"key":"REST"},{"floor":25,"key":"REST"},{"floor":29,"key":"REST"},{"floor":32,"key":"REST"}],"neow_cost":"TEN_PERCENT_HP_LOSS","seed_source_timestamp":984076733719300,"circlet_count":0,"master_deck":["AscendersBane","Strike_B","Strike_B","Defend_B","Defend_B","Defend_B","Defend_B","Zap+1","Dualcast","Core Surge","Cold Snap","Melter","Ball Lightning","Defragment+1","Machine Learning","Steam","Conserve Battery","Sweeping Beam","Electrodynamics","Leap+1","Capacitor","Glacier+1"],"relics":["Cracked Core","Vajra","Sundial","Matryoshka","Nuclear Battery","Bronze Scales","Dodecahedron","Tiny Chest"],"potions_floor_usage":[7,7,10,33,33],"damage_taken":[{"damage":8,"enemies":"2 Louse","floor":1,"turns":3},{"damage":1,"enemies":"Small Slimes","floor":2,"turns":4},{"damage":1,"enemies":"Cultist","floor":3,"turns":3},{"damage":10,"enemies":"Exordium Wildlife","floor":4,"turns":3},{"damage":12,"enemies":"3 Sentries","floor":7,"turns":5},{"damage":1,"enemies":"Large Slime","floor":8,"turns":4},{"damage":4,"enemies":"Gremlin Nob","floor":10,"turns":3},{"damage":1,"enemies":"2 Fungi Beasts","floor":13,"turns":3},{"damage":11,"enemies":"Exordium Wildlife","floor":14,"turns":3},{"damage":21,"enemies":"Slime Boss","floor":16,"turns":7},{"damage":0,"enemies":"Chosen","floor":18,"turns":3},{"damage":15,"enemies":"2 Thieves","floor":19,"turns":2},{"damage":15,"enemies":"Chosen and Byrds","floor":21,"turns":5},{"damage":16,"enemies":"Centurion and Healer","floor":24,"turns":5},{"damage":31,"enemies":"Snecko","floor":28,"turns":5},{"damage":40,"enemies":"Automaton","floor":33,"turns":12}],"seed_played":"-8219770871431967032","potions_obtained":[{"floor":1,"key":"EssenceOfSteel"},{"floor":2,"key":"Explosive Potion"},{"floor":7,"key":"Fire Potion"},{"floor":10,"key":"SpeedPotion"},{"floor":14,"key":"FearPotion"},{"floor":16,"key":"Fire Potion"},{"floor":28,"key":"Fire Potion"}],"is_trial":false,"path_per_floor":["M","M","M","M","$","R","E","M","T","E","?","R","M","M","R","B",null,"M","M","$","M","$","R","M","R","T","$","M","R","?","?","R","B"],"character_chosen":"DEFECT","items_purchased":["Defragment","Bronze Scales","Capacitor"],"campfire_rested":6,"item_purchase_floors":[5,20,27],"current_hp_per_floor":[56,55,54,44,44,44,32,31,31,27,27,46,45,34,53,32,56,56,41,41,26,26,45,29,48,48,48,17,36,19,19,39,0],"gold":42,"neow_bonus":"THREE_RARE_CARDS","is_prod":false,"is_daily":false,"chose_seed":false,"campfire_upgraded":1,"win_rate":0,"timestamp":1570124685,"path_taken":["M","M","M","M","$","R","E","M","T","E","?","R","M","M","R","BOSS","M","M","$","M","$","R","M","R","T","$","M","R","?","?","R","BOSS"],"build_version":"2019-07-17","purchased_purges":1,"victory":false,"max_hp_per_floor":[64,64,64,64,64,64,64,64,64,64,64,64,64,64,64,64,64,64,64,64,64,64,64,64,64,64,64,64,64,69,69,69,69],"card_choices":[{"not_picked":["Thunder Strike","Reboot"],"picked":"Core Surge","floor":0},{"not_picked":["Skim","Auto Shields"],"picked":"Cold Snap","floor":1},{"not_picked":["Darkness","Leap"],"picked":"Melter","floor":2},{"not_picked":["Redo","Lockon"],"picked":"Ball Lightning","floor":3},{"not_picked":["Consume","Reinforced Body","Creative AI"],"picked":"SKIP","floor":4},{"not_picked":["Blizzard","Undo"],"picked":"Machine Learning","floor":7},{"not_picked":["Steam Power","White Noise","Rebound"],"picked":"SKIP","floor":8},{"not_picked":["Skim","Turbo"],"picked":"Steam","floor":10},{"not_picked":["Rebound","Aggregate"],"picked":"Conserve Battery","floor":13},{"not_picked":["Redo","Barrage"],"picked":"Sweeping Beam","floor":14},{"not_picked":["Core Surge","Reboot"],"picked":"Electrodynamics","floor":16},{"not_picked":["Streamline","Consume","Genetic Algorithm"],"picked":"SKIP","floor":18},{"not_picked":["Aggregate","White Noise+1"],"picked":"Leap+1","floor":19},{"not_picked":["Chaos","Redo","Rebound"],"picked":"SKIP","floor":21},{"not_picked":["Sweeping Beam","Darkness","Aggregate"],"picked":"SKIP","floor":24},{"not_picked":["Redo","Double Energy+1"],"picked":"Glacier+1","floor":28}],"player_experience":578486,"relics_obtained":[{"floor":7,"key":"Vajra"},{"floor":9,"key":"Sundial"},{"floor":10,"key":"Matryoshka"},{"floor":26,"key":"Dodecahedron"},{"floor":26,"key":"Tiny Chest"}],"event_choices":[{"damage_healed":0,"gold_gain":0,"player_choice":"Grow","damage_taken":0,"max_hp_gain":0,"max_hp_loss":0,"event_name":"Living Wall","floor":11,"gold_loss":0,"cards_upgraded":["Zap"]},{"damage_healed":0,"gold_gain":0,"player_choice":"Shed Blood","damage_taken":22,"max_hp_gain":5,"max_hp_loss":0,"event_name":"Forgotten Altar","floor":30,"gold_loss":0},{"cards_removed":["Strike_B"],"damage_healed":0,"gold_gain":0,"player_choice":"Gave Gold","damage_taken":0,"max_hp_gain":0,"max_hp_loss":0,"event_name":"Beggar","floor":31,"gold_loss":75}],"is_beta":false,"boss_relics":[{"not_picked":["Cursed Key","Velvet Choker"],"picked":"Nuclear Battery"}],"items_purged_floors":[5],"is_endless":false,"potions_floor_spawned":[1,2,7,10,14,16,19,28],"killed_by":"Automaton","ascension_level":20}