{"gold_per_floor":[362,376,388,401,411,411,426,426,426,441,457,141,174,189,189,284,284,299,299,317,330,73,98,98,125,148,148,148,165,115,149,149,252,252,252],"floor_reached":35,"playtime":2584,"items_purged":["Strike_R","Strike_R","Strike_R"],"score":421,"play_id":"afee8aa8-733b-43c2-9c7e-032c1565ab01","local_time":"20190917211536","is_ascension_mode":false,"campfire_choices":[{"data":"True Grit","floor":6.0,"key":"SMITH"},{"data":"Body Slam","floor":8.0,"key":"SMITH"},{"floor":15.0,"key":"REST"},{"data":"Armaments","floor":24.0,"key":"SMITH"},{"floor":28.0,"key":"REST"},{"floor":32.0,"key":"REST"}],"neow_cost":"PERCENT_DAMAGE","seed_source_timestamp":328062662523100,"circlet_count":0,"master_deck":["Strike_R","Strike_R","Defend_R","Defend_R","Defend_R","Defend_R","Bash","Shrug It Off+1","Sentinel+1","True Grit+1","Body Slam+1","Flame Barrier","Swift Strike","Armaments+1","Impervious","Metallicize","Spot Weakness","Intimidate","Metallicize","Evolve","Regret","Injury","Parasite"],"special_seed":0,"relics":["Burning Blood","Ornamental Fan","PreservedInsect","Girya","Velvet Choker","Matryoshka","Paper Frog","War Paint","Pen Nib","Smiling Mask","Blue Candle","Calling Bell","Bag of Preparation","Pantograph","Incense Burner"],"potions_floor_usage":[],"damage_taken":[{"damage":5.0,"enemies":"Cultist","floor":1.0,"turns":4.0},{"damage":4.0,"enemies":"2 Louse","floor":2.0,"turns":3.0},{"damage":5.0,"enemies":"Small Slimes","floor":3.0,"turns":4.0},{"damage":8.0,"enemies":"2 Fungi Beasts","floor":4.0,"turns":4.0},{"damage":19.0,"enemies":"Blue Slaver","floor":5.0,"turns":4.0},{"damage":11.0,"enemies":"Exordium Thugs","floor":7.0,"turns":7.0},{"damage":14.0,"enemies":"Lots of Slimes","floor":10.0,"turns":8.0},{"damage":10.0,"enemies":"2 Fungi Beasts","floor":11.0,"turns":5.0},{"damage":17.0,"enemies":"Gremlin Nob","floor":13.0,"turns":5.0},{"damage":0.0,"enemies":"Gremlin Gang","floor":14.0,"turns":4.0},{"damage":35.0,"enemies":"The Guardian","floor":16.0,"turns":12.0},{"damage":9.0,"enemies":"Spheric Guardian","floor":18.0,"turns":6.0},{"damage":14.0,"enemies":"3 Byrds","floor":20.0,"turns":7.0},{"damage":28.0,"enemies":"Centurion and Healer","floor":21.0,"turns":14.0},{"damage":18.0,"enemies":"Book of Stabbing","floor":23.0,"turns":6.0},{"damage":11.0,"enemies":"Slavers","floor":25.0,"turns":6.0},{"damage":35.0,"enemies":"3 Cultists","floor":29.0,"turns":9.0},{"damage":17.0,"enemies":"Book of Stabbing","floor":31.0,"turns":3.0},{"damage":72.0,"enemies":"Collector","floor":33.0,"turns":19.0},{"damage":42,"enemies":"3 Darklings","floor":35,"turns":8}],"seed_played":"2774575618035989620","potions_obtained":[{"floor":2.0,"key":"Poison Potion"},{"floor":7.0,"key":"Explosive Potion"},{"floor":13.0,"key":"FearPotion"},{"floor":16.0,"key":"LiquidBronze"},{"floor":18.0,"key":"Ancient Potion"},{"floor":29.0,"key":"BloodPotion"}],"is_trial":false,"path_per_floor":["M","M","M","M","M","R","M","R","T","M","M","$","E","M","R","B",null,"M","T","M","M","$","E","R","E","T","?","R","M","$","E","R","B",null,"M"],"character_chosen":"IRONCLAD","items_purchased":["Swift Strike","PreservedInsect","Spot Weakness","Intimidate"],"campfire_rested":3,"item_purchase_floors":[12,12,22,22],"current_hp_per_floor":[57,59,60,58,45,45,40,40,40,32,28,28,17,23,47,18,80,77,77,69,47,47,35,35,30,30,56,80,51,51,40,64,18,80,38],"gold":252,"neow_bonus":"TWO_FIFTY_GOLD","is_prod":false,"is_daily":false,"chose_seed":false,"campfire_upgraded":3,"win_rate":0,"timestamp":1568722536,"path_taken":["M","M","M","M","M","R","M","R","T","M","?","$","E","M","R","BOSS","M","?","M","M","$","E","R","E","T","?","R","M","$","E","R","BOSS","BOSS","M"],"build_version":"2019-07-17","purchased_purges":3,"victory":false,"max_hp_per_floor":[80,80,80,80,80,80,80,80,80,80,80,80,80,80,80,80,80,80,80,80,80,80,80,80,80,80,80,80,80,80,80,80,80,80,80],"card_choices":[{"not_picked":["Body Slam","Clothesline"],"picked":"Shrug It Off","floor":1.0},{"not_picked":["Perfected Strike","Havoc","Flex"],"picked":"SKIP","floor":2.0},{"not_picked":["Pommel Strike","Bloodletting"],"picked":"Sentinel","floor":3.0},{"not_picked":["Flex","Cleave"],"picked":"True Grit","floor":4.0},{"not_picked":["Heavy Blade","Pommel Strike"],"picked":"Body Slam","floor":5.0},{"not_picked":["Cleave","Twin Strike","Clothesline"],"picked":"SKIP","floor":7.0},{"not_picked":["Corruption","Body Slam","Sword Boomerang"],"picked":"SKIP","floor":10.0},{"not_picked":["Cleave","Dark Embrace"],"picked":"Flame Barrier","floor":11.0},{"not_picked":["Wild Strike","Sword Boomerang","Corruption"],"picked":"SKIP","floor":13.0},{"not_picked":["Iron Wave","Thunderclap"],"picked":"Armaments","floor":14.0},{"not_picked":["Dark Embrace","Double Tap"],"picked":"Impervious","floor":16.0},{"not_picked":["Heavy Blade","Thunderclap","Corruption"],"picked":"SKIP","floor":18.0},{"not_picked":["Combust+1","Sentinel","Seeing Red"],"picked":"SKIP","floor":20.0},{"not_picked":["Clothesline","Anger"],"picked":"Metallicize","floor":21.0},{"not_picked":["Whirlwind","Anger+1","Cleave"],"picked":"SKIP","floor":23.0},{"not_picked":["Fire Breathing","Corruption"],"picked":"Metallicize","floor":25.0},{"not_picked":["Inflame","Clothesline"],"picked":"Evolve","floor":29.0},{"not_picked":["Uppercut","True Grit","Warcry"],"picked":"SKIP","floor":31.0}],"player_experience":399022,"relics_obtained":[{"floor":9.0,"key":"Ornamental Fan"},{"floor":13.0,"key":"Girya"},{"floor":19.0,"key":"Matryoshka"},{"floor":23.0,"key":"Paper Frog"},{"floor":25.0,"key":"War Paint"},{"floor":26.0,"key":"Pen Nib"},{"floor":26.0,"key":"Smiling Mask"},{"floor":31.0,"key":"Blue Candle"},{"floor":34,"key":"Bag of Preparation"},{"floor":34,"key":"Pantograph"},{"floor":34,"key":"Incense Burner"}],"event_choices":[{"damage_healed":26.0,"max_hp_gain":0.0,"max_hp_loss":0.0,"gold_gain":0.0,"event_name":"The Library","player_choice":"Heal","floor":27.0,"gold_loss":0.0,"damage_taken":0.0}],"is_beta":false,"boss_relics":[{"not_picked":["Snecko Eye","Ectoplasm"],"picked":"Velvet Choker"},{"not_picked":["Black Star","Pandora\u0027s Box"],"picked":"Calling Bell"}],"items_purged_floors":[12,22,30],"is_endless":false,"potions_floor_spawned":[2,7,13,16,18,21,25,29],"killed_by":"3 Darklings","ascension_level":0}