{"gold_per_floor":[113,38,38,58,58,58,83,113,113,133,167,182,56,56,56,130,130,143,163,163,181,181,181,197,231,303,303,317,317],"floor_reached":29,"playtime":1293,"items_purged":["Strike_B"],"score":443,"play_id":"c5ce5999-fda0-4595-bc35-a2bbb5087a73","local_time":"20190916174021","is_ascension_mode":true,"campfire_choices":[{"data":"Zap","floor":6.0,"key":"SMITH"},{"floor":15.0,"key":"REST"},{"data":"Beam Cell","floor":23.0,"key":"SMITH"},{"floor":27.0,"key":"REST"}],"neow_cost":"NONE","seed_source_timestamp":229748218294800,"circlet_count":0,"master_deck":["AscendersBane","Defend_B","Defend_B+1","Defend_B","Defend_B","Zap+1","Dualcast","Leap","Leap+1","Melter","Beam Cell+1","Cold Snap","Compile Driver","Ball Lightning","Electrodynamics","Auto Shields+1","Streamline","Gash","Conserve Battery"],"special_seed":0,"relics":["Cracked Core","NeowsBlessing","Odd Mushroom","Potion Belt","Sundial","Turnip","White Beast Statue","Happy Flower","Ornamental Fan"],"potions_floor_usage":[29,29,29],"damage_taken":[{"damage":0.0,"enemies":"Small Slimes","floor":1.0,"turns":1.0},{"damage":0.0,"enemies":"2 Louse","floor":4.0,"turns":1.0},{"damage":0.0,"enemies":"The Mushroom Lair","floor":7.0,"turns":1.0},{"damage":16.0,"enemies":"Lagavulin","floor":8.0,"turns":8.0},{"damage":0.0,"enemies":"Cultist","floor":10.0,"turns":4.0},{"damage":20.0,"enemies":"3 Sentries","floor":11.0,"turns":10.0},{"damage":0.0,"enemies":"Large Slime","floor":12.0,"turns":5.0},{"damage":8.0,"enemies":"The Guardian","floor":16.0,"turns":14.0},{"damage":0.0,"enemies":"Spheric Guardian","floor":18.0,"turns":3.0},{"damage":21.0,"enemies":"2 Thieves","floor":19.0,"turns":4.0},{"damage":8.0,"enemies":"Snake Plant","floor":21.0,"turns":6.0},{"damage":5.0,"enemies":"Snecko","floor":24.0,"turns":5.0},{"damage":27.0,"enemies":"Book of Stabbing","floor":25.0,"turns":7.0},{"damage":29.0,"enemies":"3 Cultists","floor":28.0,"turns":4.0},{"damage":11,"enemies":"Gremlin Leader","floor":29,"turns":4}],"seed_played":"6739890562300025844","potions_obtained":[{"floor":4.0,"key":"Ancient Potion"},{"floor":8.0,"key":"Regen Potion"},{"floor":10.0,"key":"Dexterity Potion"},{"floor":11.0,"key":"SneckoOil"},{"floor":12.0,"key":"GamblersBrew"},{"floor":18.0,"key":"Regen Potion"},{"floor":19.0,"key":"Block Potion"},{"floor":21.0,"key":"Strength Potion"},{"floor":25.0,"key":"Poison Potion"},{"floor":28.0,"key":"Dexterity Potion"}],"is_trial":false,"path_per_floor":["M","?","?","M","?","R","?","E","T","M","E","M","$","?","R","B",null,"M","M","?","M","?","R","M","E","T","R","M","E"],"character_chosen":"DEFECT","items_purchased":["Ball Lightning"],"campfire_rested":2,"item_purchase_floors":[13],"current_hp_per_floor":[64,64,64,64,43,43,43,27,27,27,22,22,22,15,36,28,60,60,39,39,46,46,46,41,14,14,35,6,0],"gold":317,"neow_bonus":"THREE_ENEMY_KILL","is_prod":false,"is_daily":false,"chose_seed":false,"campfire_upgraded":2,"win_rate":0,"timestamp":1568623221,"path_taken":["M","?","?","?","?","R","?","E","T","M","E","M","$","?","R","BOSS","M","M","?","M","?","R","M","E","T","R","M","E"],"build_version":"2019-07-17","purchased_purges":1,"victory":false,"max_hp_per_floor":[71,71,71,71,71,71,71,71,71,71,71,71,71,71,71,71,71,71,71,71,71,71,71,71,71,71,71,71,71],"card_choices":[{"not_picked":["Turbo","Hologram"],"picked":"Leap","floor":1.0},{"not_picked":["Aggregate","Barrage"],"picked":"Leap","floor":4.0},{"not_picked":["Recycle","Hyperbeam"],"picked":"Melter","floor":7.0},{"not_picked":["Hyperbeam","Storm","Steam Power"],"picked":"SKIP","floor":8.0},{"not_picked":["Barrage","Turbo"],"picked":"Beam Cell","floor":10.0},{"not_picked":["Skim","Core Surge"],"picked":"Cold Snap","floor":11.0},{"not_picked":["Fusion","Gash"],"picked":"Compile Driver","floor":12.0},{"not_picked":["Seek","Buffer"],"picked":"Electrodynamics","floor":16.0},{"not_picked":["Aggregate","Darkness"],"picked":"Auto Shields+1","floor":18.0},{"not_picked":["Sweeping Beam","Redo"],"picked":"Streamline","floor":19.0},{"not_picked":["Leap","Turbo","Tempest"],"picked":"SKIP","floor":21.0},{"not_picked":["Self Repair","Darkness"],"picked":"Gash","floor":24.0},{"not_picked":["Consume","Blizzard+1"],"picked":"Conserve Battery","floor":25.0},{"not_picked":["Streamline+1","Rebound","Recycle"],"picked":"SKIP","floor":28.0}],"player_experience":349531,"relics_obtained":[{"floor":7.0,"key":"Odd Mushroom"},{"floor":8.0,"key":"Potion Belt"},{"floor":9.0,"key":"Sundial"},{"floor":11.0,"key":"Turnip"},{"floor":25.0,"key":"Happy Flower"},{"floor":26.0,"key":"Ornamental Fan"}],"event_choices":[{"cards_removed":["Strike_B"],"damage_healed":0.0,"max_hp_gain":0.0,"max_hp_loss":0.0,"gold_gain":0.0,"event_name":"The Cleric","player_choice":"Card Removal","floor":2.0,"gold_loss":75.0,"damage_taken":0.0},{"cards_removed":["Strike_B"],"damage_healed":0.0,"max_hp_gain":0.0,"max_hp_loss":0.0,"gold_gain":0.0,"event_name":"Purifier","player_choice":"Purged","floor":3.0,"gold_loss":0.0,"damage_taken":0.0},{"damage_healed":0.0,"max_hp_gain":0.0,"max_hp_loss":0.0,"gold_gain":0.0,"event_name":"Shining Light","player_choice":"Entered Light","floor":5.0,"gold_loss":0.0,"damage_taken":21.0,"cards_upgraded":["Defend_B","Leap"]},{"damage_healed":0.0,"max_hp_gain":0.0,"max_hp_loss":0.0,"gold_gain":0.0,"event_name":"Mushrooms","player_choice":"Fought Mushrooms","floor":7.0,"gold_loss":0.0,"damage_taken":0.0},{"cards_removed":["Strike_B"],"damage_healed":0.0,"max_hp_gain":0.0,"max_hp_loss":0.0,"gold_gain":0.0,"event_name":"Golden Wing","player_choice":"Card Removal","floor":14.0,"gold_loss":0.0,"damage_taken":7.0},{"damage_healed":0.0,"max_hp_gain":0.0,"max_hp_loss":0.0,"gold_gain":0.0,"event_name":"The Mausoleum","player_choice":"Ignored","floor":20.0,"gold_loss":0.0,"damage_taken":0.0},{"damage_healed":0.0,"max_hp_gain":0.0,"max_hp_loss":0.0,"gold_gain":0.0,"event_name":"Vampires","player_choice":"Ignored","floor":22.0,"gold_loss":0.0,"damage_taken":0.0}],"is_beta":false,"boss_relics":[{"not_picked":["Pandora\u0027s Box","Coffee Dripper"],"picked":"White Beast Statue"}],"items_purged_floors":[13],"is_endless":false,"potions_floor_spawned":[4,8,10,11,12,18,19,21,24,25,28],"killed_by":"Gremlin Leader","ascension_level":15}