{"gold_per_floor":[114,131,131,149,163,163,194,194,220,249,53,53,66,77,77,156,156,173,173,49,49,68,68,79,97,122,153,70,70,70,84,84,156,156,172,11,0,0,15,40,40,67,92,92,192,221,236,236,236,236],"floor_reached":50,"playtime":2642,"items_purged":["Strike_R","Strike_R"],"score":1316,"play_id":"82934a33-d188-45d2-a9c7-5dfa0066a126","local_time":"20190401172058","is_ascension_mode":true,"campfire_choices":[{"data":"Body Slam","floor":6,"key":"SMITH"},{"data":"True Grit","floor":8,"key":"SMITH"},{"data":"Deep Breath","floor":12,"key":"SMITH"},{"data":"Limit Break","floor":15,"key":"SMITH"},{"data":"Flex","floor":23,"key":"SMITH"},{"floor":32,"key":"REST"},{"floor":41,"key":"REST"},{"floor":44,"key":"REST"},{"floor":49,"key":"RECALL"}],"neow_cost":"NONE","seed_source_timestamp":1232000410614600,"circlet_count":0,"master_deck":["AscendersBane","Strike_R","Strike_R","Defend_R","Defend_R","Defend_R+1","Defend_R","Bash","Dramatic Entrance","Twin Strike","Battle Trance+1","Iron Wave","Body Slam+1","True Grit+1","Limit Break+1","Deep Breath+1","Shrug It Off","Flex+1","Feed","Thunderclap","Shame","Heavy Blade","Limit Break","Disarm","Decay","Iron Wave","Impervious","Immolate","Clothesline","Shrug It Off","True Grit+1"],"relics":["Burning Blood","War Paint","Red Skull","Philosopher\u0027s Stone","Du-Vu Doll","Happy Flower","Pear","Nilry\u0027s Codex","Black Star","Red Mask","Gremlin Horn","Ice Cream","Regal Pillow","Champion Belt","Anchor","Thread and Needle","Turnip","Smiling Mask","Orichalcum"],"potions_floor_usage":[7,10,14,16,22,22,27],"damage_taken":[{"damage":10,"enemies":"Small Slimes","floor":1,"turns":5},{"damage":1,"enemies":"Cultist","floor":2,"turns":3},{"damage":7,"enemies":"2 Louse","floor":4,"turns":2},{"damage":14,"enemies":"Exordium Wildlife","floor":5,"turns":4},{"damage":20,"enemies":"Lagavulin","floor":7,"turns":6},{"damage":27,"enemies":"Gremlin Nob","floor":10,"turns":4},{"damage":19,"enemies":"Exordium Thugs","floor":13,"turns":5},{"damage":0,"enemies":"Large Slime","floor":14,"turns":2},{"damage":0,"enemies":"Hexaghost","floor":16,"turns":7},{"damage":21,"enemies":"2 Thieves","floor":18,"turns":4},{"damage":0,"enemies":"Chosen","floor":22,"turns":3},{"damage":0,"enemies":"3 Cultists","floor":24,"turns":4},{"damage":19,"enemies":"Snake Plant","floor":25,"turns":2},{"damage":23,"enemies":"Slavers","floor":27,"turns":3},{"damage":0,"enemies":"Snecko","floor":31,"turns":3},{"damage":59,"enemies":"Champ","floor":33,"turns":7},{"damage":34,"enemies":"3 Shapes","floor":35,"turns":4},{"damage":25,"enemies":"Orb Walker","floor":39,"turns":4},{"damage":26,"enemies":"Reptomancer","floor":40,"turns":5},{"damage":14,"enemies":"Giant Head","floor":42,"turns":5},{"damage":21,"enemies":"Mind Bloom Boss Battle","floor":45,"turns":6},{"damage":26,"enemies":"Nemesis","floor":46,"turns":3},{"damage":16,"enemies":"Maw","floor":47,"turns":6},{"damage":54,"enemies":"Donu and Deca","floor":50,"turns":7}],"seed_played":"1675600407144929331","potions_obtained":[{"floor":1,"key":"Swift Potion"},{"floor":5,"key":"PowerPotion"},{"floor":13,"key":"Regen Potion"},{"floor":14,"key":"LiquidBronze"},{"floor":16,"key":"Swift Potion"},{"floor":18,"key":"EssenceOfSteel"},{"floor":21,"key":"Regen Potion"},{"floor":22,"key":"Ancient Potion"},{"floor":25,"key":"FearPotion"},{"floor":33,"key":"SpeedPotion"}],"is_trial":false,"path_per_floor":["M","M","?","M","M","R","E","R","T","E","$","R","M","M","R","B",null,"M","?","$","?","M","R","M","M","T","E","$","?","?","M","R","B",null,"M","$","?","$","M","E","R","E","T","R","?","E","M","T","R","B"],"character_chosen":"IRONCLAD","items_purchased":["Deep Breath","Shrug It Off","Heavy Blade","Disarm","Immolate"],"campfire_rested":3,"item_purchase_floors":[11,11,20,28,36],"current_hp_per_floor":[64,69,69,68,60,60,46,46,46,25,25,25,12,23,23,29,64,52,52,52,52,67,67,76,66,66,62,62,41,41,47,76,26,82,57,57,57,57,38,18,48,40,40,85,73,56,49,49,49,0],"gold":236,"neow_bonus":"RANDOM_COLORLESS","is_prod":false,"is_daily":false,"chose_seed":false,"campfire_upgraded":5,"win_rate":0,"timestamp":1554128458,"path_taken":["M","M","?","M","M","R","E","R","T","E","$","R","M","?","R","BOSS","M","?","$","?","M","R","M","?","T","E","$","?","?","M","R","BOSS","M","$","?","$","M","E","R","E","T","R","?","E","M","?","R","BOSS"],"build_version":"2019-01-23","purchased_purges":2,"victory":false,"max_hp_per_floor":[75,75,75,75,75,75,75,75,75,75,75,75,75,75,75,75,75,78,78,78,78,78,78,81,84,84,97,97,97,97,97,97,100,100,103,103,103,103,103,103,103,103,103,103,106,109,112,112,112,112],"card_choices":[{"not_picked":["Thunderclap","Sword Boomerang"],"picked":"Twin Strike","floor":1},{"not_picked":["Cleave","Iron Wave"],"picked":"Battle Trance","floor":2},{"not_picked":["Corruption","Warcry"],"picked":"Iron Wave","floor":4},{"not_picked":["Second Wind","Cleave"],"picked":"Body Slam","floor":5},{"not_picked":["Pommel Strike","Reckless Charge"],"picked":"True Grit","floor":7},{"not_picked":["Inflame","Clothesline"],"picked":"Limit Break","floor":10},{"not_picked":["Body Slam","Pummel"],"picked":"Flex","floor":13},{"not_picked":["Havoc","Combust","Cleave"],"picked":"SKIP","floor":14},{"not_picked":["Juggernaut","Double Tap"],"picked":"Feed","floor":16},{"not_picked":["Armaments+1","Headbutt"],"picked":"Thunderclap","floor":18},{"not_picked":["Power Through","Warcry","Flex+1"],"picked":"SKIP","floor":22},{"not_picked":["Juggernaut","Clash+1","Sword Boomerang"],"picked":"SKIP","floor":24},{"not_picked":["Wild Strike+1","Armaments","Rupture"],"picked":"SKIP","floor":25},{"not_picked":["Pummel","Carnage"],"picked":"Limit Break","floor":27},{"not_picked":["Wild Strike","Anger"],"picked":"Iron Wave","floor":31},{"not_picked":["Juggernaut","Berserk"],"picked":"Impervious","floor":33},{"not_picked":["Entrench","Warcry","Sword Boomerang"],"picked":"SKIP","floor":35},{"not_picked":["Pommel Strike","Intimidate"],"picked":"Clothesline","floor":39},{"not_picked":["Twin Strike","Carnage","Thunderclap"],"picked":"SKIP","floor":40},{"not_picked":["Fire Breathing+1","Twin Strike","True Grit"],"picked":"SKIP","floor":42},{"not_picked":["Pummel","Havoc"],"picked":"Shrug It Off","floor":46},{"not_picked":["Battle Trance+1","Twin Strike"],"picked":"True Grit+1","floor":47}],"player_experience":1082494,"relics_obtained":[{"floor":7,"key":"War Paint"},{"floor":10,"key":"Red Skull"},{"floor":26,"key":"Happy Flower"},{"floor":27,"key":"Pear"},{"floor":29,"key":"Nilry\u0027s Codex"},{"floor":40,"key":"Gremlin Horn"},{"floor":40,"key":"Ice Cream"},{"floor":42,"key":"Regal Pillow"},{"floor":42,"key":"Champion Belt"},{"floor":43,"key":"Anchor"},{"floor":45,"key":"Thread and Needle"},{"floor":46,"key":"Turnip"},{"floor":46,"key":"Smiling Mask"},{"floor":48,"key":"Orichalcum"}],"event_choices":[{"cards_removed":["Strike_R"],"damage_healed":0,"gold_gain":0,"player_choice":"Purged","damage_taken":0,"max_hp_gain":0,"max_hp_loss":0,"event_name":"Purifier","floor":3,"gold_loss":0},{"damage_healed":0,"gold_gain":0,"player_choice":"Stole Relic","damage_taken":0,"relics_obtained":["Du-Vu Doll"],"max_hp_gain":0,"max_hp_loss":0,"event_name":"Addict","floor":19,"gold_loss":0,"cards_obtained":["Shame"]},{"damage_healed":0,"gold_gain":0,"player_choice":"Got Potions","damage_taken":0,"max_hp_gain":0,"max_hp_loss":0,"event_name":"Lab","floor":21,"gold_loss":0},{"damage_healed":0,"gold_gain":0,"player_choice":"Obtained Book","damage_taken":21,"max_hp_gain":0,"max_hp_loss":0,"event_name":"Cursed Tome","floor":29,"gold_loss":0},{"damage_healed":0,"gold_gain":0,"player_choice":"Smashed Altar","damage_taken":0,"max_hp_gain":0,"max_hp_loss":0,"event_name":"Forgotten Altar","floor":30,"gold_loss":0,"cards_obtained":["Decay"]},{"damage_healed":0,"gold_gain":0,"player_choice":"Paid","damage_taken":0,"relics_obtained":["Red Mask"],"max_hp_gain":0,"max_hp_loss":0,"event_name":"Tomb of Lord Red Mask","floor":37,"gold_loss":11},{"damage_healed":0,"gold_gain":0,"player_choice":"Fight","damage_taken":0,"max_hp_gain":0,"max_hp_loss":0,"event_name":"MindBloom","floor":45,"gold_loss":0}],"is_beta":false,"boss_relics":[{"not_picked":["Snecko Eye","Sozu"],"picked":"Philosopher\u0027s Stone"},{"not_picked":["Mark of Pain","Black Blood"],"picked":"Black Star"}],"items_purged_floors":[11,20],"is_endless":false,"potions_floor_spawned":[1,5,13,14,16,18,22,25,33,35,39,47],"killed_by":"Donu and Deca","ascension_level":20}