{"gold_per_floor":[113,61,61,61,77,77,95,111,161,172,206,206,216,234,234,339,339,356,375,375,392,410,410,24,41,41,41,41,41],"floor_reached":29,"playtime":1501,"items_purged":[],"score":252,"play_id":"21295e9e-46ae-4b5e-b234-271489209bea","local_time":"20180805170508","is_ascension_mode":true,"campfire_choices":[{"data":"Zap","floor":6,"key":"SMITH"},{"floor":12,"key":"REST"},{"floor":15,"key":"REST"},{"data":"Streamline","floor":23,"key":"SMITH"}],"neow_cost":"NONE","seed_source_timestamp":24786924767038,"circlet_count":0,"master_deck":["Strike_B","Defend_B","Defend_B","Defend_B","Defend_B","Zap+1","Dualcast","Conserve Battery","Streamline+1","Coolheaded","Recycle+1","Ball Lightning","Ball Lightning","Sunder","Leap","Rebound","Gash","Conserve Battery","Electrodynamics","Sweeping Beam","Reprogram","Self Repair","Amplify"],"relics":["Cracked Core","Centennial Puzzle","Dream Catcher","Vajra","Empty Cage","Ice Cream","Letter Opener"],"potions_floor_usage":[11,11,11,29,29],"damage_taken":[{"damage":20,"enemies":"Small Slimes","floor":1,"turns":4},{"damage":1,"enemies":"Cultist","floor":5,"turns":3},{"damage":5,"enemies":"Jaw Worm","floor":7,"turns":2},{"damage":21,"enemies":"Lots of Slimes","floor":8,"turns":3},{"damage":1,"enemies":"Blue Slaver","floor":10,"turns":3},{"damage":4,"enemies":"Lagavulin","floor":11,"turns":5},{"damage":0,"enemies":"Gremlin Gang","floor":13,"turns":3},{"damage":6,"enemies":"Exordium Thugs","floor":14,"turns":5},{"damage":5,"enemies":"Slime Boss","floor":16,"turns":6},{"damage":15,"enemies":"Chosen","floor":18,"turns":5},{"damage":12,"enemies":"Spheric Guardian","floor":19,"turns":4},{"damage":5,"enemies":"Centurion and Healer","floor":21,"turns":4},{"damage":3,"enemies":"Cultist and Chosen","floor":22,"turns":4},{"damage":25,"enemies":"Snake Plant","floor":25,"turns":3},{"damage":22,"enemies":"Slavers","floor":29,"turns":1}],"seed_played":"4546656070306510091","potions_obtained":[{"floor":1,"key":"Strength Potion"},{"floor":4,"key":"Ancient Potion"},{"floor":4,"key":"Strength Potion"},{"floor":4,"key":"PowerPotion"},{"floor":7,"key":"Fire Potion"},{"floor":14,"key":"SkillPotion"},{"floor":19,"key":"Explosive Potion"},{"floor":25,"key":"PowerPotion"}],"is_trial":false,"path_per_floor":["M","$","?","?","M","R","M","M","T","M","E","R","M","M","R","B",null,"M","M","?","M","M","R","$","M","T","$","?"],"character_chosen":"DEFECT","items_purchased":["Streamline","Ice Cream","Self Repair"],"campfire_rested":2,"item_purchase_floors":[2,24,24],"current_hp_per_floor":[55,55,55,55,54,54,49,28,28,27,23,45,45,39,61,56,75,60,48,48,43,40,40,40,22,22,22,22,0],"gold":41,"neow_bonus":"REMOVE_CARD","is_prod":false,"is_daily":false,"chose_seed":false,"campfire_upgraded":2,"win_rate":0,"timestamp":1533456308,"path_taken":["M","$","?","?","M","R","M","M","T","M","E","R","M","M","R","BOSS","M","M","?","M","M","R","?","M","T","$","?","E"],"build_version":"2018-08-02","purchased_purges":0,"victory":false,"max_hp_per_floor":[75,75,75,75,75,75,75,75,75,75,75,75,75,75,75,75,75,75,75,75,75,75,75,75,75,75,75,75,75],"card_choices":[{"not_picked":["FTL","Stack"],"picked":"Conserve Battery","floor":1},{"not_picked":["Undo","Redo"],"picked":"Coolheaded","floor":5},{"not_picked":["Cold Snap","Barrage"],"picked":"Recycle","floor":7},{"not_picked":["Loop","Defragment"],"picked":"Ball Lightning","floor":8},{"not_picked":["Gash","Storm"],"picked":"Ball Lightning","floor":10},{"not_picked":["Steam","Beam Cell"],"picked":"Sunder","floor":11},{"not_picked":["Thunder Strike","Go for the Eyes"],"picked":"Leap","floor":12},{"not_picked":["FTL","Doom and Gloom"],"picked":"Rebound","floor":13},{"not_picked":["Coolheaded","Barrage"],"picked":"Gash","floor":14},{"not_picked":["Leap","Aggregate"],"picked":"Conserve Battery","floor":15},{"not_picked":["Creative AI","Machine Learning"],"picked":"Electrodynamics","floor":16},{"not_picked":["Doom and Gloom","Compile Driver","Barrage"],"picked":"SKIP","floor":18},{"not_picked":["Steam","Loop+1"],"picked":"Sweeping Beam","floor":19},{"not_picked":["Coolheaded","Turbo+1","Double Energy"],"picked":"SKIP","floor":21},{"not_picked":["Ball Lightning","Beam Cell+1"],"picked":"Reprogram","floor":22},{"not_picked":["Cold Snap","Go for the Eyes"],"picked":"Amplify","floor":25}],"player_experience":118963,"relics_obtained":[{"floor":9,"key":"Dream Catcher"},{"floor":11,"key":"Vajra"},{"floor":26,"key":"Letter Opener"}],"event_choices":[{"event_name":"WeMeetAgain","player_choice":"Potion","floor":3,"damage_taken":0},{"event_name":"The Lab","player_choice":"Got Potions","floor":4,"damage_taken":0},{"event_name":"Upgrade Shrine","player_choice":"Upgraded","floor":20,"damage_taken":0},{"event_name":"Beggar","player_choice":"Ignored","floor":28,"damage_taken":0}],"is_beta":false,"boss_relics":[{"not_picked":["Calling Bell","Snecko Eye"],"picked":"Empty Cage"}],"items_purged_floors":[],"is_endless":false,"potions_floor_spawned":[1,7,8,14,19,25],"killed_by":"Slavers","ascension_level":2}