{"gold_per_floor":[216,216,233,23,0,0,28,28,55,90,90,90,38,57,57,136,136,156,156,106,116,129,129,154,154,154,154,174,207,235,245,245,316,316,335,353,369,424,374,409,409,435,471,483,528,557,335,346,346,346,346,346,346,124,124],"floor_reached":55,"playtime":2141,"items_purged":["Strike_R","Strike_R","Strike_R","Strike_R"],"score":2002,"play_id":"99df8985-994a-4fde-93b6-2483e1d8ca0e","local_time":"20190328201527","is_ascension_mode":true,"campfire_choices":[{"data":"Whirlwind","floor":6,"key":"SMITH"},{"floor":8,"key":"REST"},{"data":"Bash","floor":12,"key":"SMITH"},{"data":"Sword Boomerang","floor":15,"key":"SMITH"},{"floor":23,"key":"REST"},{"data":"Heavy Blade","floor":25,"key":"SMITH"},{"data":"Sword Boomerang","floor":27,"key":"SMITH"},{"data":"Corruption","floor":32,"key":"SMITH"},{"floor":41,"key":"REST"},{"floor":49,"key":"RECALL"},{"data":"Dual Wield","floor":53,"key":"SMITH"}],"neow_cost":"NONE","seed_source_timestamp":897341994557500,"circlet_count":0,"master_deck":["AscendersBane","Defend_R","Defend_R","Defend_R","Defend_R","Bash+1","Iron Wave","Whirlwind+1","Sword Boomerang+1","Reaper","Sword Boomerang+1","True Grit+1","Pummel","Heavy Blade+1","Corruption+1","Pummel","Battle Trance","Feed","True Grit","Rage+1","Feel No Pain","Dual Wield+1","Exhume","Entrench","Secret Weapon","Double Tap"],"relics":["Burning Blood","Brimstone","Oddly Smooth Stone","Regal Pillow","Champion Belt","Smiling Mask","Philosopher\u0027s Stone","Happy Flower","Bronze Scales","Pear","Blue Candle","Red Mask","Black Star","StoneCalendar","Ice Cream","Orichalcum","MawBank","Dodecahedron","Pen Nib","Dream Catcher"],"potions_floor_usage":[16,22,29,40],"damage_taken":[{"damage":14,"enemies":"Jaw Worm","floor":1,"turns":4},{"damage":8,"enemies":"Small Slimes","floor":3,"turns":6},{"damage":29,"enemies":"Lagavulin","floor":7,"turns":6},{"damage":32,"enemies":"Gremlin Nob","floor":10,"turns":4},{"damage":0,"enemies":"Cultist","floor":14,"turns":3},{"damage":21,"enemies":"Hexaghost","floor":16,"turns":6},{"damage":0,"enemies":"3 Byrds","floor":18,"turns":3},{"damage":35,"enemies":"Shell Parasite","floor":21,"turns":4},{"damage":46,"enemies":"Shelled Parasite and Fungi","floor":22,"turns":5},{"damage":24,"enemies":"Gremlin Leader","floor":24,"turns":6},{"damage":5,"enemies":"Cultist and Chosen","floor":28,"turns":3},{"damage":30,"enemies":"Slavers","floor":29,"turns":4},{"damage":0,"enemies":"Masked Bandits","floor":30,"turns":2},{"damage":7,"enemies":"Centurion and Healer","floor":31,"turns":5},{"damage":50,"enemies":"Collector","floor":33,"turns":6},{"damage":25,"enemies":"3 Darklings","floor":35,"turns":5},{"damage":35,"enemies":"3 Shapes","floor":36,"turns":5},{"damage":0,"enemies":"Transient","floor":37,"turns":6},{"damage":49,"enemies":"2 Orb Walkers","floor":38,"turns":4},{"damage":49,"enemies":"Reptomancer","floor":40,"turns":5},{"damage":22,"enemies":"Giant Head","floor":42,"turns":5},{"damage":0,"enemies":"Nemesis","floor":45,"turns":3},{"damage":13,"enemies":"3 Darklings","floor":46,"turns":4},{"damage":35,"enemies":"Sphere and 2 Shapes","floor":48,"turns":5},{"damage":62,"enemies":"Awakened One","floor":50,"turns":7},{"damage":94,"enemies":"Donu and Deca","floor":51,"turns":7},{"damage":78,"enemies":"Shield and Spear","floor":55,"turns":2}],"seed_played":"3773349056253470084","potions_obtained":[{"floor":7,"key":"Dexterity Potion"},{"floor":14,"key":"EssenceOfSteel"},{"floor":18,"key":"SpeedPotion"},{"floor":22,"key":"FearPotion"},{"floor":30,"key":"GamblersBrew"},{"floor":42,"key":"Fire Potion"},{"floor":45,"key":"PowerPotion"}],"is_trial":false,"path_per_floor":["M","?","M","$","?","R","E","R","T","E","T","R","$","M","R","B",null,"M","T","$","M","M","R","E","R","T","R","M","E","?","M","R","B",null,"M","M","M","?","$","E","R","E","T","?","E","M","$","M","R","B","B",null,"R","$","E"],"character_chosen":"IRONCLAD","items_purchased":["Brimstone","Sword Boomerang","Secret Weapon","Double Tap"],"campfire_rested":3,"item_purchase_floors":[4,13,47,54],"current_hp_per_floor":[60,60,58,58,58,58,35,57,57,31,31,31,31,37,37,22,62,68,68,68,47,19,56,59,59,69,69,70,54,60,73,73,41,74,75,74,80,53,53,24,65,49,49,49,55,78,78,81,81,69,21,76,76,76,0],"gold":124,"neow_bonus":"HUNDRED_GOLD","is_prod":false,"is_daily":false,"chose_seed":false,"campfire_upgraded":7,"win_rate":0,"timestamp":1553793327,"path_taken":["M","?","M","$","?","R","E","R","T","E","?","R","$","M","R","BOSS","M","?","$","M","M","R","E","R","T","R","M","E","?","M","R","BOSS","M","M","M","?","?","E","R","E","T","?","E","M","$","M","R","BOSS","BOSS","R","$","E"],"build_version":"2019-01-23","purchased_purges":4,"victory":false,"max_hp_per_floor":[75,75,75,75,75,75,75,75,75,75,75,75,75,75,75,75,75,75,75,75,75,75,75,75,75,85,85,85,85,85,85,85,85,85,85,88,88,88,88,88,88,88,88,88,88,88,88,91,91,94,94,94,94,94,94],"card_choices":[{"not_picked":["Sword Boomerang","Blood for Blood"],"picked":"Iron Wave","floor":1},{"not_picked":["Twin Strike","Burning Pact"],"picked":"Whirlwind","floor":3},{"not_picked":["Wild Strike","Intimidate","Headbutt"],"picked":"SKIP","floor":7},{"not_picked":["Havoc","Second Wind","Warcry"],"picked":"SKIP","floor":10},{"not_picked":["Rupture","Warcry","Bludgeon"],"picked":"SKIP","floor":14},{"not_picked":["Offering","Fiend Fire"],"picked":"Reaper","floor":16},{"not_picked":["Flex","Headbutt"],"picked":"Sword Boomerang","floor":18},{"not_picked":["Wild Strike","Clash+1"],"picked":"True Grit+1","floor":21},{"not_picked":["Barricade","Battle Trance+1"],"picked":"Pummel","floor":22},{"not_picked":["Body Slam","Shrug It Off+1"],"picked":"Heavy Blade","floor":24},{"not_picked":["Rampage","Anger+1"],"picked":"Corruption","floor":28},{"not_picked":["Warcry","Havoc"],"picked":"Pummel","floor":29},{"not_picked":["Anger","Fire Breathing"],"picked":"Battle Trance","floor":31},{"not_picked":["Offering","Bludgeon"],"picked":"Feed","floor":33},{"not_picked":["Corruption","Evolve+1"],"picked":"True Grit","floor":35},{"not_picked":["Perfected Strike","Body Slam+1"],"picked":"Rage+1","floor":36},{"not_picked":["Heavy Blade","Burning Pact","Warcry+1"],"picked":"SKIP","floor":37},{"not_picked":["Heavy Blade","Hemokinesis"],"picked":"Feel No Pain","floor":38},{"not_picked":["Metallicize","Pummel"],"picked":"Dual Wield","floor":40},{"not_picked":["Corruption","Iron Wave+1"],"picked":"Exhume","floor":42},{"not_picked":["Hemokinesis","Carnage+1"],"picked":"Entrench","floor":45},{"not_picked":["Battle Trance+1","Clash","Warcry"],"picked":"SKIP","floor":46},{"not_picked":["Clash","Pommel Strike","Armaments"],"picked":"SKIP","floor":48}],"player_experience":1050188,"relics_obtained":[{"floor":7,"key":"Oddly Smooth Stone"},{"floor":9,"key":"Regal Pillow"},{"floor":10,"key":"Champion Belt"},{"floor":11,"key":"Smiling Mask"},{"floor":19,"key":"Happy Flower"},{"floor":24,"key":"Bronze Scales"},{"floor":26,"key":"Pear"},{"floor":29,"key":"Blue Candle"},{"floor":30,"key":"Red Mask"},{"floor":38,"key":"StoneCalendar"},{"floor":40,"key":"Ice Cream"},{"floor":40,"key":"Orichalcum"},{"floor":42,"key":"MawBank"},{"floor":42,"key":"Dodecahedron"},{"floor":45,"key":"Pen Nib"},{"floor":45,"key":"Dream Catcher"}],"event_choices":[{"cards_removed":["Strike_R"],"damage_healed":0,"gold_gain":0,"player_choice":"Forget","damage_taken":0,"max_hp_gain":0,"max_hp_loss":0,"event_name":"Living Wall","floor":2,"gold_loss":0},{"damage_healed":0,"gold_gain":0,"player_choice":"Left Gold","damage_taken":0,"max_hp_gain":0,"max_hp_loss":0,"event_name":"World of Goop","floor":5,"gold_loss":23},{"damage_healed":0,"gold_gain":0,"player_choice":"Fought Bandits","damage_taken":0,"max_hp_gain":0,"max_hp_loss":0,"event_name":"Masked Bandits","floor":30,"gold_loss":0},{"damage_healed":0,"gold_gain":0,"player_choice":"Fight","damage_taken":0,"max_hp_gain":0,"max_hp_loss":0,"event_name":"Mysterious Sphere","floor":38,"gold_loss":0},{"damage_healed":0,"gold_gain":0,"player_choice":"Leave","damage_taken":0,"max_hp_gain":0,"max_hp_loss":0,"event_name":"FaceTrader","floor":44,"gold_loss":0}],"is_beta":false,"boss_relics":[{"not_picked":["Runic Cube","Pandora\u0027s Box"],"picked":"Philosopher\u0027s Stone"},{"not_picked":["Busted Crown","Velvet Choker"],"picked":"Black Star"}],"items_purged_floors":[20,39,47,54],"is_endless":false,"potions_floor_spawned":[7,14,18,22,30,33,36,42,45,48],"killed_by":"Shield and Spear","ascension_level":20}