{"gold_per_floor":[115,115,128,141,161,186,186,213,213,239,239,252,252,262,262,262],"floor_reached":16,"playtime":651,"items_purged":[],"score":195,"play_id":"d5aaad42-e95f-4164-98a8-6de9c5115f35","local_time":"20190205231044","is_ascension_mode":true,"campfire_choices":[{"floor":7.0,"key":"REST"},{"floor":13.0,"key":"REST"},{"data":"Recycle","floor":15,"key":"SMITH"}],"neow_cost":"NONE","seed_source_timestamp":55332041091639,"circlet_count":0,"master_deck":["AscendersBane","Strike_B","Strike_B","Strike_B","Strike_B","Defend_B","Defend_B","Defend_B","Defend_B","Zap","Dualcast","Rebound","Recycle+1","Streamline","White Noise","Sweeping Beam","BootSequence","Seek","Conserve Battery","Capacitor"],"special_seed":0,"relics":["Cracked Core","NeowsBlessing","Bag of Marbles","PreservedInsect","Shuriken","Boot","Art of War"],"potions_floor_usage":[16],"damage_taken":[{"damage":0.0,"enemies":"Small Slimes","floor":1.0,"turns":1.0},{"damage":0.0,"enemies":"2 Louse","floor":3.0,"turns":1.0},{"damage":0.0,"enemies":"Cultist","floor":4.0,"turns":1.0},{"damage":8.0,"enemies":"Red Slaver","floor":5.0,"turns":3.0},{"damage":30.0,"enemies":"Lagavulin","floor":6.0,"turns":7.0},{"damage":8.0,"enemies":"Gremlin Nob","floor":8.0,"turns":3.0},{"damage":15.0,"enemies":"Lagavulin","floor":10.0,"turns":5.0},{"damage":8.0,"enemies":"Large Slime","floor":12.0,"turns":5.0},{"damage":6,"enemies":"Looter","floor":14,"turns":3},{"damage":42,"enemies":"Hexaghost","floor":16,"turns":9}],"seed_played":"4549136646697579360","potions_obtained":[{"floor":1.0,"key":"Dexterity Potion"},{"floor":3.0,"key":"Strength Potion"},{"floor":8.0,"key":"Regen Potion"},{"floor":10.0,"key":"Weak Potion"},{"floor":12.0,"key":"SkillPotion"}],"is_trial":false,"path_per_floor":["M","?","M","M","M","E","R","E","T","E","?","M","R","M","R","B"],"character_chosen":"DEFECT","items_purchased":[],"campfire_rested":2,"item_purchase_floors":[],"current_hp_per_floor":[68,61,61,61,53,23,45,37,37,34,34,26,48,42,42,0],"gold":262,"neow_bonus":"THREE_ENEMY_KILL","is_prod":false,"is_daily":false,"chose_seed":false,"campfire_upgraded":1,"win_rate":0,"timestamp":1549375844,"path_taken":["M","?","M","M","M","E","R","E","T","E","?","M","R","M","R","BOSS"],"build_version":"2019-01-23","purchased_purges":0,"victory":false,"max_hp_per_floor":[75,75,75,75,75,75,75,75,75,75,75,75,75,75,75,75],"card_choices":[{"not_picked":["Compile Driver","Steam"],"picked":"Rebound","floor":1.0},{"not_picked":["Cold Snap","Steam Power"],"picked":"Recycle","floor":3.0},{"not_picked":["Heatsinks","Steam Power"],"picked":"Streamline","floor":4.0},{"not_picked":["Beam Cell","Coolheaded"],"picked":"White Noise","floor":5.0},{"not_picked":["Scrape","Stack"],"picked":"Sweeping Beam","floor":6.0},{"not_picked":["Fission","Rebound"],"picked":"BootSequence","floor":8.0},{"not_picked":["Sweeping Beam","Redo"],"picked":"Seek","floor":10.0},{"not_picked":["Sweeping Beam","Barrage"],"picked":"Conserve Battery","floor":12.0},{"not_picked":["Force Field","Leap"],"picked":"Capacitor","floor":14}],"player_experience":310397,"relics_obtained":[{"floor":6.0,"key":"PreservedInsect"},{"floor":8.0,"key":"Shuriken"},{"floor":9.0,"key":"Boot"},{"floor":10.0,"key":"Art of War"}],"event_choices":[{"damage_healed":0.0,"max_hp_gain":0.0,"max_hp_loss":0.0,"gold_gain":0.0,"event_name":"Scrap Ooze","player_choice":"Success","floor":2.0,"gold_loss":0.0,"damage_taken":7.0,"relics_obtained":["Bag of Marbles"]},{"damage_healed":0.0,"max_hp_gain":0.0,"max_hp_loss":0.0,"gold_gain":0.0,"event_name":"Shining Light","player_choice":"Ignored","floor":11.0,"gold_loss":0.0,"damage_taken":0.0}],"is_beta":false,"boss_relics":[],"items_purged_floors":[],"is_endless":false,"potions_floor_spawned":[1,3,8,10,12],"killed_by":"Hexaghost","ascension_level":12}