{"gold_per_floor":[112,130,4,21,21,36,36,36,36,36,36,67,67,87,87,183,183,194,209,226,126,126],"floor_reached":22,"playtime":1262,"items_purged":["Regret","Dualcast"],"score":186,"play_id":"face62ee-493f-4073-af3c-3295ba309a5f","local_time":"20180624223327","is_ascension_mode":false,"campfire_choices":[{"data":"Echo Form","floor":7,"key":"SMITH"},{"floor":10,"key":"REST"},{"floor":13,"key":"REST"},{"data":"Zap","floor":15,"key":"SMITH"}],"neow_cost":"CURSE","seed_source_timestamp":53735498788195,"circlet_count":0,"master_deck":["Strike_B+1","Defend_B","Defend_B","Defend_B","Defend_B","Zap+1","Echo Form+1","Gash","Hologram+1","Gash","Reboot","Beam Cell+1"],"relics":["Cracked Core","Shuriken","Emotion Chip","Empty Cage"],"potions_floor_usage":[12,16,16,16,16,18,20,22,22],"damage_taken":[{"damage":9,"enemies":"Small Slimes","floor":1,"turns":3},{"damage":18,"enemies":"2 Louse","floor":2,"turns":4},{"damage":0,"enemies":"Jaw Worm","floor":4,"turns":3},{"damage":12,"enemies":"Gremlin Gang","floor":6,"turns":4},{"damage":14,"enemies":"Gremlin Nob","floor":12,"turns":4},{"damage":2,"enemies":"Blue Slaver","floor":14,"turns":3},{"damage":11,"enemies":"Slime Boss","floor":16,"turns":7},{"damage":14,"enemies":"2 Thieves","floor":18,"turns":4},{"damage":27,"enemies":"Spheric Guardian","floor":19,"turns":4},{"damage":27,"enemies":"Chosen and Byrds","floor":20,"turns":5},{"damage":9,"enemies":"Cultist and Chosen","floor":22,"turns":4}],"seed_played":"-8870922100501838597","potions_obtained":[{"floor":6,"key":"SkillPotion"},{"floor":11,"key":"EntropicBrew"},{"floor":11,"key":"Swift Potion"},{"floor":12,"key":"Energy Potion"},{"floor":16,"key":"GamblersBrew"},{"floor":20,"key":"Strength Potion"}],"is_trial":false,"path_per_floor":["M","M","$","M","?","M","R","?","T","R","?","E","R","M","R","B",null,"M","M","M","$"],"character_chosen":"DEFECT","items_purchased":["Hologram"],"campfire_rested":2,"item_purchase_floors":[3],"current_hp_per_floor":[66,48,48,48,33,21,21,21,21,43,43,29,51,49,49,38,75,61,34,7,7,0],"gold":126,"neow_bonus":"THREE_RARE_CARDS","is_prod":false,"is_daily":false,"chose_seed":false,"campfire_upgraded":2,"win_rate":0,"timestamp":1529872407,"path_taken":["M","M","$","M","?","M","R","?","T","R","?","E","R","?","R","BOSS","M","?","M","$","M"],"build_version":"2018-06-21v2","purchased_purges":2,"victory":false,"max_hp_per_floor":[75,75,75,75,75,75,75,75,75,75,75,75,75,75,75,75,75,75,75,75,75,75],"card_choices":[{"not_picked":["Fission","Hyperbeam"],"picked":"Echo Form","floor":0},{"not_picked":["Reprogram","Recycle","Ball Lightning"],"picked":"SKIP","floor":1},{"not_picked":["Redo","Static Discharge"],"picked":"Gash","floor":2},{"not_picked":["Steam","Leap"],"picked":"Gash","floor":4},{"not_picked":["Turbo","Go for the Eyes","Reinforced Body"],"picked":"SKIP","floor":6},{"not_picked":["Sweeping Beam","Genetic Algorithm","Hyperbeam"],"picked":"SKIP","floor":12},{"not_picked":["Turbo","Doom and Gloom","Barrage"],"picked":"SKIP","floor":14},{"not_picked":["Multi-Cast","Buffer"],"picked":"Reboot","floor":16},{"not_picked":["Doom and Gloom","Beam Cell","Ball Lightning+1"],"picked":"SKIP","floor":18},{"not_picked":["Compile Driver","Genetic Algorithm","Turbo"],"picked":"SKIP","floor":19},{"not_picked":["Double Energy","Redo+1"],"picked":"Beam Cell+1","floor":20}],"player_experience":266369,"relics_obtained":[{"floor":9,"key":"Shuriken"},{"floor":12,"key":"Emotion Chip"}],"event_choices":[{"event_name":"Shining Light","player_choice":"Entered Light","floor":5,"damage_taken":0},{"event_name":"Purifier","player_choice":"One Purge","floor":8,"damage_taken":0},{"event_name":"The Lab","player_choice":"Got Potions","floor":11,"damage_taken":0}],"boss_relics":[{"not_picked":["Inserter","Fusion Hammer"],"picked":"Empty Cage"}],"items_purged_floors":[3,21],"is_endless":false,"potions_floor_spawned":[6,12,16,20],"killed_by":"Cultist and Chosen","ascension_level":0}