{"gold_per_floor":[110,125,138,13,13,41,41,57,80,99,99,132,198,198,198,300,300,317,110,110,129,129,129,160,160,186,101,101,113,32,64,64,159,159,173,189,189,203,23,58,70,70,70,95,149,179,192,222,222,222],"floor_reached":51,"playtime":4555,"items_purged":["Strike_B","Strike_B","Strike_B","Defend_B"],"score":1310,"play_id":"204ddef3-6043-419e-9bcb-f1a474280099","local_time":"20190815143727","is_ascension_mode":true,"campfire_choices":[{"data":"Zap","floor":7,"key":"SMITH"},{"data":"Consume","floor":11,"key":"SMITH"},{"floor":15,"key":"REST"},{"data":"Defragment","floor":23,"key":"SMITH"},{"data":"Chill","floor":25,"key":"SMITH"},{"data":"Capacitor","floor":32,"key":"SMITH"},{"data":"Capacitor","floor":42,"key":"SMITH"},{"data":"Buffer","floor":49,"key":"SMITH"}],"neow_cost":"NONE","seed_source_timestamp":8206969506836,"circlet_count":0,"master_deck":["Strike_B+1","Defend_B","Defend_B","Defend_B","Zap+1","Dualcast","Glacier","Sweeping Beam","Coolheaded","Ball Lightning+1","Consume+1","Ball Lightning","Glacier","Seek","Defragment+1","Chill+1","Capacitor+1","Go for the Eyes","Capacitor+1","Buffer+1","Blizzard","Beam Cell","Loop","Doom and Gloom+1","Cold Snap+1","Double Energy","Seek","Coolheaded+1"],"relics":["Cracked Core","Boot","Smiling Mask","Oddly Smooth Stone","Runic Pyramid","DataDisk","Regal Pillow","Lantern","Gambling Chip","Sozu","Bottled Tornado","Cables","Prayer Wheel","Letter Opener","Pantograph"],"potions_floor_usage":[12,16,24,46],"damage_taken":[{"damage":4,"enemies":"Jaw Worm","floor":1,"turns":4},{"damage":11,"enemies":"2 Louse","floor":2,"turns":3},{"damage":0,"enemies":"Small Slimes","floor":3,"turns":3},{"damage":13,"enemies":"Lagavulin","floor":6,"turns":9},{"damage":0,"enemies":"3 Louse","floor":8,"turns":3},{"damage":1,"enemies":"Exordium Thugs","floor":10,"turns":4},{"damage":18,"enemies":"3 Sentries","floor":12,"turns":5},{"damage":11,"enemies":"Hexaghost","floor":16,"turns":11},{"damage":4,"enemies":"Chosen","floor":18,"turns":5},{"damage":0,"enemies":"Shell Parasite","floor":21,"turns":6},{"damage":13,"enemies":"Book of Stabbing","floor":24,"turns":6},{"damage":0,"enemies":"Snecko","floor":29,"turns":5},{"damage":1,"enemies":"Gremlin Leader","floor":31,"turns":8},{"damage":0,"enemies":"Champ","floor":33,"turns":10},{"damage":0,"enemies":"Orb Walker","floor":35,"turns":4},{"damage":0,"enemies":"3 Darklings","floor":36,"turns":7},{"damage":4,"enemies":"Jaw Worm Horde","floor":38,"turns":6},{"damage":0,"enemies":"Nemesis","floor":40,"turns":7},{"damage":0,"enemies":"4 Shapes","floor":41,"turns":8},{"damage":8,"enemies":"Giant Head","floor":44,"turns":9},{"damage":11,"enemies":"2 Orb Walkers","floor":45,"turns":5},{"damage":2,"enemies":"Reptomancer","floor":46,"turns":7},{"damage":0,"enemies":"Maw","floor":47,"turns":7},{"damage":0,"enemies":"Nemesis","floor":48,"turns":9},{"damage":0,"enemies":"Time Eater","floor":50,"turns":15}],"seed_played":"3982528304463032820","potions_obtained":[{"floor":3,"key":"Energy Potion"},{"floor":6,"key":"Weak Potion"},{"floor":8,"key":"EntropicBrew"},{"floor":16,"key":"FocusPotion"},{"floor":18,"key":"SteroidPotion"},{"floor":24,"key":"SneckoOil"},{"floor":31,"key":"Poison Potion"}],"is_trial":false,"path_per_floor":["M","M","M","$","?","E","R","M","T","M","R","E","?","?","R","B",null,"M","$","?","M","?","R","E","R","T","$","?","M","$","E","R","B",null,"M","M","?","M","$","E","M","R","T","E","?","E","M","E","R","B",null],"character_chosen":"DEFECT","items_purchased":["Ball Lightning","DataDisk","Capacitor","Capacitor","Beam Cell","Loop"],"campfire_rested":1,"item_purchase_floors":[4,19,27,30,39,39],"current_hp_per_floor":[71,60,60,60,44,31,31,31,31,30,30,12,12,12,36,25,68,64,64,48,48,77,77,64,64,64,64,56,56,56,55,55,55,79,79,79,79,75,75,75,75,75,75,67,56,54,54,54,54,79],"gold":222,"neow_bonus":"TEN_PERCENT_HP_BONUS","is_prod":false,"is_daily":false,"chose_seed":false,"campfire_upgraded":7,"win_rate":0,"timestamp":1565872647,"path_taken":["M","M","M","$","?","E","R","M","T","M","R","E","?","?","R","BOSS","M","$","?","M","?","R","E","R","T","$","?","?","$","E","R","BOSS","M","M","?","M","$","E","M","R","T","E","?","E","M","E","R","BOSS"],"build_version":"2019-07-17","purchased_purges":4,"victory":true,"max_hp_per_floor":[82,82,82,82,82,82,82,82,82,82,82,82,82,82,82,82,82,82,82,87,87,87,87,87,87,87,87,87,87,87,87,87,87,87,87,87,83,83,83,83,83,83,83,83,83,83,83,83,83,83],"card_choices":[{"not_picked":["Coolheaded","Gash"],"picked":"Glacier","floor":1},{"not_picked":["Turbo","Storm"],"picked":"Sweeping Beam","floor":2},{"not_picked":["Conserve Battery","Beam Cell"],"picked":"Coolheaded","floor":3},{"not_picked":["Skim","Rip and Tear","Recycle"],"picked":"SKIP","floor":6},{"not_picked":["Rebound","Reprogram"],"picked":"Consume","floor":8},{"not_picked":["Static Discharge","Defragment"],"picked":"Ball Lightning","floor":10},{"not_picked":["Redo","Rebound"],"picked":"Glacier","floor":12},{"not_picked":["Rainbow","All For One"],"picked":"Seek","floor":16},{"not_picked":["Sunder","Steam"],"picked":"Defragment","floor":18},{"not_picked":["Redo+1","Stack","Hello World"],"picked":"SKIP","floor":21},{"not_picked":["Heatsinks","Ball Lightning"],"picked":"Chill","floor":24},{"not_picked":["Reprogram","Beam Cell"],"picked":"Go for the Eyes","floor":29},{"not_picked":["Heatsinks","Auto Shields","Go for the Eyes"],"picked":"SKIP","floor":31},{"not_picked":["Hyperbeam","Meteor Strike"],"picked":"Buffer","floor":33},{"not_picked":["Turbo","Stack+1","Melter+1"],"picked":"SKIP","floor":35},{"not_picked":["Sunder","Sweeping Beam"],"picked":"Blizzard","floor":36},{"not_picked":["Stack","Rip and Tear+1","Rebound+1"],"picked":"SKIP","floor":38},{"not_picked":["FTL","Ball Lightning"],"picked":"Doom and Gloom+1","floor":40},{"not_picked":["Rebound+1","Steam"],"picked":"Cold Snap+1","floor":41},{"not_picked":["Redo","Tempest","Machine Learning"],"picked":"SKIP","floor":44},{"not_picked":["Barrage+1","Coolheaded"],"picked":"Double Energy","floor":45},{"not_picked":["Go for the Eyes","Turbo"],"picked":"Seek","floor":46},{"not_picked":["Stack+1","Beam Cell+1"],"picked":"Coolheaded+1","floor":47},{"not_picked":["Sweeping Beam+1","Coolheaded","Melter"],"picked":"SKIP","floor":47},{"not_picked":["Leap+1","Conserve Battery","Sweeping Beam"],"picked":"SKIP","floor":48}],"player_experience":916793,"relics_obtained":[{"floor":6,"key":"Boot"},{"floor":9,"key":"Smiling Mask"},{"floor":12,"key":"Oddly Smooth Stone"},{"floor":24,"key":"Regal Pillow"},{"floor":26,"key":"Lantern"},{"floor":31,"key":"Gambling Chip"},{"floor":40,"key":"Bottled Tornado"},{"floor":44,"key":"Cables"},{"floor":45,"key":"Prayer Wheel"},{"floor":46,"key":"Letter Opener"},{"floor":48,"key":"Pantograph"}],"event_choices":[{"damage_healed":0,"gold_gain":0,"player_choice":"Entered Light","damage_taken":16,"max_hp_gain":0,"max_hp_loss":0,"event_name":"Shining Light","floor":5,"gold_loss":0,"cards_upgraded":["Ball Lightning","Strike_B"]},{"damage_healed":0,"gold_gain":66,"player_choice":"Gained Gold","damage_taken":0,"max_hp_gain":0,"max_hp_loss":0,"event_name":"Golden Wing","floor":13,"gold_loss":0},{"damage_healed":0,"gold_gain":0,"player_choice":"Ignored","damage_taken":0,"max_hp_gain":0,"max_hp_loss":0,"event_name":"Golden Idol","floor":14,"gold_loss":0},{"damage_healed":0,"gold_gain":0,"player_choice":"Shed Blood","damage_taken":21,"max_hp_gain":5,"max_hp_loss":0,"event_name":"Forgotten Altar","floor":20,"gold_loss":0},{"damage_healed":29,"gold_gain":0,"player_choice":"Heal","damage_taken":0,"max_hp_gain":0,"max_hp_loss":0,"event_name":"The Library","floor":22,"gold_loss":0},{"damage_healed":0,"gold_gain":0,"player_choice":"","damage_taken":8,"max_hp_gain":0,"max_hp_loss":0,"event_name":"Knowing Skull","floor":28,"potions_obtained":[],"gold_loss":0,"cards_obtained":[]},{"damage_healed":0,"gold_gain":0,"player_choice":"Max HP","damage_taken":0,"max_hp_gain":0,"max_hp_loss":4,"event_name":"Winding Halls","floor":37,"gold_loss":0},{"damage_healed":0,"gold_gain":0,"player_choice":"Fight","damage_taken":0,"max_hp_gain":0,"max_hp_loss":0,"event_name":"Mysterious Sphere","floor":45,"gold_loss":0}],"is_beta":false,"boss_relics":[{"not_picked":["Empty Cage","Ectoplasm"],"picked":"Runic Pyramid"},{"not_picked":["Philosopher\u0027s Stone","Snecko Eye"],"picked":"Sozu"}],"items_purged_floors":[4,19,27,39],"is_endless":false,"potions_floor_spawned":[3,6,8,16,18,24,31,35,36,44,45,46,47],"ascension_level":8}