{"gold_per_floor":[116,134,160,176,176,176,176,176,200,200,215,215,215,234,234,330,330,348,361,378,394,408,442,461,461,461,386,405,330,330],"floor_reached":30,"playtime":832,"items_purged":["Strike_B"],"score":244,"play_id":"11543ebe-1e85-4a99-b1d5-a8994e731576","local_time":"20190924211800","is_ascension_mode":false,"campfire_choices":[{"data":"Rip and Tear","floor":6,"key":"SMITH"},{"data":"Zap","floor":10,"key":"SMITH"},{"data":"Streamline","floor":12,"key":"SMITH"},{"data":"Ball Lightning","floor":15,"key":"SMITH"},{"floor":25,"key":"REST"}],"neow_cost":"NONE","seed_source_timestamp":187084031142400,"circlet_count":0,"master_deck":["Strike_B","Strike_B+1","Defend_B","Defend_B","Defend_B","Defend_B","Zap+1","Dualcast+1","Conserve Battery+1","Steam","Rip and Tear+1","Streamline+1","Ball Lightning+1","Reboot","BootSequence","Capacitor","Conserve Battery","Coolheaded","Consume","Conserve Battery"],"relics":["Cracked Core","NeowsBlessing","Lantern","PreservedInsect","Runic Pyramid","Vajra","Pantograph"],"potions_floor_usage":[20,21,28],"damage_taken":[{"damage":0,"enemies":"Cultist","floor":1,"turns":1},{"damage":0,"enemies":"Small Slimes","floor":2,"turns":1},{"damage":0,"enemies":"2 Louse","floor":4,"turns":1},{"damage":1,"enemies":"Exordium Thugs","floor":11,"turns":3},{"damage":0,"enemies":"3 Louse","floor":14,"turns":2},{"damage":23,"enemies":"The Guardian","floor":16,"turns":9},{"damage":10,"enemies":"2 Thieves","floor":18,"turns":2},{"damage":6,"enemies":"Shell Parasite","floor":19,"turns":4},{"damage":0,"enemies":"Centurion and Healer","floor":20,"turns":5},{"damage":19,"enemies":"Snake Plant","floor":21,"turns":4},{"damage":2,"enemies":"Shelled Parasite and Fungi","floor":22,"turns":6},{"damage":25,"enemies":"Slavers","floor":23,"turns":4},{"damage":3,"enemies":"Centurion and Healer","floor":24,"turns":7},{"damage":26,"enemies":"Cultist and Chosen","floor":28,"turns":5},{"damage":8,"enemies":"Sentry and Sphere","floor":30,"turns":5}],"seed_played":"-7386175757426120180","potions_obtained":[{"floor":4,"key":"SteroidPotion"},{"floor":11,"key":"Fire Potion"},{"floor":18,"key":"FearPotion"},{"floor":20,"key":"Explosive Potion"},{"floor":24,"key":"SteroidPotion"}],"is_trial":false,"path_per_floor":["M","M","T","M","?","R","$","?","T","R","M","R","?","M","R","B",null,"M","M","M","M","M","E","M","R","T","$","M","?","M"],"character_chosen":"DEFECT","items_purchased":[],"campfire_rested":1,"item_purchase_floors":[],"current_hp_per_floor":[75,75,75,75,60,60,60,60,60,60,59,59,59,59,59,36,75,65,59,59,40,38,13,10,32,32,32,6,6,0],"gold":330,"neow_bonus":"THREE_ENEMY_KILL","is_prod":false,"is_daily":false,"chose_seed":false,"campfire_upgraded":4,"win_rate":0,"timestamp":1569327480,"path_taken":["M","M","?","M","?","R","$","?","T","R","?","R","?","M","R","BOSS","M","M","M","M","M","E","?","R","T","$","M","?","M"],"build_version":"2019-07-17","purchased_purges":1,"victory":false,"max_hp_per_floor":[75,75,75,75,75,75,75,75,75,75,75,75,75,75,75,75,75,75,75,75,75,75,75,75,75,75,75,75,75,75],"card_choices":[{"not_picked":["Auto Shields","Storm"],"picked":"Conserve Battery","floor":1},{"not_picked":["Coolheaded","Beam Cell"],"picked":"Steam","floor":2},{"not_picked":["Coolheaded","Recycle"],"picked":"Rip and Tear","floor":4},{"not_picked":["Compile Driver","Gash"],"picked":"Streamline","floor":11},{"not_picked":["Streamline","Darkness"],"picked":"Ball Lightning","floor":14},{"not_picked":["Thunder Strike","Meteor Strike"],"picked":"Reboot","floor":16},{"not_picked":["Rebound","Melter"],"picked":"BootSequence","floor":18},{"not_picked":["Stack","Redo","Fusion"],"picked":"SKIP","floor":19},{"not_picked":["Force Field","Melter+1"],"picked":"Capacitor","floor":20},{"not_picked":["Turbo","Cold Snap"],"picked":"Conserve Battery","floor":21},{"not_picked":["Redo","Steam","Darkness"],"picked":"SKIP","floor":22},{"not_picked":["Ball Lightning","Redo"],"picked":"Coolheaded","floor":23},{"not_picked":["Rip and Tear","Conserve Battery"],"picked":"Consume","floor":24},{"not_picked":["Compile Driver","Steam Power"],"picked":"Conserve Battery","floor":28}],"player_experience":459769,"relics_obtained":[{"floor":3,"key":"Lantern"},{"floor":9,"key":"PreservedInsect"},{"floor":23,"key":"Vajra"},{"floor":26,"key":"Pantograph"}],"event_choices":[{"damage_healed":0,"gold_gain":0,"player_choice":"Entered Light","damage_taken":15,"max_hp_gain":0,"max_hp_loss":0,"event_name":"Shining Light","floor":5,"gold_loss":0,"cards_upgraded":["Dualcast","Strike_B"]},{"damage_healed":0,"gold_gain":0,"player_choice":"Ignored","damage_taken":0,"max_hp_gain":0,"max_hp_loss":0,"event_name":"NoteForYourself","floor":8,"gold_loss":0},{"damage_healed":0,"gold_gain":0,"player_choice":"Upgraded","damage_taken":0,"max_hp_gain":0,"max_hp_loss":0,"event_name":"Upgrade Shrine","floor":13,"gold_loss":0,"cards_upgraded":["Conserve Battery"]},{"cards_removed":["Strike_B"],"damage_healed":0,"gold_gain":0,"player_choice":"Gave Gold","damage_taken":0,"max_hp_gain":0,"max_hp_loss":0,"event_name":"Beggar","floor":29,"gold_loss":75}],"is_beta":false,"boss_relics":[{"not_picked":["Tiny House","Eternal Feather"],"picked":"Runic Pyramid"}],"items_purged_floors":[27],"is_endless":false,"potions_floor_spawned":[4,11,18,20,24],"killed_by":"Sentry and Sphere","ascension_level":0}