{"gold_per_floor":[113,133,133,133,58,58,78,98,98,98,98,156,170,187,187,285,285,298,50,68,85,101,101,101,101,101,118,118,129,77,77,77,77],"floor_reached":33,"playtime":1302,"items_purged":["Strike_B","Stack"],"score":398,"play_id":"a65322bc-b184-4920-b88b-d946aefb4e3e","local_time":"20180819101717","is_ascension_mode":true,"campfire_choices":[{"data":"Zap","floor":6.0,"key":"SMITH"},{"floor":11.0,"key":"REST"},{"floor":15.0,"key":"REST"},{"floor":23.0,"key":"REST"},{"data":"Conserve Battery","floor":28.0,"key":"SMITH"},{"floor":32.0,"key":"REST"}],"neow_cost":"NONE","seed_source_timestamp":70004508023328,"circlet_count":0,"master_deck":["Defend_B","Defend_B","Defend_B","Defend_B","Zap+1","Dualcast","AscendersBane","Rebound","Ball Lightning","Thunder Strike+1","Melter","Rebound+1","Conserve Battery+1","Storm","Electrodynamics","Storm","Echo Form","Conserve Battery","Self Repair","Capacitor"],"special_seed":0,"relics":["Cracked Core","Meat on the Bone","Tiny Chest","Empty Cage","Whetstone","Bottled Flame"],"potions_floor_usage":[33,33],"damage_taken":[{"damage":3.0,"enemies":"Small Slimes","floor":1.0,"turns":3.0},{"damage":0.0,"enemies":"Cultist","floor":2.0,"turns":3.0},{"damage":12.0,"enemies":"Jaw Worm","floor":7.0,"turns":2.0},{"damage":14.0,"enemies":"Exordium Thugs","floor":8.0,"turns":4.0},{"damage":20.0,"enemies":"Gremlin Nob","floor":12.0,"turns":3.0},{"damage":0.0,"enemies":"Large Slime","floor":13.0,"turns":4.0},{"damage":15.0,"enemies":"3 Louse","floor":14.0,"turns":2.0},{"damage":25.0,"enemies":"The Guardian","floor":16.0,"turns":8.0},{"damage":29.0,"enemies":"Shell Parasite","floor":18.0,"turns":6.0},{"damage":22.0,"enemies":"2 Thieves","floor":20.0,"turns":3.0},{"damage":7.0,"enemies":"Snecko","floor":21.0,"turns":5.0},{"damage":33.0,"enemies":"Centurion and Healer","floor":22.0,"turns":5.0},{"damage":8.0,"enemies":"3 Cultists","floor":27.0,"turns":4.0},{"damage":23.0,"enemies":"Shelled Parasite and Fungi","floor":29.0,"turns":5.0},{"damage":63,"enemies":"Champ","floor":33,"turns":6}],"seed_played":"2417981913738519246","potions_obtained":[{"floor":1.0,"key":"EssenceOfSteel"},{"floor":8.0,"key":"Ancient Potion"},{"floor":12.0,"key":"Explosive Potion"},{"floor":16.0,"key":"Energy Potion"},{"floor":20.0,"key":"Regen Potion"},{"floor":21.0,"key":"Strength Potion"}],"is_trial":false,"path_per_floor":["M","M","?","?","$","R","M","M","T","?","R","E","M","M","R","B",null,"M","$","M","M","M","R","$","?","T","M","R","M","$","?","R"],"character_chosen":"DEFECT","items_purchased":["Whetstone","PowerPotion"],"campfire_rested":4,"item_purchase_floors":[19,30],"current_hp_per_floor":[65,65,65,65,65,65,53,39,39,39,61,41,41,38,60,47,68,39,39,29,34,27,49,49,49,49,41,41,37,37,23,47,0],"gold":77,"neow_bonus":"THREE_CARDS","is_prod":false,"is_daily":false,"chose_seed":false,"campfire_upgraded":2,"win_rate":0,"timestamp":1534641437,"path_taken":["M","M","?","?","$","R","M","M","T","?","R","E","M","M","R","BOSS","M","$","M","M","M","R","$","?","T","M","R","M","$","?","R","BOSS"],"build_version":"2018-08-16","purchased_purges":2,"victory":false,"max_hp_per_floor":[75,75,75,75,75,75,75,75,75,75,75,75,75,75,75,75,75,75,75,75,75,75,75,75,75,75,75,75,75,75,80,80,80],"card_choices":[{"not_picked":["Compile Driver","Reinforced Body"],"picked":"Rebound","floor":0.0},{"not_picked":["Defragment","Barrage"],"picked":"Consume","floor":1.0},{"not_picked":["Rebound","Coolheaded"],"picked":"Ball Lightning","floor":2.0},{"not_picked":["Rebound","Barrage"],"picked":"Conserve Battery","floor":7.0},{"not_picked":["Gash","Hologram"],"picked":"Storm","floor":8.0},{"not_picked":["Streamline","Stack"],"picked":"Electrodynamics","floor":12.0},{"not_picked":["Blizzard","Undo"],"picked":"Storm","floor":13.0},{"not_picked":["Cold Snap","Rebound","Redo"],"picked":"SKIP","floor":14.0},{"not_picked":["Meteor Strike","Electrodynamics"],"picked":"Echo Form","floor":16.0},{"not_picked":["Streamline","Turbo","Stack+1"],"picked":"SKIP","floor":18.0},{"not_picked":["Coolheaded","Hello World"],"picked":"Conserve Battery","floor":20.0},{"not_picked":["Doom and Gloom+1","Rebound","Darkness"],"picked":"SKIP","floor":21.0},{"not_picked":["Compile Driver","Chaos","Go for the Eyes"],"picked":"SKIP","floor":22.0},{"not_picked":["Streamline","Cold Snap"],"picked":"Self Repair","floor":27.0},{"not_picked":["Recycle","Compile Driver"],"picked":"Capacitor","floor":29.0}],"player_experience":241782,"relics_obtained":[{"floor":9.0,"key":"Meat on the Bone"},{"floor":12.0,"key":"Tiny Chest"},{"floor":26.0,"key":"Bottled Flame"}],"event_choices":[{"event_name":"Match and Keep!","player_choice":"2 cards matched","floor":3.0,"damage_taken":0.0},{"event_name":"Match and Keep!","player_choice":"2 cards matched","floor":3.0,"damage_taken":0.0},{"event_name":"Transmorgrifier","player_choice":"Transform","floor":4.0,"damage_taken":0.0},{"event_name":"Living Wall","player_choice":"Change","floor":10.0,"damage_taken":0.0},{"event_name":"The Mausoleum","player_choice":"No","floor":25.0,"damage_taken":0.0},{"event_name":"Forgotten Altar","player_choice":"Shed Blood","floor":31.0,"damage_taken":0.0}],"is_beta":false,"boss_relics":[{"not_picked":["Pandora\u0027s Box","Coffee Dripper"],"picked":"Empty Cage"}],"items_purged_floors":[5,19],"is_endless":false,"potions_floor_spawned":[1,8,12,14,16,20,21],"killed_by":"Champ","ascension_level":12}