{"gold_per_floor":[16,16,16,30,51,51,72,72,118,12,53,53,94,113,113,211,211,229,144,144,158,83,124,124,162,162,200,100,119,119,132,132,230,230,246,296,311,46,61,92,92,112,163,194,194,194,232,250,250,250,250,250,250,43,87,87],"floor_reached":57,"playtime":3041,"items_purged":["Strike_R","Strike_R"],"score":3466,"play_id":"03cc6403-e9ce-4998-8921-7c98c46f6f79","local_time":"20190323122248","is_ascension_mode":true,"campfire_choices":[{"data":"Bash","floor":6,"key":"SMITH"},{"data":"Body Slam","floor":8,"key":"SMITH"},{"data":"Iron Wave","floor":12,"key":"SMITH"},{"data":"Iron Wave","floor":15,"key":"SMITH"},{"data":"Entrench","floor":24,"key":"SMITH"},{"data":"Juggernaut","floor":30,"key":"SMITH"},{"data":"Battle Trance","floor":32,"key":"SMITH"},{"floor":41,"key":"RECALL"}],"neow_cost":"NO_GOLD","seed_source_timestamp":436031723707000,"circlet_count":0,"master_deck":["AscendersBane","Strike_R","Strike_R","Defend_R","Defend_R","Defend_R","Defend_R","Bash+1","Battle Trance+1","Iron Wave+1","Iron Wave+1","Body Slam+1","Shrug It Off","Metallicize","Ghostly Armor","Shrug It Off","Juggernaut+1","Shrug It Off","Shrug It Off","Entrench+1","Metallicize","Headbutt+1","Feed","Shrug It Off","Metallicize","Disarm+1","Corruption","Impervious","Master of Strategy"],"relics":["Burning Blood","FossilizedHelix","Golden Idol","Oddly Smooth Stone","Pen Nib","Incense Burner","Coffee Dripper","Mercury Hourglass","Mummified Hand","Thread and Needle","Ice Cream","Bag of Marbles","Fusion Hammer","Strange Spoon","Gremlin Horn","Calipers","Letter Opener","Self Forming Clay"],"potions_floor_usage":[11,13,16,56,56],"damage_taken":[{"damage":3,"enemies":"2 Louse","floor":1,"turns":4},{"damage":0,"enemies":"Jaw Worm","floor":4,"turns":3},{"damage":0,"enemies":"Cultist","floor":5,"turns":4},{"damage":5,"enemies":"3 Louse","floor":7,"turns":7},{"damage":16,"enemies":"Gremlin Nob","floor":11,"turns":4},{"damage":2,"enemies":"3 Sentries","floor":13,"turns":11},{"damage":0,"enemies":"2 Fungi Beasts","floor":14,"turns":5},{"damage":61,"enemies":"Hexaghost","floor":16,"turns":12},{"damage":0,"enemies":"3 Byrds","floor":18,"turns":5},{"damage":0,"enemies":"Shell Parasite","floor":21,"turns":5},{"damage":17,"enemies":"Slavers","floor":23,"turns":6},{"damage":0,"enemies":"Gremlin Leader","floor":25,"turns":7},{"damage":0,"enemies":"Slavers","floor":27,"turns":5},{"damage":0,"enemies":"Sentry and Sphere","floor":29,"turns":5},{"damage":0,"enemies":"Centurion and Healer","floor":31,"turns":4},{"damage":0,"enemies":"Automaton","floor":33,"turns":7},{"damage":0,"enemies":"Orb Walker","floor":35,"turns":2},{"damage":0,"enemies":"3 Shapes","floor":37,"turns":3},{"damage":0,"enemies":"3 Darklings","floor":39,"turns":4},{"damage":0,"enemies":"Reptomancer","floor":40,"turns":6},{"damage":0,"enemies":"Sphere and 2 Shapes","floor":42,"turns":4},{"damage":0,"enemies":"Giant Head","floor":44,"turns":6},{"damage":0,"enemies":"Reptomancer","floor":47,"turns":5},{"damage":0,"enemies":"4 Shapes","floor":48,"turns":3},{"damage":0,"enemies":"Time Eater","floor":50,"turns":11},{"damage":0,"enemies":"Awakened One","floor":51,"turns":9},{"damage":35,"enemies":"Shield and Spear","floor":55,"turns":9},{"damage":0,"enemies":"The Heart","floor":56,"turns":10}],"seed_played":"8703581564921262619","potions_obtained":[{"floor":5,"key":"Ancient Potion"},{"floor":11,"key":"FearPotion"},{"floor":13,"key":"Poison Potion"},{"floor":14,"key":"AttackPotion"},{"floor":21,"key":"SneckoOil"},{"floor":31,"key":"Ancient Potion"},{"floor":33,"key":"Block Potion"},{"floor":42,"key":"Dexterity Potion"},{"floor":44,"key":"EssenceOfSteel"}],"is_trial":false,"path_per_floor":["M","?","?","M","M","R","M","R","T","$","E","R","E","M","R","B",null,"M","?","?","M","$","E","R","E","T","E","$","M","R","M","R","B",null,"M","?","M","$","M","E","R","M","T","E","R","?","E","M","R","B","B",null,"R","$","E","B",null],"character_chosen":"IRONCLAD","items_purchased":["Shrug It Off","Explosive Potion","Strange Spoon","Metallicize","Master of Strategy"],"campfire_rested":0,"item_purchase_floors":[10,10,38,38,54],"current_hp_per_floor":[71,68,68,68,68,68,68,68,68,68,58,58,62,68,68,13,54,60,60,60,66,66,55,55,61,61,67,67,68,68,68,68,68,68,68,62,71,71,74,77,77,80,80,80,80,76,79,82,82,82,85,85,85,85,59,68],"gold":87,"neow_bonus":"ONE_RARE_RELIC","is_prod":false,"is_daily":false,"chose_seed":false,"campfire_upgraded":7,"win_rate":0,"timestamp":1553332968,"path_taken":["M","?","?","M","M","R","M","R","T","$","E","R","E","?","R","BOSS","M","?","?","M","$","E","R","E","T","E","$","M","R","M","R","BOSS","M","?","M","$","M","E","R","?","T","E","R","?","E","M","R","BOSS","BOSS","R","$","E","BOSS"],"build_version":"2019-01-23","purchased_purges":2,"victory":true,"max_hp_per_floor":[75,68,68,68,68,68,68,68,68,68,68,68,68,68,68,68,68,68,68,68,68,68,68,68,68,68,68,68,68,68,68,68,68,68,68,68,71,71,74,77,77,80,80,80,80,76,79,82,82,82,85,85,85,85,88,91],"card_choices":[{"not_picked":["Perfected Strike","Thunderclap"],"picked":"Battle Trance","floor":1},{"not_picked":["Warcry","Cleave"],"picked":"Iron Wave","floor":4},{"not_picked":["Body Slam","Seeing Red"],"picked":"Iron Wave","floor":5},{"not_picked":["Headbutt","Wild Strike"],"picked":"Body Slam","floor":7},{"not_picked":["Carnage","Exhume"],"picked":"Metallicize","floor":11},{"not_picked":["Dark Embrace","Clash"],"picked":"Ghostly Armor","floor":13},{"not_picked":["Flame Barrier","Twin Strike"],"picked":"Shrug It Off","floor":14},{"not_picked":["Double Tap","Fiend Fire"],"picked":"Juggernaut","floor":16},{"not_picked":["Evolve","Havoc","True Grit"],"picked":"SKIP","floor":18},{"not_picked":["Infernal Blade","Clothesline"],"picked":"Shrug It Off","floor":21},{"not_picked":["Burning Pact","Inflame"],"picked":"Entrench","floor":23},{"not_picked":["Fire Breathing","Limit Break"],"picked":"Metallicize","floor":25},{"not_picked":["Pommel Strike","Searing Blow","Anger"],"picked":"SKIP","floor":27},{"not_picked":["Pommel Strike","Searing Blow","Anger"],"picked":"SKIP","floor":27},{"not_picked":["Anger","Sword Boomerang","True Grit"],"picked":"SKIP","floor":29},{"not_picked":["Anger","Sword Boomerang","True Grit"],"picked":"SKIP","floor":29},{"not_picked":["Carnage","Fiend Fire"],"picked":"Headbutt+1","floor":31},{"not_picked":["Berserk","Exhume"],"picked":"Feed","floor":33},{"not_picked":["Anger","Warcry","Havoc+1"],"picked":"SKIP","floor":35},{"not_picked":["Sword Boomerang","Hemokinesis"],"picked":"Shrug It Off","floor":37},{"not_picked":["Flex","Wild Strike","Spot Weakness"],"picked":"SKIP","floor":39},{"not_picked":["Clothesline","Wild Strike"],"picked":"Disarm+1","floor":40},{"not_picked":["Anger","Fire Breathing+1","Warcry+1"],"picked":"SKIP","floor":42},{"not_picked":["Sword Boomerang","Havoc"],"picked":"Corruption","floor":44},{"not_picked":["Wild Strike+1","Heavy Blade"],"picked":"Impervious","floor":47},{"not_picked":["Inflame+1","Power Through","Shockwave+1"],"picked":"SKIP","floor":48},{"not_picked":["Flex","Bludgeon","Thunderclap"],"picked":"SKIP","floor":55}],"player_experience":997045,"relics_obtained":[{"floor":9,"key":"Oddly Smooth Stone"},{"floor":11,"key":"Pen Nib"},{"floor":13,"key":"Incense Burner"},{"floor":23,"key":"Mummified Hand"},{"floor":25,"key":"Thread and Needle"},{"floor":26,"key":"Ice Cream"},{"floor":27,"key":"Bag of Marbles"},{"floor":40,"key":"Gremlin Horn"},{"floor":44,"key":"Calipers"},{"floor":47,"key":"Letter Opener"},{"floor":55,"key":"Self Forming Clay"}],"event_choices":[{"damage_healed":0,"gold_gain":0,"player_choice":"Lose Max HP","damage_taken":0,"relics_obtained":["Golden Idol"],"max_hp_gain":0,"max_hp_loss":7,"event_name":"Golden Idol","floor":2,"gold_loss":0},{"cards_removed":["Strike_R"],"damage_healed":0,"gold_gain":0,"player_choice":"Forget","damage_taken":0,"max_hp_gain":0,"max_hp_loss":0,"event_name":"Living Wall","floor":3,"gold_loss":0},{"damage_healed":0,"gold_gain":0,"player_choice":"Obtained Relic","damage_taken":0,"relics_obtained":["Mercury Hourglass"],"max_hp_gain":0,"max_hp_loss":0,"event_name":"Addict","floor":19,"gold_loss":85},{"damage_healed":0,"gold_gain":0,"player_choice":"Read","damage_taken":0,"max_hp_gain":0,"max_hp_loss":0,"event_name":"The Library","floor":20,"gold_loss":0,"cards_obtained":["Shrug It Off"]},{"damage_healed":0,"gold_gain":50,"player_choice":"Touch","damage_taken":6,"max_hp_gain":0,"max_hp_loss":0,"event_name":"FaceTrader","floor":36,"gold_loss":0},{"damage_healed":0,"gold_gain":0,"player_choice":"Max HP","damage_taken":0,"max_hp_gain":0,"max_hp_loss":4,"event_name":"Winding Halls","floor":46,"gold_loss":0}],"is_beta":false,"boss_relics":[{"not_picked":["Sozu","Tiny House"],"picked":"Coffee Dripper"},{"not_picked":["Velvet Choker","Pandora\u0027s Box"],"picked":"Fusion Hammer"}],"items_purged_floors":[22,28],"is_endless":false,"potions_floor_spawned":[5,11,13,14,21,25,31,33,37,42,44,47],"ascension_level":20}