{"gold_per_floor":[109,109,109,109,109,143,93,93,93,93,11,11,25,46,46,175,175,193,206,31,47,62,62,83,83,110,110,110,153,174,273,273,273],"floor_reached":33,"playtime":1666,"items_purged":["Strike_B"],"score":395,"play_id":"0b0638ae-69b6-4b6a-aa53-c5b733878a4b","local_time":"20180812192730","is_ascension_mode":true,"campfire_choices":[{"data":"Zap","floor":8,"key":"SMITH"},{"data":"Go for the Eyes","floor":10,"key":"SMITH"},{"data":"Steam","floor":12,"key":"SMITH"},{"data":"Leap","floor":15,"key":"SMITH"},{"data":"Steam Power","floor":23,"key":"SMITH"},{"floor":25,"key":"REST"},{"data":"Turbo","floor":32,"key":"SMITH"}],"neow_cost":"","seed_source_timestamp":346245121481415,"circlet_count":0,"master_deck":["Strike_B+1","Defend_B","Defend_B","Defend_B","Zap+1","Dualcast","AscendersBane","Go for the Eyes+1","BootSequence","Steam+1","Gash+1","Leap+1","Electrodynamics","Ball Lightning","Leap","Recycle+1","Steam Power+1","Tempest+1","Conserve Battery","Core Surge","Turbo+1"],"relics":["Cracked Core","Golden Idol","Du-Vu Doll","The Courier","Lizard Tail","Whetstone","Potion Belt","Ginger"],"potions_floor_usage":[24,24,29,33,33],"damage_taken":[{"damage":0,"enemies":"2 Louse","floor":1,"turns":3},{"damage":24,"enemies":"Lagavulin","floor":6,"turns":8},{"damage":0,"enemies":"Small Slimes","floor":13,"turns":4},{"damage":4,"enemies":"Cultist","floor":14,"turns":3},{"damage":36,"enemies":"Slime Boss","floor":16,"turns":14},{"damage":16,"enemies":"Spheric Guardian","floor":18,"turns":5},{"damage":8,"enemies":"Shell Parasite","floor":19,"turns":6},{"damage":19,"enemies":"Snake Plant","floor":21,"turns":6},{"damage":18,"enemies":"Centurion and Healer","floor":22,"turns":8},{"damage":3,"enemies":"3 Cultists","floor":24,"turns":4},{"damage":9,"enemies":"Gremlin Leader","floor":29,"turns":8},{"damage":1,"enemies":"Snecko","floor":30,"turns":5},{"damage":56,"enemies":"Champ","floor":33,"turns":10}],"seed_played":"-1007854859042688592","potions_obtained":[{"floor":6,"key":"GamblersBrew"},{"floor":16,"key":"Explosive Potion"},{"floor":18,"key":"SkillPotion"},{"floor":24,"key":"Energy Potion"},{"floor":28,"key":"Fruit Juice"},{"floor":28,"key":"SteroidPotion"},{"floor":28,"key":"AttackPotion"},{"floor":29,"key":"Ancient Potion"}],"is_trial":false,"path_per_floor":["M","?","?","?","?","E","?","R","T","R","$","R","M","M","R","B",null,"M","M","$","M","M","R","M","R","T","?","?","E","M","?","R"],"character_chosen":"DEFECT","items_purchased":["Steam","Gash","Whetstone"],"campfire_rested":1,"item_purchase_floors":[11,11,20],"current_hp_per_floor":[68,61,66,66,66,42,42,42,42,42,42,42,42,38,38,2,56,40,32,32,13,37,37,34,56,56,56,56,52,51,51,51,0],"gold":273,"neow_bonus":"","is_prod":false,"is_daily":false,"chose_seed":false,"campfire_upgraded":6,"win_rate":0,"timestamp":1534069650,"path_taken":["M","?","?","?","?","E","?","R","T","R","$","R","M","?","R","BOSS","M","M","$","M","M","R","M","R","T","?","?","E","M","?","R","BOSS"],"build_version":"2018-08-09","purchased_purges":1,"victory":false,"max_hp_per_floor":[75,75,80,74,74,74,74,74,74,74,74,74,74,74,74,74,74,74,74,74,74,74,74,74,74,74,74,74,79,79,79,79,79],"card_choices":[{"not_picked":["Beam Cell","Compile Driver"],"picked":"Go for the Eyes","floor":1},{"not_picked":["Biased Cognition","Beam Cell"],"picked":"BootSequence","floor":6},{"not_picked":["Darkness","Fusion","Steam"],"picked":"SKIP","floor":13},{"not_picked":["Steam Power","Reprogram"],"picked":"Leap","floor":14},{"not_picked":["Rainbow","Multi-Cast"],"picked":"Electrodynamics","floor":16},{"not_picked":["Turbo+1","Redo"],"picked":"Ball Lightning","floor":18},{"not_picked":["Skim","Redo+1"],"picked":"Leap","floor":19},{"not_picked":["Turbo","Glacier"],"picked":"Recycle+1","floor":21},{"not_picked":["Consume","Force Field"],"picked":"Steam Power","floor":22},{"not_picked":["Sunder","Redo"],"picked":"Tempest+1","floor":24},{"not_picked":["Turbo","Fusion"],"picked":"Core Surge","floor":29},{"not_picked":["Coolheaded+1","Rebound+1"],"picked":"Turbo","floor":30}],"player_experience":192068,"relics_obtained":[{"floor":6,"key":"Du-Vu Doll"},{"floor":9,"key":"The Courier"},{"floor":26,"key":"Potion Belt"},{"floor":29,"key":"Ginger"}],"event_choices":[{"event_name":"Golden Wing","player_choice":"Card Removal","floor":2,"damage_taken":0},{"event_name":"Big Fish","player_choice":"Donut","floor":3,"damage_taken":0},{"event_name":"Golden Idol","player_choice":"Lose Max HP","floor":4,"damage_taken":0},{"event_name":"Wheel of Change","player_choice":"Card Removal","floor":5,"damage_taken":0},{"event_name":"The Cleric","player_choice":"Card Removal","floor":7,"damage_taken":0},{"event_name":"The Library","player_choice":"Read","floor":27,"damage_taken":0},{"event_name":"The Lab","player_choice":"Got Potions","floor":28,"damage_taken":0},{"event_name":"Nest","player_choice":"Stole From Cult","floor":31,"damage_taken":0}],"is_beta":false,"boss_relics":[{"not_picked":["Nuclear Battery","White Beast Statue"],"picked":"Lizard Tail"}],"items_purged_floors":[20],"is_endless":false,"potions_floor_spawned":[6,16,18,24,29,30],"killed_by":"Champ","ascension_level":10}