{"gold_per_floor":[115,115,125,125,40,40,79,1,26,69,69,69,90,114,114,240,240,264,189,36,135,151,151,151,151,151,251,251],"floor_reached":28,"playtime":1251,"items_purged":["Strike_B"],"score":475,"play_id":"60ff4533-54c9-443a-a2ed-338c203f900d","local_time":"20190913230957","is_ascension_mode":true,"campfire_choices":[{"data":"Buffer","floor":6,"key":"SMITH"},{"data":"Sunder","floor":12,"key":"SMITH"},{"floor":15,"key":"REST"},{"floor":23,"key":"REST"},{"data":"Coolheaded","floor":25,"key":"SMITH"}],"neow_cost":"NONE","seed_source_timestamp":50107195714598,"circlet_count":0,"master_deck":["AscendersBane","Strike_B","Strike_B+1","Defend_B","Defend_B","Defend_B","Defend_B","Zap","Dualcast","Buffer+1","Capacitor","Coolheaded+1","Melter","Barrage+1","Static Discharge+1","Sunder+1","Darkness","Echo Form","Capacitor","Glacier","Chaos+1","Glacier"],"relics":["Cracked Core","Ice Cream","Bloody Idol","Happy Flower","Whetstone","Art of War","Runic Pyramid","Blood Vial","Emotion Chip","Sundial"],"potions_floor_usage":[10,10,27],"damage_taken":[{"damage":2,"enemies":"Jaw Worm","floor":1,"turns":3},{"damage":0,"enemies":"Small Slimes","floor":3,"turns":4},{"damage":0,"enemies":"Lagavulin","floor":7,"turns":7},{"damage":22,"enemies":"3 Sentries","floor":10,"turns":6},{"damage":0,"enemies":"2 Louse","floor":13,"turns":3},{"damage":0,"enemies":"2 Fungi Beasts","floor":14,"turns":3},{"damage":0,"enemies":"Slime Boss","floor":16,"turns":8},{"damage":29,"enemies":"3 Byrds","floor":18,"turns":3},{"damage":18,"enemies":"Chosen","floor":22,"turns":6},{"damage":18,"enemies":"Colosseum Slavers","floor":27,"turns":3},{"damage":33,"enemies":"Colosseum Nobs","floor":27,"turns":6},{"damage":14,"enemies":"Slavers","floor":28,"turns":1}],"seed_played":"2566254767341620684","potions_obtained":[{"floor":3,"key":"SkillPotion"},{"floor":13,"key":"FairyPotion"},{"floor":18,"key":"PowerPotion"}],"is_trial":false,"path_per_floor":["M","?","M","?","$","R","E","$","T","E","?","R","M","M","R","B",null,"M","?","$","?","M","R","?","R","T","?","E"],"character_chosen":"DEFECT","items_purchased":["PowerPotion","Melter","Static Discharge","Glacier"],"campfire_rested":2,"item_purchase_floors":[5,5,8,20],"current_hp_per_floor":[66,63,63,45,45,45,45,45,45,23,23,23,23,23,45,45,68,39,39,39,39,21,43,43,43,43,12,0],"gold":251,"neow_bonus":"ONE_RANDOM_RARE_CARD","is_prod":false,"is_daily":false,"chose_seed":false,"campfire_upgraded":3,"win_rate":0,"timestamp":1568408997,"path_taken":["M","?","M","?","$","R","E","?","T","E","?","R","M","M","R","BOSS","M","?","$","?","M","R","?","R","T","?","E"],"build_version":"2019-07-17","purchased_purges":1,"victory":false,"max_hp_per_floor":[75,75,75,75,75,75,75,75,75,75,75,75,75,75,75,75,75,75,75,75,75,75,75,75,75,75,75,75],"card_choices":[{"not_picked":["Go for the Eyes","Consume"],"picked":"Capacitor","floor":1},{"not_picked":["Self Repair","Ball Lightning"],"picked":"Coolheaded","floor":3},{"not_picked":["Capacitor","Sweeping Beam"],"picked":"Barrage","floor":7},{"not_picked":["Compile Driver","Stack"],"picked":"Sunder","floor":10},{"not_picked":["Reprogram","Ball Lightning","Barrage"],"picked":"SKIP","floor":13},{"not_picked":["Turbo","Beam Cell"],"picked":"Darkness","floor":14},{"not_picked":["Multi-Cast","Hyperbeam"],"picked":"Echo Form","floor":16},{"not_picked":["Darkness","Beam Cell"],"picked":"Capacitor","floor":18},{"not_picked":["Reinforced Body","Rebound+1"],"picked":"Chaos+1","floor":22},{"not_picked":["Tempest","Sweeping Beam"],"picked":"Glacier","floor":27}],"player_experience":1053435,"relics_obtained":[{"floor":7,"key":"Happy Flower"},{"floor":9,"key":"Whetstone"},{"floor":10,"key":"Art of War"},{"floor":26,"key":"Blood Vial"},{"floor":27,"key":"Emotion Chip"},{"floor":27,"key":"Sundial"}],"event_choices":[{"damage_healed":0,"gold_gain":0,"player_choice":"Success","damage_taken":3,"relics_obtained":["Ice Cream"],"max_hp_gain":0,"max_hp_loss":0,"event_name":"Scrap Ooze","floor":2,"gold_loss":0},{"damage_healed":0,"gold_gain":0,"player_choice":"Take Damage","damage_taken":18,"relics_obtained":["Golden Idol"],"max_hp_gain":0,"max_hp_loss":0,"event_name":"Golden Idol","floor":4,"gold_loss":0},{"damage_healed":0,"gold_gain":0,"player_choice":"Grow","damage_taken":0,"max_hp_gain":0,"max_hp_loss":0,"event_name":"Living Wall","floor":11,"gold_loss":0,"cards_upgraded":["Static Discharge"]},{"cards_removed":["Strike_B"],"damage_healed":0,"gold_gain":0,"player_choice":"Gave Gold","damage_taken":0,"max_hp_gain":0,"max_hp_loss":0,"event_name":"Beggar","floor":19,"gold_loss":75},{"damage_healed":0,"gold_gain":99,"player_choice":"Stole From Cult","damage_taken":0,"max_hp_gain":0,"max_hp_loss":0,"event_name":"Nest","floor":21,"gold_loss":0},{"damage_healed":0,"gold_gain":0,"player_choice":"Gave Idol","damage_taken":0,"relics_obtained":["Bloody Idol"],"max_hp_gain":0,"max_hp_loss":0,"event_name":"Forgotten Altar","floor":24,"relics_lost":["Golden Idol"],"gold_loss":0},{"damage_healed":0,"gold_gain":0,"player_choice":"Fight","damage_taken":0,"max_hp_gain":0,"max_hp_loss":0,"event_name":"Colosseum","floor":27,"gold_loss":0},{"damage_healed":0,"gold_gain":0,"player_choice":"Fought Nobs","damage_taken":0,"max_hp_gain":0,"max_hp_loss":0,"event_name":"Colosseum","floor":27,"gold_loss":0}],"is_beta":false,"boss_relics":[{"not_picked":["Velvet Choker","Empty Cage"],"picked":"Runic Pyramid"}],"items_purged_floors":[20],"is_endless":false,"potions_floor_spawned":[3,13,18],"killed_by":"Slavers","ascension_level":12}