{"gold_per_floor":[118,133,133,147,147,147,165,224,224,224,250,270,270,88,88,187,187,199,399,399,41,41,70,70,98,98,98,13,32,51,151,151,252,252,271,271,288,89,63,90,100,100,100,118,137,137,137,152,152,152],"floor_reached":51,"playtime":3792,"items_purged":["Aggregate","Redo"],"score":998,"play_id":"4297f535-a0ff-41db-98c8-9ed3cfe98f05","local_time":"20180809023704","is_ascension_mode":true,"campfire_choices":[{"data":"Glacier","floor":6,"key":"SMITH"},{"data":"Go for the Eyes","floor":13,"key":"SMITH"},{"data":"Melter","floor":15,"key":"SMITH"},{"data":"Hologram","floor":24,"key":"SMITH"},{"data":"Zap","floor":27,"key":"SMITH"},{"data":"Go for the Eyes","floor":32,"key":"SMITH"},{"data":"Recycle","floor":42,"key":"SMITH"},{"data":"Double Energy","floor":46,"key":"SMITH"},{"data":"Dualcast","floor":49,"key":"SMITH"}],"neow_cost":"NONE","seed_source_timestamp":24262914986895,"circlet_count":0,"master_deck":["Zap+1","Dualcast+1","Self Repair","Glacier+1","Go for the Eyes+1","Rebound","Sweeping Beam","Cold Snap","Zap+1","Gash","Melter+1","All For One","Recycle+1","Sweeping Beam","Gash","Steam Power+1","Go for the Eyes+1","Barrage","Hologram+1","FTL","FTL","Streamline+1","Leap+1","Hologram+1","Turbo+1","Gash","Auto Shields+1","Double Energy+1","Conserve Battery+1"],"relics":["Cracked Core","Tiny Chest","Pear","Omamori","Anchor","Pandora\u0027s Box","Boot","StoneCalendar","DataDisk","Mercury Hourglass","Bag of Preparation","Runic Pyramid","Ancient Tea Set","Blood Vial"],"potions_floor_usage":[7,8,23,23,33,33,50],"damage_taken":[{"damage":6,"enemies":"Jaw Worm","floor":1,"turns":5},{"damage":0,"enemies":"2 Louse","floor":2,"turns":3},{"damage":0,"enemies":"Small Slimes","floor":4,"turns":3},{"damage":2,"enemies":"Exordium Thugs","floor":7,"turns":4},{"damage":15,"enemies":"Lagavulin","floor":8,"turns":5},{"damage":2,"enemies":"Exordium Wildlife","floor":12,"turns":4},{"damage":21,"enemies":"The Guardian","floor":16,"turns":12},{"damage":0,"enemies":"Shell Parasite","floor":18,"turns":3},{"damage":17,"enemies":"Book of Stabbing","floor":23,"turns":4},{"damage":0,"enemies":"Gremlin Leader","floor":25,"turns":5},{"damage":0,"enemies":"Chosen","floor":29,"turns":2},{"damage":0,"enemies":"Slaver and Parasite","floor":30,"turns":2},{"damage":31,"enemies":"Automaton","floor":33,"turns":6},{"damage":0,"enemies":"Orb Walker","floor":35,"turns":2},{"damage":0,"enemies":"Flame Bruiser 1 Orb","floor":37,"turns":5},{"damage":10,"enemies":"2 Orb Walkers","floor":40,"turns":3},{"damage":0,"enemies":"Transient","floor":41,"turns":5},{"damage":1,"enemies":"4 Shapes","floor":44,"turns":3},{"damage":4,"enemies":"Maw","floor":45,"turns":5},{"damage":3,"enemies":"3 Darklings","floor":48,"turns":3},{"damage":8,"enemies":"Donu and Deca","floor":50,"turns":6}],"seed_played":"4181265907205888789","potions_obtained":[{"floor":1,"key":"AttackPotion"},{"floor":2,"key":"Poison Potion"},{"floor":8,"key":"GamblersBrew"},{"floor":23,"key":"Poison Potion"},{"floor":29,"key":"Strength Potion"}],"is_trial":false,"path_per_floor":["M","M","?","M","?","R","M","E","T","?","T","M","R","$","R","B",null,"M","?","?","$","?","E","R","E","T","R","?","M","M","?","R","B",null,"M","?","M","$","$","E","M","R","T","M","M","R","?","M","R","B"],"character_chosen":"DEFECT","items_purchased":["Melter","Anchor","FTL","SteroidPotion","Strength Potion","Boot","Block Potion","Fire Potion","Gash"],"campfire_rested":0,"item_purchase_floors":[14,14,21,21,21,21,38,38,39],"current_hp_per_floor":[69,69,54,61,61,61,66,51,61,61,61,66,66,66,66,52,77,77,77,77,77,77,60,60,67,67,67,67,67,67,67,67,43,75,75,75,82,82,82,79,85,85,85,84,85,85,85,85,85,77],"gold":152,"neow_bonus":"THREE_CARDS","is_prod":false,"is_daily":false,"chose_seed":false,"campfire_upgraded":9,"win_rate":0,"timestamp":1533749824,"path_taken":["M","M","?","M","?","R","M","E","T","?","?","M","R","$","R","BOSS","M","?","?","$","?","E","R","E","T","R","?","M","?","?","R","BOSS","M","?","?","?","$","E","M","R","T","M","M","R","?","M","R","BOSS"],"build_version":"2018-08-02","purchased_purges":2,"victory":true,"max_hp_per_floor":[75,75,75,75,75,75,75,75,85,85,85,85,85,85,85,85,85,85,85,85,85,85,85,85,85,85,85,85,85,85,85,85,85,85,85,85,85,85,85,85,85,85,85,85,85,85,85,85,85,85],"card_choices":[{"not_picked":["Beam Cell","Coolheaded"],"picked":"Self Repair","floor":0},{"not_picked":["Lockon","BootSequence"],"picked":"Glacier","floor":1},{"not_picked":["Blizzard","Leap"],"picked":"Go for the Eyes","floor":2},{"not_picked":["Steam","Lockon"],"picked":"Rebound","floor":4},{"not_picked":["Self Repair","Leap"],"picked":"Sweeping Beam","floor":7},{"not_picked":["Turbo","Reinforced Body","Compile Driver"],"picked":"SKIP","floor":8},{"not_picked":["Redo","Machine Learning"],"picked":"Gash","floor":12},{"not_picked":["Buffer","Machine Learning"],"picked":"All For One","floor":16},{"not_picked":["Barrage","Capacitor"],"picked":"Hologram","floor":18},{"not_picked":["Darkness","Compile Driver"],"picked":"FTL","floor":23},{"not_picked":["Sweeping Beam+1","Lockon","Buffer"],"picked":"SKIP","floor":25},{"not_picked":["Stack","Beam Cell"],"picked":"Streamline+1","floor":29},{"not_picked":["Blizzard","Self Repair","Doom and Gloom"],"picked":"SKIP","floor":30},{"not_picked":["Compile Driver","Coolheaded+1"],"picked":"Leap+1","floor":35},{"not_picked":["Cold Snap","Doom and Gloom"],"picked":"Turbo+1","floor":37},{"not_picked":["Compile Driver","Blizzard","Reprogram+1"],"picked":"SKIP","floor":40},{"not_picked":["Steam","Defragment"],"picked":"Auto Shields+1","floor":41},{"not_picked":["Coolheaded","Rebound"],"picked":"Double Energy","floor":44},{"not_picked":["Go for the Eyes","Steam"],"picked":"Conserve Battery+1","floor":45},{"not_picked":["Barrage+1","Doom and Gloom","Thunder Strike"],"picked":"SKIP","floor":48}],"player_experience":184579,"relics_obtained":[{"floor":8,"key":"Tiny Chest"},{"floor":9,"key":"Pear"},{"floor":11,"key":"Omamori"},{"floor":23,"key":"StoneCalendar"},{"floor":25,"key":"DataDisk"},{"floor":26,"key":"Mercury Hourglass"},{"floor":40,"key":"Ancient Tea Set"},{"floor":43,"key":"Blood Vial"}],"event_choices":[{"event_name":"Shining Light","player_choice":"Entered Light","floor":3,"damage_taken":0},{"event_name":"Scrap Ooze","player_choice":"unsuccessful","floor":5,"damage_taken":0},{"event_name":"Match and Keep!","player_choice":"2 cards matched","floor":10,"damage_taken":0},{"event_name":"Match and Keep!","player_choice":"2 cards matched","floor":10,"damage_taken":0},{"event_name":"Wheel of Change","player_choice":"Gold","floor":19,"damage_taken":0},{"event_name":"Accursed Blacksmith","player_choice":"Forge","floor":20,"damage_taken":0},{"event_name":"Drug Dealer","player_choice":"Ignored","floor":22,"damage_taken":0},{"event_name":"Addict","player_choice":"Obtained Relic","floor":28,"damage_taken":0},{"event_name":"Golden Shrine","player_choice":"Pray","floor":31,"damage_taken":0},{"event_name":"Duplicator","player_choice":"One dupe","floor":36,"damage_taken":0},{"event_name":"Mysterious Sphere","player_choice":"Ignore","floor":47,"damage_taken":0}],"is_beta":false,"boss_relics":[{"not_picked":["FrozenCore","Lizard Tail"],"picked":"Pandora\u0027s Box"},{"not_picked":["Inserter","Velvet Choker"],"picked":"Runic Pyramid"}],"items_purged_floors":[21,38],"is_endless":false,"potions_floor_spawned":[1,2,8,23,29,30,41,48],"ascension_level":8}