{"gold_per_floor":[112,11,11,11,11,38,38,57,57,87,136,166,192,218,230,337,349,381,409,421,447,477,489,501,542,854,866,901,1012,1024,1046,1058,1070],"floor_reached":33,"playtime":1332,"items_purged":["Strike_B"],"score":537,"play_id":"e0d523a6-1605-4bdc-b81b-2048d71f8027","local_time":"20180819000855","is_ascension_mode":true,"campfire_choices":[{"data":"Zap","floor":7.0,"key":"SMITH"},{"floor":15.0,"key":"REST"},{"floor":24.0,"key":"REST"},{"data":"Go for the Eyes","floor":27.0,"key":"SMITH"},{"data":"Reboot","floor":30.0,"key":"SMITH"},{"floor":32.0,"key":"REST"}],"neow_cost":"NONE","seed_source_timestamp":33520192802762,"circlet_count":0,"master_deck":["Strike_B","Strike_B","Defend_B","Defend_B","Defend_B","Defend_B","Zap+1","Dualcast","AscendersBane","Auto Shields","Ball Lightning","Leap","BootSequence","Conserve Battery","FTL","Reboot+1","All For One","Gash","Go for the Eyes+1","Hologram","Redo+1","Conserve Battery"],"special_seed":0,"relics":["Cracked Core","NeowsBlessing","Oddly Smooth Stone","Pen Nib","Shuriken","MawBank","Lizard Tail","Torii","Old Coin","Orichalcum"],"potions_floor_usage":[33,33,33],"damage_taken":[{"damage":0.0,"enemies":"Small Slimes","floor":1.0,"turns":1.0},{"damage":0.0,"enemies":"Lagavulin","floor":6.0,"turns":1.0},{"damage":0.0,"enemies":"2 Louse","floor":8.0,"turns":1.0},{"damage":17.0,"enemies":"Gremlin Nob","floor":10.0,"turns":4.0},{"damage":1.0,"enemies":"Jaw Worm","floor":12.0,"turns":3.0},{"damage":0.0,"enemies":"Looter","floor":13.0,"turns":3.0},{"damage":0.0,"enemies":"2 Fungi Beasts","floor":14.0,"turns":4.0},{"damage":35.0,"enemies":"Hexaghost","floor":16.0,"turns":12.0},{"damage":2.0,"enemies":"Chosen","floor":18.0,"turns":5.0},{"damage":9.0,"enemies":"2 Thieves","floor":19.0,"turns":5.0},{"damage":13.0,"enemies":"Snecko","floor":21.0,"turns":5.0},{"damage":11.0,"enemies":"Shelled Parasite and Fungi","floor":22.0,"turns":4.0},{"damage":0.0,"enemies":"Gremlin Leader","floor":23.0,"turns":1.0},{"damage":16.0,"enemies":"Book of Stabbing","floor":25.0,"turns":5.0},{"damage":1.0,"enemies":"Cultist and Chosen","floor":31.0,"turns":6.0},{"damage":147,"enemies":"Automaton","floor":33,"turns":12}],"seed_played":"231951908590478091","potions_obtained":[{"floor":1.0,"key":"FearPotion"},{"floor":10.0,"key":"SmokeBomb"},{"floor":14.0,"key":"EssenceOfSteel"},{"floor":18.0,"key":"Fire Potion"},{"floor":25.0,"key":"EntropicBrew"}],"is_trial":false,"path_per_floor":["M","$","?","?","?","E","R","M","T","E","T","M","M","M","R","B",null,"M","M","?","M","M","E","R","E","T","R","T","?","R","M","R"],"character_chosen":"DEFECT","items_purchased":["Ball Lightning"],"campfire_rested":3,"item_purchase_floors":[2],"current_hp_per_floor":[68,68,73,73,66,66,66,66,66,49,49,48,48,48,72,37,69,67,58,58,45,34,34,58,42,42,42,42,42,42,41,65,0],"gold":1070,"neow_bonus":"THREE_ENEMY_KILL","is_prod":false,"is_daily":false,"chose_seed":false,"campfire_upgraded":3,"win_rate":0,"timestamp":1534604935,"path_taken":["M","$","?","?","?","E","R","M","T","E","?","?","?","M","R","BOSS","M","?","?","?","M","E","R","E","T","R","?","?","R","M","R","BOSS"],"build_version":"2018-08-16","purchased_purges":1,"victory":false,"max_hp_per_floor":[75,75,80,80,80,80,80,80,80,80,80,80,80,80,80,80,80,80,80,80,80,80,80,80,80,80,80,80,80,80,80,80,80],"card_choices":[{"not_picked":["Steam Power","Conserve Battery"],"picked":"Auto Shields","floor":1.0},{"not_picked":["Consume","Tempest"],"picked":"Leap","floor":6.0},{"not_picked":["Sunder","Hologram"],"picked":"BootSequence","floor":8.0},{"not_picked":["Barrage","Force Field"],"picked":"Conserve Battery","floor":10.0},{"not_picked":["Beam Cell","Cold Snap"],"picked":"FTL","floor":12.0},{"not_picked":["Blizzard","Aggregate"],"picked":"Reboot","floor":13.0},{"not_picked":["Glacier","Steam","Redo"],"picked":"SKIP","floor":14.0},{"not_picked":["Buffer","Fission"],"picked":"All For One","floor":16.0},{"not_picked":["Conserve Battery","Rebound"],"picked":"Gash","floor":18.0},{"not_picked":["Storm","Doom and Gloom","Hello World+1"],"picked":"SKIP","floor":19.0},{"not_picked":["Hello World","Stack"],"picked":"Hologram","floor":21.0},{"not_picked":["Stack","Leap"],"picked":"Redo+1","floor":22.0},{"not_picked":["Rainbow","Skim"],"picked":"Conserve Battery","floor":25.0},{"not_picked":["Hello World","Stack+1","Ball Lightning"],"picked":"SKIP","floor":31.0}],"player_experience":238975,"relics_obtained":[{"floor":6.0,"key":"Oddly Smooth Stone"},{"floor":9.0,"key":"Pen Nib"},{"floor":10.0,"key":"Shuriken"},{"floor":11.0,"key":"MawBank"},{"floor":25.0,"key":"Torii"},{"floor":26.0,"key":"Old Coin"},{"floor":28.0,"key":"Orichalcum"}],"event_choices":[{"event_name":"Big Fish","player_choice":"Donut","floor":3.0,"damage_taken":0.0},{"event_name":"Liars Game","player_choice":"disagreed","floor":4.0,"damage_taken":0.0},{"event_name":"Golden Wing","player_choice":"Card Removal","floor":5.0,"damage_taken":0.0},{"event_name":"The Library","player_choice":"Read","floor":20.0,"damage_taken":0.0},{"event_name":"Nest","player_choice":"Stole From Cult","floor":29.0,"damage_taken":0.0}],"is_beta":false,"boss_relics":[{"not_picked":["Ectoplasm","Snecko Eye"],"picked":"Lizard Tail"}],"items_purged_floors":[2],"is_endless":false,"potions_floor_spawned":[1,10,14,18,19,25],"killed_by":"Automaton","ascension_level":12}