{"gold_per_floor":[112,125,125,50,50,50,77,93,93,127,127,127,141,154,154,154],"floor_reached":16,"playtime":497,"items_purged":["Strike_G"],"score":162,"play_id":"572b13ea-5736-45c8-a3d1-632a2aa6ab94","local_time":"20190109223937","is_ascension_mode":true,"campfire_choices":[{"data":"Neutralize","floor":6,"key":"SMITH"},{"floor":11,"key":"REST"},{"floor":15,"key":"REST"}],"neow_cost":"NONE","seed_source_timestamp":509439269211034,"circlet_count":0,"master_deck":["Defend_G","Defend_G","Defend_G","Defend_G","Defend_G","Strike_G","Strike_G","Strike_G","Strike_G","Survivor","Neutralize+1","Backflip","Accuracy","Backflip","Deflect+1","Backstab"],"relics":["Ring of the Snake","NeowsBlessing","Pantograph","Omamori","Gambling Chip"],"potions_floor_usage":[10,13],"damage_taken":[{"damage":0,"enemies":"Small Slimes","floor":1,"turns":2},{"damage":0,"enemies":"2 Louse","floor":2,"turns":1},{"damage":0,"enemies":"3 Sentries","floor":7,"turns":2},{"damage":2,"enemies":"Cultist","floor":8,"turns":6},{"damage":62,"enemies":"Lagavulin","floor":10,"turns":17},{"damage":0,"enemies":"Looter","floor":13,"turns":4},{"damage":0,"enemies":"Exordium Wildlife","floor":14,"turns":5},{"damage":0,"enemies":"Slime Boss","floor":16,"turns":1}],"seed_played":"5361285083530855933","potions_obtained":[{"floor":2,"key":"Dexterity Potion"},{"floor":10,"key":"Poison Potion"},{"floor":13,"key":"Regen Potion"}],"is_trial":false,"path_per_floor":["M","M","?","$","?","R","E","M","T","E","R","?","M","M","R","B"],"character_chosen":"THE_SILENT","items_purchased":[],"campfire_rested":2,"item_purchase_floors":[],"current_hp_per_floor":[70,70,75,75,75,75,75,73,73,11,33,33,33,33,55,75],"gold":154,"neow_bonus":"THREE_ENEMY_KILL","is_prod":false,"is_daily":false,"chose_seed":false,"campfire_upgraded":1,"win_rate":0,"timestamp":1547041177,"path_taken":["M","M","?","$","?","R","E","M","T","E","R","?","?","M","R","BOSS"],"build_version":"2019-01-03v4","purchased_purges":1,"victory":false,"max_hp_per_floor":[70,70,75,75,75,75,75,75,75,75,75,75,75,75,75,75],"card_choices":[{"not_picked":["Bane","Terror"],"picked":"Backflip","floor":1},{"not_picked":["Blur","Underhanded Strike"],"picked":"Accuracy","floor":2},{"not_picked":["Flying Knee","Crippling Poison","Poisoned Stab"],"picked":"SKIP","floor":7},{"not_picked":["Deflect","Outmaneuver"],"picked":"Backflip","floor":8},{"not_picked":["Leg Sweep","Quick Slash"],"picked":"Deflect","floor":10},{"not_picked":["Masterful Stab","Bane","Riddle With Holes"],"picked":"SKIP","floor":13},{"not_picked":["Bullet Time","Outmaneuver"],"picked":"Backstab","floor":14}],"player_experience":294958,"relics_obtained":[{"floor":7,"key":"Pantograph"},{"floor":9,"key":"Omamori"},{"floor":10,"key":"Gambling Chip"}],"event_choices":[{"damage_healed":0,"gold_gain":0,"player_choice":"Donut","damage_taken":0,"max_hp_gain":5,"max_hp_loss":0,"event_name":"Big Fish","floor":3,"gold_loss":0},{"damage_healed":0,"gold_gain":0,"player_choice":"Ignored","damage_taken":0,"max_hp_gain":0,"max_hp_loss":0,"event_name":"Liars Game","floor":5,"gold_loss":0},{"damage_healed":0,"gold_gain":0,"player_choice":"Upgraded","damage_taken":0,"max_hp_gain":0,"max_hp_loss":0,"event_name":"Upgrade Shrine","floor":12,"gold_loss":0,"cards_upgraded":["Deflect"]}],"is_beta":false,"boss_relics":[],"items_purged_floors":[4],"is_endless":false,"potions_floor_spawned":[2,10,13],"killed_by":"Slime Boss","ascension_level":4}