{"gold_per_floor":[116,116,32,46,46,86,86,86,86,86,125,145,145,159,159,248,248,269,288,301,301,7,7,45,63,63,97,97,111,65,78,78,78],"floor_reached":33,"playtime":1612,"items_purged":["Perfected Strike"],"score":681,"play_id":"5591d8b6-ad39-413f-b05e-82e44bebbe93","local_time":"20191005223239","is_ascension_mode":true,"campfire_choices":[{"data":"Bash","floor":8,"key":"SMITH"},{"floor":10,"key":"REST"},{"data":"Clothesline","floor":13,"key":"SMITH"},{"data":"Sword Boomerang","floor":15,"key":"SMITH"},{"floor":23,"key":"REST"},{"floor":28,"key":"REST"},{"floor":32,"key":"REST"}],"neow_cost":"NONE","seed_source_timestamp":43595695589842,"circlet_count":0,"master_deck":["AscendersBane","Strike_R+1","Strike_R+1","Strike_R+1","Strike_R+1","Strike_R+1","Defend_R+1","Defend_R+1","Defend_R+1","Defend_R+1","Bash+1","Battle Trance","Clothesline+1","Offering","Pain","Sword Boomerang+1","Anger","Feed","Rage+1","Shrug It Off","Combust+1","Feel No Pain","Shrug It Off"],"relics":["Burning Blood","NeowsBlessing","Golden Idol","Strawberry","Torii","WarpedTongs","Du-Vu Doll","Dodecahedron","Philosopher\u0027s Stone","Oddly Smooth Stone","Red Skull","The Courier","Centennial Puzzle"],"potions_floor_usage":[11,16,19,24,24,33,33],"damage_taken":[{"damage":0,"enemies":"Jaw Worm","floor":1,"turns":1},{"damage":0,"enemies":"2 Louse","floor":4,"turns":1},{"damage":0,"enemies":"Lagavulin","floor":6,"turns":1},{"damage":7,"enemies":"Gremlin Nob","floor":11,"turns":2},{"damage":1,"enemies":"Cultist","floor":12,"turns":3},{"damage":12,"enemies":"Blue Slaver","floor":14,"turns":3},{"damage":38,"enemies":"The Guardian","floor":16,"turns":12},{"damage":26,"enemies":"Spheric Guardian","floor":18,"turns":4},{"damage":16,"enemies":"Shell Parasite","floor":19,"turns":3},{"damage":12,"enemies":"3 Cultists","floor":20,"turns":5},{"damage":12,"enemies":"Book of Stabbing","floor":24,"turns":4},{"damage":14,"enemies":"Chosen and Byrds","floor":25,"turns":4},{"damage":24,"enemies":"Slavers","floor":27,"turns":5},{"damage":11,"enemies":"Cultist and Chosen","floor":29,"turns":4},{"damage":14,"enemies":"3 Cultists","floor":31,"turns":3},{"damage":82,"enemies":"Champ","floor":33,"turns":8}],"seed_played":"-6202381334632808335","potions_obtained":[{"floor":1,"key":"SteroidPotion"},{"floor":11,"key":"EssenceOfSteel"},{"floor":12,"key":"Energy Potion"},{"floor":18,"key":"LiquidBronze"},{"floor":20,"key":"Explosive Potion"},{"floor":31,"key":"Fire Potion"}],"is_trial":false,"path_per_floor":["M","?","$","M","?","E","?","R","T","R","E","M","R","M","R","B",null,"M","M","M","?","$","R","E","M","T","E","R","M","$","M","R","B"],"character_chosen":"IRONCLAD","items_purchased":["Battle Trance","Oddly Smooth Stone","Shrug It Off","AttackPotion"],"campfire_rested":4,"item_purchase_floors":[3,22,22,30],"current_hp_per_floor":[74,48,48,54,35,41,41,41,41,65,64,69,69,63,63,31,69,49,39,36,36,36,61,55,47,47,33,59,57,57,52,80,0],"gold":78,"neow_bonus":"THREE_ENEMY_KILL","is_prod":false,"is_daily":false,"chose_seed":false,"campfire_upgraded":3,"win_rate":0,"timestamp":1570307559,"path_taken":["M","?","$","M","?","E","?","R","T","R","E","M","R","M","R","BOSS","M","M","?","?","$","R","E","M","T","E","R","M","$","M","R","BOSS"],"build_version":"2019-07-17","purchased_purges":1,"victory":false,"max_hp_per_floor":[75,75,75,75,82,82,82,82,82,82,82,82,82,82,82,82,82,82,82,85,85,85,85,85,85,85,89,89,92,92,95,95,95],"card_choices":[{"not_picked":["Searing Blow","Iron Wave"],"picked":"Perfected Strike","floor":1},{"not_picked":["Fire Breathing","Flex"],"picked":"Clothesline","floor":4},{"not_picked":["Flame Barrier","Blood for Blood"],"picked":"Offering","floor":6},{"not_picked":["Armaments","Entrench","Havoc"],"picked":"SKIP","floor":11},{"not_picked":["Twin Strike","Armaments"],"picked":"Sword Boomerang","floor":12},{"not_picked":["True Grit","Combust"],"picked":"Anger","floor":14},{"not_picked":["Juggernaut","Limit Break"],"picked":"Feed","floor":16},{"not_picked":["Intimidate","Perfected Strike+1","Clash"],"picked":"SKIP","floor":18},{"not_picked":["Sword Boomerang+1","Pommel Strike"],"picked":"Rage+1","floor":19},{"not_picked":["Searing Blow","Cleave","Thunderclap+1"],"picked":"SKIP","floor":20},{"not_picked":["Reckless Charge","Ghostly Armor","Double Tap"],"picked":"SKIP","floor":24},{"not_picked":["Reckless Charge","Ghostly Armor","Double Tap"],"picked":"SKIP","floor":24},{"not_picked":["Pommel Strike","Sentinel+1"],"picked":"Combust+1","floor":25},{"not_picked":["Ghostly Armor","Pummel"],"picked":"Feel No Pain","floor":27},{"not_picked":["Infernal Blade","Reckless Charge"],"picked":"Shrug It Off","floor":29},{"not_picked":["Combust","Havoc","Clothesline"],"picked":"SKIP","floor":31}],"player_experience":1145614,"relics_obtained":[{"floor":6,"key":"Torii"},{"floor":9,"key":"Du-Vu Doll"},{"floor":11,"key":"Dodecahedron"},{"floor":24,"key":"Red Skull"},{"floor":26,"key":"The Courier"},{"floor":27,"key":"Centennial Puzzle"}],"event_choices":[{"damage_healed":0,"gold_gain":0,"player_choice":"Take Damage","damage_taken":26,"relics_obtained":["Golden Idol"],"max_hp_gain":0,"max_hp_loss":0,"event_name":"Golden Idol","floor":2,"gold_loss":0},{"damage_healed":0,"gold_gain":0,"player_choice":"Success","damage_taken":26,"relics_obtained":["Strawberry"],"max_hp_gain":0,"max_hp_loss":0,"event_name":"Scrap Ooze","floor":5,"gold_loss":0},{"damage_healed":0,"gold_gain":0,"player_choice":"Rummage","damage_taken":0,"relics_obtained":["WarpedTongs"],"max_hp_gain":0,"max_hp_loss":0,"event_name":"Accursed Blacksmith","floor":7,"gold_loss":0,"cards_obtained":["Pain"]},{"damage_healed":0,"gold_gain":0,"player_choice":"Simplicity","damage_taken":0,"max_hp_gain":0,"max_hp_loss":0,"event_name":"Back to Basics","floor":21,"gold_loss":0,"cards_upgraded":["Strike_R","Strike_R","Strike_R","Strike_R","Strike_R","Defend_R","Defend_R","Defend_R","Defend_R"]}],"is_beta":false,"boss_relics":[{"not_picked":["Runic Cube","Runic Dome"],"picked":"Philosopher\u0027s Stone"}],"items_purged_floors":[22],"is_endless":false,"potions_floor_spawned":[1,11,12,14,18,20,31],"killed_by":"Champ","ascension_level":18}