{"gold_per_floor":[119,119,76,96,20,53,69,69,119,119,119,119,174,206,206,279,279,295,313,313,338,367,367],"floor_reached":23,"playtime":990,"items_purged":[],"score":418,"play_id":"bef0ac65-5dd0-4091-82b8-6b28262e21a4","local_time":"20190919214459","is_ascension_mode":true,"campfire_choices":[{"data":"Glass Knife","floor":8,"key":"SMITH"},{"data":"Noxious Fumes","floor":10,"key":"SMITH"},{"data":"Caltrops","floor":12,"key":"SMITH"},{"data":"Footwork","floor":15,"key":"SMITH"}],"neow_cost":"NONE","seed_source_timestamp":25262076315946,"circlet_count":0,"master_deck":["AscendersBane","Strike_G","Strike_G","Strike_G","Strike_G","Strike_G","Defend_G","Defend_G","Defend_G","Defend_G","Defend_G","Survivor","Neutralize","Slice","Caltrops+1","Glass Knife+1","Footwork+1","Cloak And Dagger","Crippling Poison+1","Backstab","Noxious Fumes+1","PiercingWail","Deadly Poison","After Image","Backflip","Decay","PiercingWail"],"relics":["Ring of the Snake","NeowsBlessing","Snake Skull","Boot","Ancient Tea Set","Tough Bandages","Eternal Feather","Juzu Bracelet","Red Mask"],"potions_floor_usage":[14,23],"damage_taken":[{"damage":0,"enemies":"Jaw Worm","floor":1,"turns":1},{"damage":0,"enemies":"Cultist","floor":4,"turns":1},{"damage":0,"enemies":"3 Sentries","floor":6,"turns":1},{"damage":0,"enemies":"2 Louse","floor":7,"turns":2},{"damage":10,"enemies":"3 Sentries","floor":13,"turns":4},{"damage":13,"enemies":"Lagavulin","floor":14,"turns":6},{"damage":16,"enemies":"Hexaghost","floor":16,"turns":9},{"damage":7,"enemies":"3 Byrds","floor":18,"turns":4},{"damage":16,"enemies":"Shell Parasite","floor":19,"turns":6},{"damage":24,"enemies":"Masked Bandits","floor":22,"turns":3},{"damage":12,"enemies":"Book of Stabbing","floor":23,"turns":2}],"seed_played":"1197275112590131667","potions_obtained":[{"floor":4,"key":"FearPotion"},{"floor":13,"key":"Block Potion"}],"is_trial":false,"path_per_floor":["M","?","$","M","$","E","M","R","T","R","?","R","?","E","R","B",null,"M","M","?","T","?","E"],"character_chosen":"THE_SILENT","items_purchased":["Footwork","Crippling Poison"],"campfire_rested":0,"item_purchase_floors":[3,5],"current_hp_per_floor":[59,59,59,59,59,59,59,59,59,59,59,59,49,36,36,20,55,48,32,32,32,8,0],"gold":367,"neow_bonus":"THREE_ENEMY_KILL","is_prod":false,"is_daily":false,"chose_seed":false,"campfire_upgraded":4,"win_rate":0,"timestamp":1568922299,"path_taken":["M","?","?","M","$","E","M","R","T","R","?","R","?","E","R","BOSS","M","M","?","?","?","E"],"build_version":"2019-07-17","purchased_purges":0,"victory":false,"max_hp_per_floor":[66,66,66,66,66,66,66,66,66,66,66,66,66,66,66,66,66,66,66,66,66,66,66],"card_choices":[{"not_picked":["Blade Dance","Accuracy"],"picked":"Slice","floor":1},{"not_picked":["Flying Knee","Deflect"],"picked":"Cloak And Dagger","floor":4},{"not_picked":["Crippling Poison","Calculated Gamble"],"picked":"Backstab","floor":6},{"not_picked":["Backflip","Underhanded Strike"],"picked":"Noxious Fumes","floor":7},{"not_picked":["Underhanded Strike","Leg Sweep"],"picked":"PiercingWail","floor":13},{"not_picked":["Slice","Sucker Punch"],"picked":"Deadly Poison","floor":14},{"not_picked":["Wraith Form v2","Tools of the Trade"],"picked":"After Image","floor":16},{"not_picked":["Underhanded Strike","Caltrops"],"picked":"Backflip","floor":18},{"not_picked":["Expertise+1","Cloak And Dagger","Sucker Punch"],"picked":"SKIP","floor":19},{"not_picked":["Heel Hook","Leg Sweep"],"picked":"PiercingWail","floor":22}],"player_experience":1068720,"relics_obtained":[{"floor":6,"key":"Snake Skull"},{"floor":9,"key":"Boot"},{"floor":13,"key":"Ancient Tea Set"},{"floor":14,"key":"Tough Bandages"},{"floor":21,"key":"Juzu Bracelet"},{"floor":22,"key":"Red Mask"}],"event_choices":[{"damage_healed":0,"gold_gain":0,"player_choice":"2 cards matched","damage_taken":0,"max_hp_gain":0,"max_hp_loss":0,"event_name":"Match and Keep!","floor":2,"gold_loss":0,"cards_obtained":["Caltrops","Glass Knife"]},{"damage_healed":0,"gold_gain":0,"player_choice":"Grow","damage_taken":0,"max_hp_gain":0,"max_hp_loss":0,"event_name":"Living Wall","floor":11,"gold_loss":0,"cards_upgraded":["Crippling Poison"]},{"damage_healed":0,"gold_gain":0,"player_choice":"Searched \u00271\u0027 times","damage_taken":0,"max_hp_gain":0,"max_hp_loss":0,"event_name":"Dead Adventurer","floor":13,"gold_loss":0},{"damage_healed":0,"gold_gain":0,"player_choice":"Smashed Altar","damage_taken":0,"max_hp_gain":0,"max_hp_loss":0,"event_name":"Forgotten Altar","floor":20,"gold_loss":0,"cards_obtained":["Decay"]},{"damage_healed":0,"gold_gain":0,"player_choice":"Fought Bandits","damage_taken":0,"max_hp_gain":0,"max_hp_loss":0,"event_name":"Masked Bandits","floor":22,"gold_loss":0}],"is_beta":false,"boss_relics":[{"not_picked":["Calling Bell","Lizard Tail"],"picked":"Eternal Feather"}],"items_purged_floors":[],"is_endless":false,"potions_floor_spawned":[4,13],"killed_by":"Book of Stabbing","ascension_level":18}