{"gold_per_floor":[110,127,127,202,202,202,202,218,245,245,245,245,261,272,272,370,370,385,28,28,28,28,28,41,41,67,67,67,84,101,113,113,209,209,226,126,126,139,139,139],"floor_reached":40,"playtime":4273,"items_purged":["Strike_G","Defend_G"],"score":374,"play_id":"6d5b86e9-e356-4503-aa58-f9b310b58b8d","local_time":"20180625001954","is_ascension_mode":false,"campfire_choices":[{"floor":6,"key":"REST"},{"data":"Burst","floor":10,"key":"SMITH"},{"data":"Phantasmal Killer","floor":15,"key":"SMITH"},{"data":"Footwork","floor":23,"key":"SMITH"},{"data":"Neutralize","floor":25,"key":"SMITH"},{"data":"Flying Knee","floor":28,"key":"SMITH"},{"floor":32,"key":"REST"}],"neow_cost":"TEN_PERCENT_HP_LOSS","seed_source_timestamp":176718303216882,"circlet_count":0,"master_deck":["Defend_G+1","Defend_G+1","Strike_G","Survivor","Neutralize+1","Burst+1","Well Laid Plans+1","Underhanded Strike","Flying Knee+1","Outmaneuver","Phantasmal Killer+1","A Thousand Cuts+1","Flying Knee","Footwork+1","Acrobatics","Acrobatics","Deadly Poison","PiercingWail","PiercingWail","Prepared","Tools of the Trade","Glass Knife+1","Doppelganger+1","Dodge and Roll+1","Prepared+1","Choke+1","Endless Agony+1"],"relics":["Ring of the Snake","Anchor","Boot","Mercury Hourglass","Black Star","Bronze Scales","Bag of Preparation","Astrolabe","The Specimen"],"potions_floor_usage":[16,16,33,33,40,40,40],"damage_taken":[{"damage":2,"enemies":"Jaw Worm","floor":1,"turns":5},{"damage":2,"enemies":"Small Slimes","floor":2,"turns":5},{"damage":0,"enemies":"2 Louse","floor":8,"turns":2},{"damage":0,"enemies":"2 Fungi Beasts","floor":13,"turns":3},{"damage":0,"enemies":"Gremlin Gang","floor":14,"turns":4},{"damage":49,"enemies":"Hexaghost","floor":16,"turns":12},{"damage":19,"enemies":"Spheric Guardian","floor":18,"turns":6},{"damage":0,"enemies":"3 Byrds","floor":24,"turns":2},{"damage":2,"enemies":"Cultist and Chosen","floor":29,"turns":6},{"damage":0,"enemies":"Snake Plant","floor":30,"turns":4},{"damage":6,"enemies":"Centurion and Healer","floor":31,"turns":7},{"damage":41,"enemies":"Collector","floor":33,"turns":10},{"damage":0,"enemies":"3 Shapes","floor":35,"turns":4},{"damage":21,"enemies":"3 Darklings","floor":38,"turns":3},{"damage":0,"floor":39,"turns":5},{"damage":57,"enemies":"2 Orb Walkers","floor":40,"turns":4}],"seed_played":"8661182578253825693","potions_obtained":[{"floor":1,"key":"AttackPotion"},{"floor":2,"key":"SkillPotion"},{"floor":13,"key":"Weak Potion"},{"floor":16,"key":"Fire Potion"},{"floor":30,"key":"Strength Potion"},{"floor":31,"key":"SpeedPotion"},{"floor":38,"key":"Regen Potion"},{"floor":39,"key":"GamblersBrew"}],"is_trial":false,"path_per_floor":["M","M","?","?","?","R","?","M","T","R","T","?","M","M","R","B",null,"M","$","?","$","?","R","M","R","T","?","R","M","M","M","R","B",null,"M","$","?","M","?"],"character_chosen":"THE_SILENT","items_purchased":["Bronze Scales","Footwork","Acrobatics"],"campfire_rested":2,"item_purchase_floors":[19,19,19],"current_hp_per_floor":[61,59,56,45,32,50,50,50,50,50,50,50,50,50,50,1,63,44,44,44,44,44,44,44,44,44,44,44,42,42,36,54,13,63,63,63,63,42,42,0],"gold":139,"neow_bonus":"THREE_RARE_CARDS","is_prod":false,"is_daily":false,"chose_seed":false,"campfire_upgraded":5,"win_rate":0.0,"timestamp":1529853594,"path_taken":["M","M","?","?","?","R","?","?","T","R","?","?","M","?","R","BOSS","M","?","?","$","?","R","M","R","T","?","R","M","M","M","R","BOSS","M","$","?","M","?","E"],"build_version":"2018-06-21v2","purchased_purges":2,"victory":false,"max_hp_per_floor":[63,63,63,63,63,63,63,63,63,63,63,63,63,63,63,63,63,63,63,63,63,63,63,63,63,63,63,63,63,63,63,63,63,63,63,63,63,63,63,63],"card_choices":[{"not_picked":["Venomology","Corpse Explosion"],"picked":"Burst","floor":0},{"not_picked":["Bane","Slice"],"picked":"Well Laid Plans","floor":1},{"not_picked":["Slice","Deadly Poison"],"picked":"Underhanded Strike","floor":2},{"not_picked":["Dash","Poisoned Stab"],"picked":"Flying Knee","floor":8},{"not_picked":["Escape Plan","Dash"],"picked":"Outmaneuver","floor":13},{"not_picked":["Poisoned Stab","Slice"],"picked":"Phantasmal Killer","floor":14},{"not_picked":["Glass Knife","Corpse Explosion"],"picked":"A Thousand Cuts","floor":16},{"not_picked":["Poisoned Stab","PiercingWail"],"picked":"Flying Knee","floor":18},{"not_picked":["Riddle With Holes","Masterful Stab"],"picked":"Deadly Poison","floor":24},{"not_picked":["Bouncing Flask","Blade Dance"],"picked":"PiercingWail","floor":29},{"not_picked":["Bane","Reflex"],"picked":"PiercingWail","floor":30},{"not_picked":["Finisher","Deadly Poison"],"picked":"Prepared","floor":31},{"not_picked":["Venomology","Glass Knife"],"picked":"Tools of the Trade","floor":33},{"not_picked":["Flechettes+1","Quick Slash"],"picked":"Prepared+1","floor":35},{"not_picked":["Well Laid Plans","Sucker Punch"],"picked":"Choke+1","floor":38},{"not_picked":["Backflip+1","Night Terror"],"picked":"Endless Agony+1","floor":39}],"player_experience":12496,"relics_obtained":[{"floor":9,"key":"Boot"},{"floor":11,"key":"Mercury Hourglass"},{"floor":26,"key":"Bag of Preparation"},{"floor":39,"key":"The Specimen"}],"event_choices":[{"event_name":"Scrap Ooze","player_choice":"success","floor":3,"damage_taken":3},{"event_name":"World of Goop","player_choice":"Gather Gold","floor":4,"damage_taken":0},{"event_name":"Shining Light","player_choice":"Entered Light","floor":5,"damage_taken":0},{"event_name":"Upgrade Shrine","player_choice":"Upgraded","floor":7,"damage_taken":0},{"event_name":"Purifier","player_choice":"One Purge","floor":12,"damage_taken":0},{"event_name":"The Library","player_choice":"Read","floor":20,"damage_taken":0},{"event_name":"Upgrade Shrine","player_choice":"Upgraded","floor":22,"damage_taken":0},{"event_name":"Purifier","player_choice":"One Purge","floor":27,"damage_taken":0},{"event_name":"Tomb of Lord Red Mask","player_choice":"Ignored","floor":37,"damage_taken":0},{"event_name":"MindBloom","player_choice":"Fight","floor":39,"damage_taken":0}],"boss_relics":[{"not_picked":["Coffee Dripper","Runic Dome"],"picked":"Black Star"},{"not_picked":["Fusion Hammer","Philosopher\u0027s Stone"],"picked":"Astrolabe"}],"items_purged_floors":[19,36],"is_endless":false,"potions_floor_spawned":[1,2,13,16,30,31,38,39],"killed_by":"2 Orb Walkers","ascension_level":0}