{"gold_per_floor":[115,18,18,37,37,37,70,70,70,105,115,115,140,160,160,256,256,274,274,294,309,27,27,27,27],"floor_reached":25,"playtime":23705,"items_purged":["Strike_B"],"score":318,"play_id":"4c59bc61-2ad2-400b-9f7f-9bde464fae83","local_time":"20190815220545","is_ascension_mode":true,"campfire_choices":[{"data":"Barrage","floor":6,"key":"SMITH"},{"data":"Barrage","floor":8,"key":"SMITH"},{"floor":15,"key":"REST"},{"floor":23,"key":"REST"}],"neow_cost":"NONE","seed_source_timestamp":15963505643405,"circlet_count":0,"master_deck":["Strike_B","Strike_B","Strike_B","Defend_B","Defend_B","Defend_B","Defend_B","Zap+1","Dualcast","Compile Driver","Barrage+1","Ball Lightning","Barrage+1","Darkness","Coolheaded","Chaos","Capacitor","Buffer","Loop","Genetic Algorithm","Sweeping Beam","Undo","Seek","Redo","Streamline+1","Consume"],"relics":["Cracked Core","Dodecahedron","Lantern","Question Card","Bird Faced Urn","Orrery","Darkstone Periapt","Runic Capacitor"],"potions_floor_usage":[13,25,25,25],"damage_taken":[{"damage":1,"enemies":"Cultist","floor":1,"turns":4},{"damage":6,"enemies":"Small Slimes","floor":4,"turns":3},{"damage":25,"enemies":"3 Sentries","floor":7,"turns":6},{"damage":16,"enemies":"Gremlin Nob","floor":10,"turns":3},{"damage":2,"enemies":"Jaw Worm","floor":11,"turns":2},{"damage":20,"enemies":"Lagavulin","floor":13,"turns":4},{"damage":0,"enemies":"Exordium Wildlife","floor":14,"turns":3},{"damage":17,"enemies":"The Guardian","floor":16,"turns":8},{"damage":2,"enemies":"Chosen","floor":18,"turns":3},{"damage":4,"enemies":"Spheric Guardian","floor":20,"turns":3},{"damage":41,"enemies":"Chosen and Byrds","floor":21,"turns":7},{"damage":58,"enemies":"Gremlin Leader","floor":25,"turns":5}],"seed_played":"-924788518959193290","potions_obtained":[{"floor":7,"key":"AttackPotion"},{"floor":10,"key":"SkillPotion"},{"floor":16,"key":"Swift Potion"},{"floor":21,"key":"PowerPotion"}],"is_trial":false,"path_per_floor":["M","$","?","M","?","R","E","R","T","E","M","?","E","M","R","B",null,"M","?","M","M","$","R","?","E"],"character_chosen":"DEFECT","items_purchased":["Barrage","PowerPotion","Runic Capacitor"],"campfire_rested":2,"item_purchase_floors":[2,2,22],"current_hp_per_floor":[74,74,74,68,68,68,43,43,43,27,25,25,5,5,29,14,65,63,63,61,26,26,50,50,0],"gold":27,"neow_bonus":"TEN_PERCENT_HP_BONUS","is_prod":false,"is_daily":false,"chose_seed":false,"campfire_upgraded":2,"win_rate":0,"timestamp":1565899545,"path_taken":["M","?","?","M","?","R","E","R","T","E","?","?","E","M","R","BOSS","M","?","M","?","$","R","?","E"],"build_version":"2019-07-17","purchased_purges":1,"victory":false,"max_hp_per_floor":[82,82,82,82,82,82,82,82,82,82,82,82,82,82,82,82,82,82,82,82,82,82,82,82,82],"card_choices":[{"not_picked":["Go for the Eyes","Blizzard"],"picked":"Compile Driver","floor":1},{"not_picked":["Go for the Eyes","Compile Driver"],"picked":"Ball Lightning","floor":4},{"not_picked":["Stack","Fusion"],"picked":"Barrage","floor":7},{"not_picked":["Steam Power","Ball Lightning"],"picked":"Darkness","floor":10},{"not_picked":["Storm","Chill","Reprogram"],"picked":"Coolheaded","floor":11},{"not_picked":["Lockon","Turbo","Thunder Strike"],"picked":"Chaos","floor":13},{"not_picked":["Beam Cell","Melter","Leap"],"picked":"Capacitor","floor":14},{"not_picked":["Creative AI","All For One","Hyperbeam"],"picked":"Buffer","floor":16},{"not_picked":["Conserve Battery","Chaos","Gash"],"picked":"Loop","floor":17},{"not_picked":["White Noise","Compile Driver","Conserve Battery"],"picked":"Genetic Algorithm","floor":17},{"not_picked":["Turbo","Beam Cell","Heatsinks"],"picked":"Sweeping Beam","floor":17},{"not_picked":["Redo","Melter","Doom and Gloom"],"picked":"Undo","floor":17},{"not_picked":["Gash","Leap","Sweeping Beam"],"picked":"Seek","floor":18},{"not_picked":["Reinforced Body","Turbo","Barrage"],"picked":"Redo","floor":20},{"not_picked":["Undo","Redo","Scrape"],"picked":"Streamline+1","floor":21}],"player_experience":922036,"relics_obtained":[{"floor":7,"key":"Dodecahedron"},{"floor":9,"key":"Lantern"},{"floor":10,"key":"Question Card"},{"floor":13,"key":"Bird Faced Urn"}],"event_choices":[{"damage_healed":0,"gold_gain":0,"player_choice":"Grow","damage_taken":0,"max_hp_gain":0,"max_hp_loss":0,"event_name":"Living Wall","floor":3,"gold_loss":0,"cards_upgraded":["Zap"]},{"damage_healed":0,"gold_gain":0,"player_choice":"Ignored","damage_taken":0,"max_hp_gain":0,"max_hp_loss":0,"event_name":"Liars Game","floor":5,"gold_loss":0},{"damage_healed":0,"gold_gain":0,"player_choice":"Bought 0 Potions","damage_taken":0,"max_hp_gain":0,"max_hp_loss":0,"event_name":"The Woman in Blue","floor":12,"gold_loss":0},{"damage_healed":0,"gold_gain":0,"player_choice":"Gave Potion","damage_taken":0,"relics_obtained":["Darkstone Periapt"],"max_hp_gain":0,"max_hp_loss":0,"event_name":"WeMeetAgain","floor":19,"gold_loss":0},{"damage_healed":0,"gold_gain":0,"player_choice":"Read","damage_taken":0,"max_hp_gain":0,"max_hp_loss":0,"event_name":"The Library","floor":24,"gold_loss":0,"cards_obtained":["Consume"]}],"is_beta":false,"boss_relics":[{"not_picked":["Coffee Dripper","Runic Dome"],"picked":"Orrery"}],"items_purged_floors":[22],"is_endless":false,"potions_floor_spawned":[7,10,16,18,21],"killed_by":"Gremlin Leader","ascension_level":9}