{"gold_per_floor":[116,133,133,83,83,83,95,115,168,180,205,205,222,222,222,322,322,333,333,349,349,64,64,64,64,115,115,125,125,50,62,62,157,157,157],"floor_reached":35,"playtime":1855,"items_purged":["Strike_B"],"score":568,"play_id":"559ca20b-cc5e-429d-a1df-7a41323201ba","local_time":"20180825193232","is_ascension_mode":true,"campfire_choices":[{"data":"Conserve Battery","floor":6.0,"key":"SMITH"},{"data":"Darkness","floor":12.0,"key":"SMITH"},{"data":"Streamline","floor":15.0,"key":"SMITH"},{"data":"Double Energy","floor":23.0,"key":"SMITH"},{"floor":29.0,"key":"REST"},{"floor":32.0,"key":"REST"}],"neow_cost":"","seed_source_timestamp":621433057103608,"circlet_count":0,"master_deck":["Strike_B","Strike_B","Defend_B","Defend_B","Defend_B","Defend_B","Zap+1","Dualcast+1","AscendersBane","Rebound","Self Repair","Darkness+1","Conserve Battery+1","Streamline+1","Leap","Steam","Core Surge","Conserve Battery","Multi-Cast","Double Energy+1","Sweeping Beam","Redo","Meteor Strike"],"special_seed":0,"relics":["Cracked Core","Regal Pillow","Juzu Bracelet","White Beast Statue","GremlinMask","Ice Cream","Bag of Marbles","Enchiridion","Eternal Feather"],"potions_floor_usage":[35],"damage_taken":[{"damage":3.0,"enemies":"2 Louse","floor":1.0,"turns":3.0},{"damage":7.0,"enemies":"Jaw Worm","floor":2.0,"turns":3.0},{"damage":0.0,"enemies":"Small Slimes","floor":7.0,"turns":3.0},{"damage":0.0,"enemies":"2 Fungi Beasts","floor":8.0,"turns":2.0},{"damage":0.0,"enemies":"Gremlin Gang","floor":10.0,"turns":6.0},{"damage":3.0,"enemies":"Lagavulin","floor":11.0,"turns":7.0},{"damage":8.0,"enemies":"3 Louse","floor":13.0,"turns":2.0},{"damage":17.0,"enemies":"Slime Boss","floor":16.0,"turns":7.0},{"damage":18.0,"enemies":"3 Byrds","floor":18.0,"turns":6.0},{"damage":5.0,"enemies":"Chosen","floor":20.0,"turns":5.0},{"damage":19.0,"enemies":"Centurion and Healer","floor":28.0,"turns":8.0},{"damage":11.0,"enemies":"Sentry and Sphere","floor":31.0,"turns":5.0},{"damage":74.0,"enemies":"Automaton","floor":33.0,"turns":9.0},{"damage":69,"enemies":"3 Darklings","floor":35,"turns":7}],"seed_played":"7811152069459417115","potions_obtained":[{"floor":1.0,"key":"Explosive Potion"},{"floor":7.0,"key":"Dexterity Potion"},{"floor":13.0,"key":"Weak Potion"},{"floor":18.0,"key":"Swift Potion"},{"floor":20.0,"key":"Block Potion"},{"floor":28.0,"key":"AttackPotion"},{"floor":31.0,"key":"EssenceOfSteel"},{"floor":33.0,"key":"Energy Potion"}],"is_trial":false,"path_per_floor":["M","M","?","$","?","R","M","M","T","M","E","R","M","?","R","B",null,"M","?","M","?","$","R","?","$","T","?","M","R","$","M","R","B",null],"character_chosen":"DEFECT","items_purchased":["Conserve Battery","Ice Cream"],"campfire_rested":2,"item_purchase_floors":[4,22],"current_hp_per_floor":[65,58,58,58,43,43,50,50,50,57,61,61,60,65,65,55,74,63,63,65,57,57,57,57,57,57,41,29,68,68,64,80,13,63,0],"gold":157,"neow_bonus":"","is_prod":false,"is_daily":false,"chose_seed":false,"campfire_upgraded":4,"win_rate":0,"timestamp":1535193152,"path_taken":["M","M","?","$","?","R","M","M","T","M","E","R","M","?","R","BOSS","M","?","M","?","$","R","?","$","T","?","M","R","?","M","R","BOSS","M"],"build_version":"2018-08-23v2","purchased_purges":1,"victory":false,"max_hp_per_floor":[75,75,75,75,75,75,75,75,75,75,75,75,75,80,80,80,80,80,80,80,80,80,80,80,80,80,80,80,80,80,80,80,80,80,80],"card_choices":[{"not_picked":["Hello World","Stack"],"picked":"Rebound","floor":1.0},{"not_picked":["Streamline","Defragment"],"picked":"Self Repair","floor":2.0},{"not_picked":["Blizzard","Darkness"],"picked":"Streamline","floor":7.0},{"not_picked":["Gash","Aggregate"],"picked":"Leap","floor":8.0},{"not_picked":["Defragment","Stack"],"picked":"Steam","floor":10.0},{"not_picked":["Fusion","Hologram"],"picked":"Core Surge","floor":11.0},{"not_picked":["Go for the Eyes","Coolheaded"],"picked":"Conserve Battery","floor":13.0},{"not_picked":["Seek","Biased Cognition"],"picked":"Multi-Cast","floor":16.0},{"not_picked":["Streamline","Consume"],"picked":"Double Energy","floor":18.0},{"not_picked":["Compile Driver","Barrage"],"picked":"Sweeping Beam","floor":20.0},{"not_picked":["Loop","Self Repair"],"picked":"Redo","floor":28.0},{"not_picked":["Compile Driver","Darkness+1","Scrape"],"picked":"SKIP","floor":31.0},{"not_picked":["Amplify","Core Surge"],"picked":"Meteor Strike","floor":33.0}],"player_experience":243851,"relics_obtained":[{"floor":9.0,"key":"Regal Pillow"},{"floor":11.0,"key":"Juzu Bracelet"},{"floor":26.0,"key":"Bag of Marbles"},{"floor":27.0,"key":"Enchiridion"}],"event_choices":[{"event_name":"Living Wall","player_choice":"Change","floor":3.0,"damage_taken":0.0},{"event_name":"Shining Light","player_choice":"Entered Light","floor":5.0,"damage_taken":0.0},{"event_name":"Big Fish","player_choice":"Donut","floor":14.0,"damage_taken":0.0},{"event_name":"FaceTrader","player_choice":"Trade","floor":19.0,"damage_taken":0.0},{"event_name":"Knowing Skull","player_choice":"","floor":21.0,"damage_taken":0.0},{"event_name":"Beggar","player_choice":"Ignored","floor":24.0,"damage_taken":0.0},{"event_name":"Cursed Tome","player_choice":"Obtained Book","floor":27.0,"damage_taken":0.0}],"is_beta":false,"boss_relics":[{"not_picked":["Ectoplasm","Orrery"],"picked":"White Beast Statue"},{"not_picked":["Philosopher\u0027s Stone","FrozenCore"],"picked":"Eternal Feather"}],"items_purged_floors":[30],"is_endless":false,"potions_floor_spawned":[1,7,13,18,20,28,31,33],"killed_by":"3 Darklings","ascension_level":12}