{"gold_per_floor":[113,33,33,33,0,0,35,35,35,65,8,22,22,37,37,37],"floor_reached":16,"playtime":624,"items_purged":[],"score":201,"play_id":"2860dd7c-6f92-4b2e-95b4-aa3b1cdee31d","local_time":"20190929230951","is_ascension_mode":true,"campfire_choices":[{"data":"Dagger Spray","floor":6,"key":"SMITH"},{"floor":8,"key":"REST"},{"floor":15,"key":"REST"}],"neow_cost":"NONE","seed_source_timestamp":49008777915319,"circlet_count":0,"master_deck":["AscendersBane","Strike_G","Strike_G","Strike_G","Strike_G","Defend_G","Defend_G","Defend_G","Defend_G","Defend_G","Survivor","Neutralize+1","Poisoned Stab","Deadly Poison","Dagger Spray+1","PiercingWail","Crippling Poison","Dodge and Roll"],"relics":["Ring of the Snake","Snake Skull","Thread and Needle","Oddly Smooth Stone"],"potions_floor_usage":[16,16],"damage_taken":[{"damage":2,"enemies":"2 Louse","floor":1,"turns":3},{"damage":34,"enemies":"3 Sentries","floor":7,"turns":8},{"damage":33,"enemies":"Gremlin Nob","floor":10,"turns":5},{"damage":0,"enemies":"Jaw Worm","floor":12,"turns":4},{"damage":0,"enemies":"Small Slimes","floor":14,"turns":3},{"damage":36,"enemies":"Slime Boss","floor":16,"turns":9}],"seed_played":"1692849481216168856","potions_obtained":[{"floor":7,"key":"Ancient Potion"},{"floor":10,"key":"Poison Potion"}],"is_trial":false,"path_per_floor":["M","$","?","?","?","R","E","R","T","E","$","M","$","M","R","B"],"character_chosen":"THE_SILENT","items_purchased":["Deadly Poison","Dagger Spray","Fire Potion"],"campfire_rested":2,"item_purchase_floors":[2,2,11],"current_hp_per_floor":[63,63,63,56,56,56,22,43,43,10,10,10,10,10,31,0],"gold":37,"neow_bonus":"TEN_PERCENT_HP_BONUS","is_prod":false,"is_daily":false,"chose_seed":false,"campfire_upgraded":1,"win_rate":0,"timestamp":1569791391,"path_taken":["M","$","?","?","?","R","E","R","T","E","?","M","$","M","R","BOSS"],"build_version":"2019-07-17","purchased_purges":0,"victory":false,"max_hp_per_floor":[72,72,72,72,72,72,72,72,72,72,72,72,72,72,72,72],"card_choices":[{"not_picked":["PiercingWail","Slice"],"picked":"Poisoned Stab","floor":1},{"not_picked":["Phantasmal Killer","Choke"],"picked":"PiercingWail","floor":7},{"not_picked":["Terror","Masterful Stab"],"picked":"Crippling Poison","floor":10},{"not_picked":["Finisher","Deflect"],"picked":"Dodge and Roll","floor":12},{"not_picked":["Deflect","Expertise","Eviscerate"],"picked":"SKIP","floor":14}],"player_experience":1118629,"relics_obtained":[{"floor":7,"key":"Snake Skull"},{"floor":9,"key":"Thread and Needle"},{"floor":10,"key":"Oddly Smooth Stone"}],"event_choices":[{"damage_healed":0,"gold_gain":0,"player_choice":"Grow","damage_taken":0,"max_hp_gain":0,"max_hp_loss":0,"event_name":"Living Wall","floor":3,"gold_loss":0,"cards_upgraded":["Neutralize"]},{"cards_removed":["Strike_G"],"damage_healed":0,"gold_gain":0,"player_choice":"Card Removal","damage_taken":7,"max_hp_gain":0,"max_hp_loss":0,"event_name":"Golden Wing","floor":4,"gold_loss":0},{"damage_healed":0,"gold_gain":0,"player_choice":"Left Gold","damage_taken":0,"max_hp_gain":0,"max_hp_loss":0,"event_name":"World of Goop","floor":5,"gold_loss":33}],"is_beta":false,"boss_relics":[],"items_purged_floors":[],"is_endless":false,"potions_floor_spawned":[7,10,12],"killed_by":"Slime Boss","ascension_level":18}