{"gold_per_floor":[113,113,137,157,176,176,190,215,239,255,255,255,298,35,35,131,131,144,144,169,193,193,193,237,256,256,279,279,292,326,353,365,473,485,511,856,968,999,1023,1035,1073,1085,1097,1109,1135,1162,491,507,507,507],"floor_reached":51,"playtime":4443,"items_purged":["Strike_B","Shame"],"score":1283,"play_id":"85d4c8f5-27a3-4c36-81c3-ebb5eae47cbc","local_time":"20190916170757","is_ascension_mode":true,"campfire_choices":[{"data":"Chaos","floor":6.0,"key":"SMITH"},{"data":"Zap","floor":11.0,"key":"SMITH"},{"floor":15.0,"key":"REST"},{"data":"Defragment","floor":23.0,"key":"SMITH"},{"data":"Redo","floor":28.0,"key":"SMITH"},{"floor":32.0,"key":"REST"},{"data":"Seek","floor":40.0,"key":"SMITH"},{"data":"Coolheaded","floor":42.0,"key":"SMITH"},{"floor":49.0,"key":"REST"}],"neow_cost":"NONE","seed_source_timestamp":223120744854800,"circlet_count":0,"master_deck":["AscendersBane","Strike_B+1","Strike_B+1","Defend_B+1","Defend_B+1","Defend_B+1","Defend_B+1","Zap+1","Dualcast","Conserve Battery","Sweeping Beam","Cold Snap","Chaos+1","Beam Cell","Leap","Auto Shields","FTL","Defragment+1","Compile Driver","Coolheaded+1","Steam","Seek+1","Glacier","Ball Lightning","Heatsinks","Stack","Blizzard+1","Redo+1","Hologram+1","Cold Snap","Electrodynamics","Skim","Darkness+1","Redo+1","Doubt","All For One","BootSequence","Good Instincts","Defragment"],"special_seed":0,"relics":["Cracked Core","NeowsBlessing","Ancient Tea Set","Sundial","Blood Vial","Cursed Key","Centennial Puzzle","Gremlin Horn","MawBank","Lizard Tail","Torii","Oddly Smooth Stone","Cables","Pantograph","Pen Nib"],"potions_floor_usage":[50,50],"damage_taken":[{"damage":0.0,"enemies":"Jaw Worm","floor":1.0,"turns":1.0},{"damage":0.0,"enemies":"Small Slimes","floor":3.0,"turns":1.0},{"damage":0.0,"enemies":"2 Louse","floor":4.0,"turns":1.0},{"damage":8.0,"enemies":"Red Slaver","floor":5.0,"turns":4.0},{"damage":0.0,"enemies":"Large Slime","floor":7.0,"turns":4.0},{"damage":15.0,"enemies":"3 Louse","floor":8.0,"turns":3.0},{"damage":0.0,"enemies":"Exordium Wildlife","floor":10.0,"turns":2.0},{"damage":24.0,"enemies":"Gremlin Nob","floor":13.0,"turns":4.0},{"damage":21.0,"enemies":"Slime Boss","floor":16.0,"turns":14.0},{"damage":10.0,"enemies":"Spheric Guardian","floor":18.0,"turns":4.0},{"damage":0.0,"enemies":"Chosen","floor":20.0,"turns":7.0},{"damage":0.0,"enemies":"Shelled Parasite and Fungi","floor":21.0,"turns":9.0},{"damage":0.0,"enemies":"Book of Stabbing","floor":24.0,"turns":6.0},{"damage":3.0,"enemies":"Centurion and Healer","floor":25.0,"turns":6.0},{"damage":2.0,"enemies":"Snecko","floor":27.0,"turns":6.0},{"damage":2.0,"enemies":"Snake Plant","floor":29.0,"turns":5.0},{"damage":40.0,"enemies":"Gremlin Leader","floor":30.0,"turns":8.0},{"damage":5.0,"enemies":"Centurion and Healer","floor":31.0,"turns":7.0},{"damage":4.0,"enemies":"Collector","floor":33.0,"turns":12.0},{"damage":4.0,"enemies":"3 Darklings","floor":35.0,"turns":6.0},{"damage":25.0,"enemies":"Mind Bloom Boss Battle","floor":37.0,"turns":12.0},{"damage":1.0,"enemies":"Orb Walker","floor":38.0,"turns":5.0},{"damage":0.0,"enemies":"3 Darklings","floor":39.0,"turns":7.0},{"damage":73.0,"enemies":"Giant Head","floor":41.0,"turns":9.0},{"damage":15.0,"enemies":"Transient","floor":45.0,"turns":5.0},{"damage":11.0,"enemies":"Maw","floor":46.0,"turns":8.0},{"damage":0.0,"enemies":"4 Shapes","floor":48.0,"turns":2.0},{"damage":12,"enemies":"Awakened One","floor":50,"turns":38}],"seed_played":"8513793571033374975","potions_obtained":[{"floor":7.0,"key":"Swift Potion"},{"floor":8.0,"key":"Energy Potion"},{"floor":20.0,"key":"Dexterity Potion"},{"floor":29.0,"key":"Fire Potion"},{"floor":30.0,"key":"EssenceOfSteel"},{"floor":35.0,"key":"Regen Potion"},{"floor":39.0,"key":"Swift Potion"},{"floor":41.0,"key":"Block Potion"},{"floor":46.0,"key":"FearPotion"}],"is_trial":false,"path_per_floor":["M","?","M","M","M","R","M","M","T","M","R","T","E","$","R","B",null,"M","?","M","M","?","R","E","M","T","M","R","M","E","M","R","B",null,"M","?","?","M","M","R","E","R","T","?","M","M","$","M","R","B",null],"character_chosen":"DEFECT","items_purchased":["Defragment","Compile Driver","Coolheaded","Steam","Pantograph","FocusPotion","BootSequence","Pen Nib","Good Instincts"],"campfire_rested":3,"item_purchase_floors":[14,14,14,14,47,47,47,47,47],"current_hp_per_floor":[64,64,64,64,56,56,56,41,41,41,41,41,17,17,36,17,54,46,46,48,50,50,50,52,51,51,51,51,51,13,10,29,27,56,54,54,46,47,49,49,33,33,33,33,20,11,11,13,31,46],"gold":507,"neow_bonus":"THREE_ENEMY_KILL","is_prod":false,"is_daily":false,"chose_seed":false,"campfire_upgraded":6,"win_rate":0,"timestamp":1568621277,"path_taken":["M","?","M","M","M","R","M","M","T","M","R","?","E","?","R","BOSS","M","?","M","M","?","R","E","M","T","?","R","M","E","M","R","BOSS","M","?","?","?","M","R","E","R","T","?","M","M","$","M","R","BOSS"],"build_version":"2019-07-17","purchased_purges":2,"victory":true,"max_hp_per_floor":[71,66,66,66,66,66,66,66,66,66,66,66,66,66,66,66,66,66,66,66,66,66,66,66,66,66,66,66,66,66,66,66,66,66,66,66,66,66,66,66,66,66,66,63,63,63,63,63,63,63],"card_choices":[{"not_picked":["Turbo","Reinforced Body"],"picked":"Conserve Battery","floor":1.0},{"not_picked":["Reprogram","Turbo"],"picked":"Sweeping Beam","floor":3.0},{"not_picked":["White Noise","Aggregate"],"picked":"Cold Snap","floor":4.0},{"not_picked":["Barrage","Double Energy"],"picked":"Chaos","floor":5.0},{"not_picked":["Reprogram","Heatsinks"],"picked":"Beam Cell","floor":7.0},{"not_picked":["Sweeping Beam","Reinforced Body"],"picked":"Leap","floor":8.0},{"not_picked":["Streamline","Gash"],"picked":"Auto Shields","floor":10.0},{"not_picked":["Recycle","Stack"],"picked":"FTL","floor":13.0},{"not_picked":["Buffer","Core Surge"],"picked":"Seek","floor":16.0},{"not_picked":["Stack","Ball Lightning"],"picked":"Glacier","floor":18.0},{"not_picked":["Sweeping Beam+1","Scrape","Steam Power"],"picked":"SKIP","floor":20.0},{"not_picked":["Conserve Battery","Leap"],"picked":"Ball Lightning","floor":21.0},{"not_picked":["Force Field","Sweeping Beam"],"picked":"Stack","floor":24.0},{"not_picked":["Gash","Self Repair"],"picked":"Blizzard+1","floor":25.0},{"not_picked":["Sweeping Beam","Stack"],"picked":"Redo","floor":27.0},{"not_picked":["Biased Cognition","Ball Lightning+1"],"picked":"Hologram+1","floor":29.0},{"not_picked":["Stack","Compile Driver"],"picked":"Cold Snap","floor":30.0},{"not_picked":["Turbo","Cold Snap","FTL"],"picked":"SKIP","floor":31.0},{"not_picked":["Hyperbeam","Reboot"],"picked":"Electrodynamics","floor":33.0},{"not_picked":["Melter+1","Steam Power"],"picked":"Skim","floor":35.0},{"not_picked":["Genetic Algorithm+1","Sweeping Beam"],"picked":"Darkness+1","floor":37.0},{"not_picked":["Stack+1","Turbo+1","Go for the Eyes"],"picked":"SKIP","floor":38.0},{"not_picked":["Go for the Eyes","Cold Snap"],"picked":"Redo+1","floor":39.0},{"not_picked":["Coolheaded","Beam Cell","Leap"],"picked":"SKIP","floor":41.0},{"not_picked":["Ball Lightning+1","Storm","Redo"],"picked":"SKIP","floor":45.0},{"not_picked":["Beam Cell","Ball Lightning+1"],"picked":"All For One","floor":46.0},{"not_picked":["Lockon+1","Beam Cell"],"picked":"Defragment","floor":48.0}],"player_experience":344826,"relics_obtained":[{"floor":9.0,"key":"Ancient Tea Set"},{"floor":12.0,"key":"Sundial"},{"floor":13.0,"key":"Blood Vial"},{"floor":24.0,"key":"Centennial Puzzle"},{"floor":26.0,"key":"Gremlin Horn"},{"floor":30.0,"key":"MawBank"},{"floor":37.0,"key":"Torii"},{"floor":41.0,"key":"Oddly Smooth Stone"},{"floor":43.0,"key":"Cables"}],"event_choices":[{"damage_healed":0.0,"max_hp_gain":0.0,"max_hp_loss":5.0,"gold_gain":0.0,"event_name":"Golden Idol","player_choice":"Lose Max HP","floor":2.0,"gold_loss":0.0,"damage_taken":0.0,"relics_obtained":["Golden Idol"]},{"damage_healed":0.0,"max_hp_gain":0.0,"max_hp_loss":0.0,"gold_gain":0.0,"event_name":"Back to Basics","player_choice":"Simplicity","floor":19.0,"gold_loss":0.0,"damage_taken":0.0,"cards_upgraded":["Strike_B","Strike_B","Strike_B","Defend_B","Defend_B","Defend_B","Defend_B"]},{"damage_healed":0.0,"max_hp_gain":0.0,"max_hp_loss":0.0,"gold_gain":0.0,"cards_transformed":["Strike_B"],"event_name":"Transmorgrifier","player_choice":"Transformed","floor":22.0,"gold_loss":0.0,"damage_taken":0.0,"cards_obtained":["Heatsinks"]},{"damage_healed":0.0,"max_hp_gain":0.0,"max_hp_loss":0.0,"gold_gain":333.0,"event_name":"The Moai Head","player_choice":"Gave Idol","floor":36.0,"relics_lost":["Golden Idol"],"gold_loss":0.0,"damage_taken":0.0},{"damage_healed":0.0,"max_hp_gain":0.0,"max_hp_loss":0.0,"gold_gain":0.0,"event_name":"MindBloom","player_choice":"Fight","floor":37.0,"gold_loss":0.0,"damage_taken":0.0},{"damage_healed":0.0,"max_hp_gain":0.0,"max_hp_loss":3.0,"gold_gain":0.0,"event_name":"Winding Halls","player_choice":"Max HP","floor":44.0,"gold_loss":0.0,"damage_taken":0.0}],"is_beta":false,"boss_relics":[{"not_picked":["Philosopher\u0027s Stone","Runic Dome"],"picked":"Cursed Key"},{"not_picked":["Empty Cage","Coffee Dripper"],"picked":"Lizard Tail"}],"items_purged_floors":[14,47],"is_endless":false,"potions_floor_spawned":[7,8,10,13,20,27,29,30,35,39,41,46],"ascension_level":14}