{"gold_per_floor":[109,41,54,54,70,70,101,101,128,148,118,118,68,102,102,206,206,221,237,147,167,167,192,192,192,192,192,36,67,67,78,78,179,229,248,248,264,40,40,98,112,112,137,157,157,188,188,188,188,188],"floor_reached":51,"playtime":3216,"items_purged":["Strike_B"],"score":1273,"play_id":"b8aa1a1a-6892-43b8-9c48-cb0bca212721","local_time":"20190925225013","is_ascension_mode":true,"campfire_choices":[{"data":"Defragment","floor":6,"key":"SMITH"},{"data":"Loop","floor":8,"key":"SMITH"},{"data":"Rainbow","floor":12,"key":"SMITH"},{"floor":15,"key":"REST"},{"floor":24,"key":"REST"},{"data":"Defragment","floor":27,"key":"SMITH"},{"floor":32,"key":"REST"},{"data":"Capacitor","floor":42,"key":"SMITH"},{"data":"Chaos","floor":45,"key":"SMITH"},{"data":"Consume","floor":49,"key":"SMITH"}],"neow_cost":"NONE","seed_source_timestamp":45186471510405,"circlet_count":0,"master_deck":["AscendersBane","Defend_B","Defend_B","Defend_B+1","Defend_B","Zap","Dualcast","Cold Snap","Defragment+1","Darkness","Loop+1","Force Field","Rainbow+1","Coolheaded","Capacitor+1","Coolheaded+1","Chaos+1","Defragment+1","Glacier","Doom and Gloom","Meteor Strike","Meteor Strike","Auto Shields","Redo","Echo Form","Consume+1","Thunder Strike","Force Field","Undo","Meteor Strike","Undo","Mayhem"],"relics":["Snecko Eye","Strawberry","Happy Flower","Prayer Wheel","Orrery","Bag of Preparation","Vajra","Mango","Anchor","Tiny House","PreservedInsect","FossilizedHelix","Tiny Chest","Juzu Bracelet","Dead Branch","Singing Bowl"],"potions_floor_usage":[4],"damage_taken":[{"damage":7,"enemies":"Small Slimes","floor":1,"turns":2},{"damage":2,"enemies":"Cultist","floor":3,"turns":5},{"damage":13,"enemies":"2 Louse","floor":5,"turns":4},{"damage":0,"enemies":"Lagavulin","floor":7,"turns":5},{"damage":8,"enemies":"Lots of Slimes","floor":10,"turns":4},{"damage":4,"enemies":"Looter","floor":11,"turns":4},{"damage":4,"enemies":"3 Sentries","floor":14,"turns":7},{"damage":10,"enemies":"Slime Boss","floor":16,"turns":8},{"damage":17,"enemies":"3 Byrds","floor":18,"turns":4},{"damage":4,"enemies":"Spheric Guardian","floor":19,"turns":6},{"damage":14,"enemies":"Snecko","floor":21,"turns":5},{"damage":32,"enemies":"Book of Stabbing","floor":23,"turns":6},{"damage":11,"enemies":"Gremlin Leader","floor":29,"turns":8},{"damage":0,"enemies":"Centurion and Healer","floor":31,"turns":3},{"damage":8,"enemies":"Champ","floor":33,"turns":7},{"damage":35,"enemies":"3 Shapes","floor":35,"turns":4},{"damage":12,"enemies":"3 Darklings","floor":37,"turns":6},{"damage":0,"enemies":"Reptomancer","floor":40,"turns":5},{"damage":0,"enemies":"Maw","floor":41,"turns":5},{"damage":0,"enemies":"Sphere and 2 Shapes","floor":44,"turns":6},{"damage":7,"enemies":"Nemesis","floor":46,"turns":7},{"damage":30,"enemies":"Time Eater","floor":50,"turns":12}],"seed_played":"-5108160133177595621","potions_obtained":[{"floor":3,"key":"SkillPotion"},{"floor":4,"key":"Fruit Juice"},{"floor":4,"key":"Weak Potion"},{"floor":4,"key":"FocusPotion"},{"floor":16,"key":"PowerPotion"}],"is_trial":false,"path_per_floor":["M","$","M","?","M","R","E","R","T","M","M","R","$","E","R","B",null,"M","M","?","M","?","E","R","?","T","R","$","E","?","M","R","B",null,"M","?","M","$","T","E","M","R","T","M","R","E","?","T","R","B",null],"character_chosen":"DEFECT","items_purchased":["Defragment","Coolheaded","Doom and Gloom","Undo","PreservedInsect"],"campfire_rested":3,"item_purchase_floors":[2,13,28,38,38],"current_hp_per_floor":[61,61,59,64,51,51,58,58,58,50,46,46,46,42,68,58,80,63,59,59,45,45,13,39,39,53,53,53,42,42,42,72,64,97,62,116,104,104,104,104,104,104,104,104,104,97,97,97,97,67],"gold":188,"neow_bonus":"BOSS_RELIC","is_prod":false,"is_daily":false,"chose_seed":false,"campfire_upgraded":7,"win_rate":0,"timestamp":1569444613,"path_taken":["M","$","M","?","?","R","E","R","T","M","M","R","?","E","R","BOSS","M","M","?","?","?","E","R","?","T","R","$","E","?","M","R","BOSS","M","?","?","$","?","E","M","R","T","M","R","E","?","?","R","BOSS"],"build_version":"2019-07-17","purchased_purges":1,"victory":true,"max_hp_per_floor":[75,75,75,80,80,80,87,87,87,87,87,87,87,87,87,87,87,87,87,87,87,87,87,87,87,101,101,101,101,101,101,101,101,106,106,116,116,116,116,116,116,116,116,116,116,116,116,116,116,116],"card_choices":[{"not_picked":["Tempest","Go for the Eyes"],"picked":"Cold Snap","floor":1},{"not_picked":["Turbo","Hologram"],"picked":"Darkness","floor":3},{"not_picked":["Barrage","Sweeping Beam"],"picked":"Loop","floor":5},{"not_picked":["Storm","White Noise"],"picked":"Force Field","floor":7},{"not_picked":["Skim","Compile Driver"],"picked":"Rainbow","floor":10},{"not_picked":["Steam Power","Conserve Battery","Reinforced Body"],"picked":"SKIP","floor":11},{"not_picked":["Heatsinks","Melter","Tempest"],"picked":"SKIP","floor":14},{"not_picked":["Machine Learning","Hyperbeam"],"picked":"Rainbow","floor":16},{"not_picked":["Compile Driver","Sweeping Beam"],"picked":"Capacitor","floor":17},{"not_picked":["Hologram","Loop"],"picked":"Coolheaded","floor":17},{"not_picked":["Barrage","Core Surge"],"picked":"Chaos","floor":17},{"not_picked":["Go for the Eyes","Streamline","Sweeping Beam"],"picked":"SKIP","floor":18},{"not_picked":["Aggregate","Hello World","Barrage"],"picked":"SKIP","floor":18},{"not_picked":["Compile Driver","BootSequence","Ball Lightning"],"picked":"SKIP","floor":19},{"not_picked":["Ball Lightning","Stack","Coolheaded"],"picked":"SKIP","floor":19},{"not_picked":["Coolheaded","Hologram"],"picked":"Defragment","floor":21},{"not_picked":["Streamline","Melter","BootSequence+1"],"picked":"SKIP","floor":21},{"not_picked":["Auto Shields","Machine Learning","Compile Driver"],"picked":"SKIP","floor":23},{"not_picked":["Barrage","Coolheaded+1"],"picked":"Meteor Strike","floor":29},{"not_picked":["Barrage","Loop"],"picked":"Redo","floor":31},{"not_picked":["Cold Snap","White Noise","Leap"],"picked":"SKIP","floor":31},{"not_picked":["Fission","Multi-Cast"],"picked":"Echo Form","floor":33},{"not_picked":["Stack","Compile Driver"],"picked":"Consume","floor":34},{"not_picked":["Sweeping Beam+1","Leap","Steam"],"picked":"SKIP","floor":35},{"not_picked":["Redo+1","Streamline","Genetic Algorithm"],"picked":"SKIP","floor":35},{"not_picked":["Blizzard","Coolheaded"],"picked":"Thunder Strike","floor":37},{"not_picked":["Leap","Skim"],"picked":"Force Field","floor":37},{"not_picked":["Barrage","Skim+1"],"picked":"Meteor Strike","floor":40},{"not_picked":["Streamline+1","Reprogram"],"picked":"Undo","floor":41},{"not_picked":["Go for the Eyes+1","Hello World","White Noise"],"picked":"SKIP","floor":41},{"not_picked":["Cold Snap+1","Blizzard+1","Fission"],"picked":"SKIP","floor":44},{"not_picked":["Streamline+1","Ball Lightning","Chill+1"],"picked":"SKIP","floor":44},{"not_picked":["Conserve Battery","Hologram","Chaos"],"picked":"SKIP","floor":46},{"not_picked":["PanicButton","Impatience"],"picked":"Mayhem","floor":47}],"player_experience":1083629,"relics_obtained":[{"floor":7,"key":"Strawberry"},{"floor":9,"key":"Happy Flower"},{"floor":14,"key":"Prayer Wheel"},{"floor":23,"key":"Vajra"},{"floor":26,"key":"Mango"},{"floor":29,"key":"Anchor"},{"floor":39,"key":"FossilizedHelix"},{"floor":40,"key":"Tiny Chest"},{"floor":43,"key":"Juzu Bracelet"},{"floor":46,"key":"Dead Branch"},{"floor":48,"key":"Singing Bowl"}],"event_choices":[{"damage_healed":0,"gold_gain":0,"player_choice":"Got Potions","damage_taken":0,"max_hp_gain":0,"max_hp_loss":0,"event_name":"Lab","floor":4,"gold_loss":0},{"cards_removed":["Strike_B"],"damage_healed":0,"gold_gain":0,"player_choice":"Upgrade and Remove","damage_taken":0,"max_hp_gain":0,"max_hp_loss":0,"event_name":"Designer","floor":20,"gold_loss":90,"cards_upgraded":["Coolheaded"]},{"damage_healed":0,"gold_gain":0,"player_choice":"Opened","damage_taken":0,"relics_obtained":["Bag of Preparation"],"max_hp_gain":0,"max_hp_loss":0,"event_name":"The Mausoleum","floor":22,"gold_loss":0},{"damage_healed":0,"gold_gain":0,"player_choice":"Read","damage_taken":0,"max_hp_gain":0,"max_hp_loss":0,"event_name":"The Library","floor":25,"gold_loss":0,"cards_obtained":["Glacier"]},{"damage_healed":0,"gold_gain":0,"cards_transformed":["Strike_B","Strike_B"],"player_choice":"Became Test Subject","damage_taken":0,"max_hp_gain":0,"max_hp_loss":0,"event_name":"Drug Dealer","floor":30,"gold_loss":0,"cards_obtained":["Meteor Strike","Auto Shields"]},{"cards_removed":["Rainbow"],"damage_healed":44,"gold_gain":0,"player_choice":"Offered Rare","damage_taken":0,"max_hp_gain":10,"max_hp_loss":0,"event_name":"Bonfire Elementals","floor":36,"gold_loss":0},{"damage_healed":0,"gold_gain":0,"player_choice":"Memory 1","damage_taken":0,"max_hp_gain":0,"max_hp_loss":0,"event_name":"SensoryStone","floor":47,"gold_loss":0}],"is_beta":false,"boss_relics":[{"not_picked":["Busted Crown","Empty Cage"],"picked":"Orrery"},{"not_picked":["Coffee Dripper","Calling Bell"],"picked":"Tiny House"}],"items_purged_floors":[28],"is_endless":false,"potions_floor_spawned":[3,10,14,16,18,23,29,44,46],"ascension_level":12}