{"gold_per_floor":[111,111,130,82,82,82,93,93,93,19,19,19,33,53,53,148,148,148,148,20,37,57,57,91,13,13,13,112,112,129,143,143,143],"floor_reached":33,"playtime":1254,"items_purged":["Regret"],"score":357,"play_id":"b0a4439d-a269-4ecb-b322-8aeb5ae57dd2","local_time":"20180808224516","is_ascension_mode":true,"campfire_choices":[{"data":"Zap","floor":6,"key":"SMITH"},{"data":"Go for the Eyes","floor":8,"key":"SMITH"},{"data":"Conserve Battery","floor":11,"key":"SMITH"},{"floor":15,"key":"REST"},{"floor":23,"key":"REST"},{"floor":27,"key":"REST"},{"floor":29,"key":"REST"},{"floor":32,"key":"REST"}],"neow_cost":"NONE","seed_source_timestamp":12918575915445,"circlet_count":0,"master_deck":["Strike_B","Strike_B","Strike_B","Strike_B","Defend_B","Defend_B+1","Defend_B","Defend_B","Zap+1","Dualcast+1","Go for the Eyes+1","Conserve Battery+1","Sweeping Beam","BootSequence","Gash","Go for the Eyes","Rebound","All For One","Gash","Scrape","Hologram","Self Repair","Flash of Steel","Streamline","Reboot","Leap"],"relics":["Cracked Core","NeowsBlessing","Smiling Mask","Matryoshka","Mummified Hand","StoneCalendar","Orrery","Dodecahedron","Pen Nib","Turnip"],"potions_floor_usage":[18,21,30],"damage_taken":[{"damage":0,"enemies":"2 Louse","floor":1,"turns":1},{"damage":0,"enemies":"Jaw Worm","floor":3,"turns":1},{"damage":0,"enemies":"Cultist","floor":7,"turns":1},{"damage":0,"enemies":"Looter","floor":13,"turns":3},{"damage":7,"enemies":"3 Louse","floor":14,"turns":3},{"damage":57,"enemies":"Hexaghost","floor":16,"turns":10},{"damage":0,"enemies":"3 Byrds","floor":18,"turns":1},{"damage":26,"enemies":"Chosen","floor":21,"turns":5},{"damage":29,"enemies":"Snake Plant","floor":22,"turns":5},{"damage":34,"enemies":"Book of Stabbing","floor":24,"turns":5},{"damage":20,"enemies":"Centurion and Healer","floor":30,"turns":6},{"damage":28,"enemies":"Cultist and Chosen","floor":31,"turns":5},{"damage":57,"enemies":"Champ","floor":33,"turns":9}],"seed_played":"3231102563459951115","potions_obtained":[{"floor":14,"key":"SmokeBomb"},{"floor":16,"key":"SkillPotion"},{"floor":30,"key":"Energy Potion"}],"is_trial":false,"path_per_floor":["M","?","M","$","?","R","M","R","T","$","R","T","M","M","R","B",null,"M","?","$","M","M","R","E","$","T","R","?","R","M","M","R"],"character_chosen":"DEFECT","items_purchased":["Sweeping Beam","Gash","Self Repair","Flash of Steel","Regen Potion"],"campfire_rested":5,"item_purchase_floors":[4,10,20,20,25],"current_hp_per_floor":[68,53,53,53,53,53,53,53,53,53,53,53,53,46,68,11,59,59,59,59,40,18,40,13,13,13,35,35,57,52,31,53,0],"gold":143,"neow_bonus":"THREE_ENEMY_KILL","is_prod":false,"is_daily":false,"chose_seed":false,"campfire_upgraded":3,"win_rate":0,"timestamp":1533735916,"path_taken":["M","?","?","$","?","R","?","R","T","$","R","?","M","M","R","BOSS","M","?","$","M","?","R","E","$","T","R","?","R","M","M","R","BOSS"],"build_version":"2018-08-02","purchased_purges":1,"victory":false,"max_hp_per_floor":[75,75,75,75,75,75,75,75,75,75,75,75,75,75,75,75,75,75,75,75,75,75,75,75,75,75,75,75,75,75,75,75,75],"card_choices":[{"not_picked":["Barrage","Storm"],"picked":"Go for the Eyes","floor":1},{"not_picked":["Leap","Steam"],"picked":"Conserve Battery","floor":3},{"not_picked":["Turbo","Hello World"],"picked":"BootSequence","floor":7},{"not_picked":["Genetic Algorithm","Sweeping Beam"],"picked":"Go for the Eyes","floor":13},{"not_picked":["Cold Snap","Chill"],"picked":"Rebound","floor":14},{"not_picked":["Rainbow","Biased Cognition"],"picked":"All For One","floor":16},{"not_picked":["Stack","Redo"],"picked":"Gash","floor":17},{"not_picked":["Chaos","Steam"],"picked":"Scrape","floor":17},{"not_picked":["Stack","Steam Power"],"picked":"Hologram","floor":17},{"not_picked":["Beam Cell","Turbo"],"picked":"Streamline","floor":21},{"not_picked":["Turbo+1","Barrage+1"],"picked":"Reboot","floor":22},{"not_picked":["Streamline","Reprogram","Glacier+1"],"picked":"SKIP","floor":24},{"not_picked":["Cold Snap","Rebound+1"],"picked":"Leap","floor":30},{"not_picked":["Redo","Turbo+1","Coolheaded"],"picked":"SKIP","floor":31}],"player_experience":182452,"relics_obtained":[{"floor":9,"key":"Matryoshka"},{"floor":12,"key":"Mummified Hand"},{"floor":12,"key":"StoneCalendar"},{"floor":24,"key":"Dodecahedron"},{"floor":26,"key":"Pen Nib"},{"floor":26,"key":"Turnip"}],"event_choices":[{"event_name":"Shining Light","player_choice":"Entered Light","floor":2,"damage_taken":0},{"event_name":"Big Fish","player_choice":"Box","floor":5,"damage_taken":0},{"event_name":"Drug Dealer","player_choice":"Ignored","floor":19,"damage_taken":0},{"event_name":"Nest","player_choice":"Stole From Cult","floor":28,"damage_taken":0}],"is_beta":false,"boss_relics":[{"not_picked":["Cursed Key","Ectoplasm"],"picked":"Orrery"}],"items_purged_floors":[10],"is_endless":false,"potions_floor_spawned":[14,16,18,30],"killed_by":"Champ","ascension_level":8}