{"gold_per_floor":[112,112,125,144,155,155,169,169,169,169,119,119,44,62,62,160,160,174,29,48,48,58,90,90,106,106,117,117,117,137,148,148,244,244,259,278,293,306,376,376],"floor_reached":40,"playtime":3093,"items_purged":["Defend_R","Strike_R"],"score":429,"play_id":"5ff6a49c-1db0-4bd8-8bb3-803d74e3c644","local_time":"20180630171110","is_ascension_mode":false,"campfire_choices":[{"data":"Iron Wave","floor":6.0,"key":"SMITH"},{"data":"Anger","floor":8.0,"key":"SMITH"},{"data":"Thunderclap","floor":10.0,"key":"SMITH"},{"data":"Headbutt","floor":15.0,"key":"SMITH"},{"data":"Iron Wave","floor":24.0,"key":"SMITH"},{"floor":32,"key":"REST"}],"neow_cost":"","seed_source_timestamp":0,"circlet_count":0,"master_deck":["Defend_R","Bash","Flex","Flex","Iron Wave+1","Anger+1","Thunderclap+1","Headbutt+1","Offering","Flame Barrier+1","Anger+1","Fiend Fire+1","Shrug It Off+1","Iron Wave+1","Headbutt","Inflame","Disarm+1","Fire Breathing","Headbutt","Battle Trance","Entrench+1","Iron Wave","Spot Weakness"],"special_seed":0,"relics":["Burning Blood","NeowsBlessing","Astrolabe","Bronze Scales","Matryoshka","Nloth\u0027s Gift","Eternal Feather","Pear","Question Card"],"potions_floor_usage":[33,33,38],"damage_taken":[{"damage":0.0,"enemies":"Small Slimes","floor":1.0,"turns":1.0},{"damage":0.0,"enemies":"2 Louse","floor":3.0,"turns":1.0},{"damage":0.0,"enemies":"Cultist","floor":4.0,"turns":1.0},{"damage":13.0,"enemies":"Lots of Slimes","floor":5.0,"turns":4.0},{"damage":3.0,"enemies":"2 Fungi Beasts","floor":7.0,"turns":3.0},{"damage":4.0,"enemies":"Red Slaver","floor":14.0,"turns":3.0},{"damage":43.0,"enemies":"Hexaghost","floor":16.0,"turns":7.0},{"damage":16.0,"enemies":"Shell Parasite","floor":18.0,"turns":3.0},{"damage":0.0,"enemies":"Chosen","floor":20.0,"turns":4.0},{"damage":13.0,"enemies":"Snake Plant","floor":22.0,"turns":3.0},{"damage":4.0,"enemies":"Gremlin Leader","floor":23.0,"turns":5.0},{"damage":10.0,"enemies":"Sentry and Sphere","floor":25.0,"turns":4.0},{"damage":20.0,"enemies":"Slaver and Parasite","floor":27.0,"turns":5.0},{"damage":9.0,"enemies":"Snake Plant","floor":30.0,"turns":2.0},{"damage":11.0,"enemies":"Cultist and Chosen","floor":31.0,"turns":4.0},{"damage":27,"enemies":"Champ","floor":33,"turns":9},{"damage":24,"enemies":"3 Darklings","floor":35,"turns":5},{"damage":7,"enemies":"Orb Walker","floor":36,"turns":2},{"damage":45,"enemies":"4 Shapes","floor":37,"turns":5},{"damage":20,"enemies":"3 Darklings","floor":38,"turns":5},{"damage":22,"enemies":"2 Orb Walkers","floor":40,"turns":2}],"seed_played":"8056226978963894638","potions_obtained":[{"floor":4.0,"key":"Strength Potion"},{"floor":7.0,"key":"AttackPotion"},{"floor":20.0,"key":"Ancient Potion"},{"floor":23.0,"key":"SteroidPotion"},{"floor":31.0,"key":"Explosive Potion"},{"floor":33,"key":"Explosive Potion"},{"floor":37,"key":"Ancient Potion"}],"is_trial":false,"path_per_floor":["M","?","M","M","M","R","M","R","T","R","?","?","$","M","R","B",null,"M","$","M","?","M","E","R","M","T","M","?","?","M","M","R","B",null,"M","M","M","M","T"],"character_chosen":"IRONCLAD","items_purchased":["Iron Wave"],"campfire_rested":1,"item_purchase_floors":[],"current_hp_per_floor":[80,73,79,80,73,73,76,76,76,76,76,76,76,78,78,41,80,70,70,76,76,69,71,71,67,67,53,53,53,50,45,69,48,80,62,61,22,8,18,0],"gold":376,"neow_bonus":"","is_prod":false,"is_daily":false,"chose_seed":false,"campfire_upgraded":5,"win_rate":0.0,"timestamp":1530346270,"path_taken":["M","?","M","?","M","R","M","R","T","R","?","?","$","M","R","BOSS","M","$","M","?","M","E","R","M","T","M","?","?","M","M","R","BOSS","M","M","M","M","?","E"],"build_version":"2018-06-28","purchased_purges":2,"victory":false,"max_hp_per_floor":[80,80,80,80,80,80,80,80,80,80,80,80,80,80,80,80,80,80,80,80,80,80,80,80,80,80,80,80,80,80,80,80,80,80,80,80,80,80,90,90],"card_choices":[{"not_picked":["Clash","Anger"],"picked":"Flex","floor":1.0},{"not_picked":["Uppercut","Perfected Strike"],"picked":"Flex","floor":3.0},{"not_picked":["Shrug It Off","Rage"],"picked":"Iron Wave","floor":4.0},{"not_picked":["Clothesline","Heavy Blade"],"picked":"Anger","floor":5.0},{"not_picked":["Seeing Red","Sword Boomerang"],"picked":"Thunderclap","floor":7.0},{"not_picked":["Anger","Cleave"],"picked":"Headbutt","floor":14.0},{"not_picked":["Bludgeon","Limit Break"],"picked":"Offering","floor":16.0},{"not_picked":["Sword Boomerang","Intimidate"],"picked":"Shrug It Off+1","floor":18.0},{"not_picked":["Clash+1","Twin Strike"],"picked":"Headbutt","floor":20.0},{"not_picked":["Armaments","Double Tap"],"picked":"Inflame","floor":22.0},{"not_picked":["Combust","Intimidate+1"],"picked":"Disarm+1","floor":23.0},{"not_picked":["Reckless Charge","Cleave"],"picked":"Fire Breathing","floor":25.0},{"not_picked":["Flex","Carnage"],"picked":"Headbutt","floor":27.0},{"not_picked":["Carnage","Thunderclap"],"picked":"Battle Trance","floor":30.0},{"not_picked":["Anger","Sword Boomerang+1","Thunderclap"],"picked":"SKIP","floor":31.0},{"not_picked":["Armaments+1","Clothesline","Barricade"],"picked":"SKIP","floor":35},{"not_picked":["Twin Strike+1","Headbutt"],"picked":"Entrench+1","floor":36},{"not_picked":["Perfected Strike","Anger"],"picked":"Iron Wave","floor":37},{"not_picked":["Thunderclap+1","Iron Wave"],"picked":"Spot Weakness","floor":38}],"player_experience":70603,"relics_obtained":[{"floor":9.0,"key":"Dream Catcher"},{"floor":23.0,"key":"Bronze Scales"},{"floor":26.0,"key":"Matryoshka"},{"floor":39,"key":"Pear"},{"floor":39,"key":"Question Card"}],"event_choices":[{"event_name":"Golden Wing","player_choice":"Card Removal","floor":2.0,"damage_taken":0.0},{"event_name":"The Cleric","player_choice":"Card Removal","floor":11.0,"damage_taken":0.0},{"event_name":"Living Wall","player_choice":"Forget","floor":12.0,"damage_taken":0.0},{"event_name":"Drug Dealer","player_choice":"Ignored","floor":21.0,"damage_taken":0.0},{"event_name":"Vampires","player_choice":"Ignored","floor":28.0,"damage_taken":0.0},{"event_name":"N\u0027loth","player_choice":"Traded a Dream Catcher","floor":29.0,"damage_taken":0.0}],"boss_relics":[{"not_picked":["Snecko Eye","Fusion Hammer"],"picked":"Astrolabe"},{"not_picked":["Orrery","Runic Dome"],"picked":"Eternal Feather"}],"items_purged_floors":[],"is_endless":false,"potions_floor_spawned":[4,7,20,23,31,33,37],"killed_by":"2 Orb Walkers","ascension_level":0}