{"gold_per_floor":[115,64,83,95,112,112,137,62,62,80,99,99,113,130,130,231,231,248,260,275,14,14,14,27,41,64,64,80,80,99,109,109,207,207,219,229,129,129,143,143,197,211,211,25,25,44,44,44,44,44],"floor_reached":51,"playtime":2606,"items_purged":["Strike_G","Injury"],"score":682,"play_id":"9e3cc7af-1be1-4f09-9925-250032037c09","local_time":"20180808003116","is_ascension_mode":false,"campfire_choices":[{"data":"Envenom","floor":6,"key":"SMITH"},{"data":"Dagger Spray","floor":12,"key":"SMITH"},{"floor":15,"key":"REST"},{"data":"Blade Dance","floor":23,"key":"SMITH"},{"data":"Survivor","floor":27,"key":"SMITH"},{"data":"Neutralize","floor":29,"key":"SMITH"},{"floor":32,"key":"REST"},{"floor":40,"key":"REST"},{"data":"Cloak And Dagger","floor":45,"key":"SMITH"},{"data":"Cloak And Dagger","floor":49,"key":"SMITH"}],"neow_cost":"NONE","seed_source_timestamp":223238847069257,"circlet_count":0,"master_deck":["Defend_G","Defend_G","Defend_G","Defend_G","Defend_G","Strike_G","Strike_G","Strike_G","Survivor+1","Neutralize+1","Envenom+1","Cloak And Dagger+1","Dagger Spray+1","Slice","Blade Dance+1","Blade Dance+1","Endless Agony+1","Die Die Die+1","Crippling Poison+1","Cloak And Dagger+1","Catalyst+1","Noxious Fumes+1","PiercingWail+1","Panache"],"relics":["Ring of the Snake","Boot","Molten Egg 2","Busted Crown","Kunai","Regal Pillow","White Beast Statue","Juzu Bracelet","Question Card"],"potions_floor_usage":[16,16,39,50,50],"damage_taken":[{"damage":0,"enemies":"Cultist","floor":1,"turns":4},{"damage":5,"enemies":"2 Louse","floor":3,"turns":3},{"damage":2,"enemies":"Jaw Worm","floor":4,"turns":5},{"damage":9,"enemies":"2 Fungi Beasts","floor":5,"turns":4},{"damage":15,"enemies":"Lagavulin","floor":7,"turns":8},{"damage":0,"enemies":"3 Louse","floor":10,"turns":2},{"damage":0,"enemies":"Red Slaver","floor":11,"turns":4},{"damage":1,"enemies":"Exordium Thugs","floor":13,"turns":3},{"damage":15,"enemies":"Exordium Wildlife","floor":14,"turns":4},{"damage":30,"enemies":"The Guardian","floor":16,"turns":10},{"damage":5,"enemies":"3 Byrds","floor":18,"turns":2},{"damage":7,"enemies":"2 Thieves","floor":19,"turns":3},{"damage":0,"enemies":"Centurion and Healer","floor":20,"turns":6},{"damage":17,"enemies":"Slaver and Parasite","floor":24,"turns":6},{"damage":2,"enemies":"3 Cultists","floor":25,"turns":4},{"damage":0,"enemies":"Centurion and Healer","floor":28,"turns":5},{"damage":1,"enemies":"Chosen and Byrds","floor":30,"turns":5},{"damage":4,"enemies":"3 Cultists","floor":31,"turns":4},{"damage":63,"enemies":"Collector","floor":33,"turns":10},{"damage":13,"enemies":"3 Darklings","floor":35,"turns":6},{"damage":4,"enemies":"3 Shapes","floor":36,"turns":4},{"damage":15,"enemies":"3 Darklings","floor":39,"turns":5},{"damage":23,"enemies":"Maw","floor":42,"turns":7},{"damage":12,"enemies":"4 Shapes","floor":46,"turns":3},{"damage":33,"enemies":"Awakened One","floor":50,"turns":13}],"seed_played":"-2138952676104393979","potions_obtained":[{"floor":7,"key":"Swift Potion"},{"floor":11,"key":"LiquidBronze"},{"floor":13,"key":"Swift Potion"},{"floor":14,"key":"Explosive Potion"},{"floor":16,"key":"Ancient Potion"},{"floor":20,"key":"Energy Potion"},{"floor":25,"key":"Energy Potion"},{"floor":39,"key":"EssenceOfSteel"}],"is_trial":false,"path_per_floor":["M","$","M","M","M","R","E","$","T","M","M","R","M","M","R","B",null,"M","M","M","$","?","R","M","M","T","R","M","R","M","M","R","B",null,"M","M","$","?","M","R","T","M","T","$","R","M","$","?","R","B"],"character_chosen":"THE_SILENT","items_purchased":["Cloak And Dagger","Kunai","Panache"],"campfire_rested":3,"item_purchase_floors":[2,21,44],"current_hp_per_floor":[70,70,65,63,54,54,39,39,39,39,39,39,38,23,44,14,70,65,58,58,58,58,58,41,39,39,39,39,39,38,34,70,7,70,57,53,53,53,38,70,70,47,47,47,47,35,35,61,61,28],"gold":44,"neow_bonus":"TRANSFORM_CARD","is_prod":false,"is_daily":false,"chose_seed":false,"campfire_upgraded":7,"win_rate":0,"timestamp":1533655876,"path_taken":["M","$","M","M","M","R","E","$","T","M","M","R","M","M","R","BOSS","M","M","M","$","?","R","?","M","T","R","?","R","M","M","R","BOSS","M","M","$","?","?","R","?","M","T","?","R","M","$","?","R","BOSS"],"build_version":"2018-08-02","purchased_purges":2,"victory":true,"max_hp_per_floor":[70,70,70,70,70,70,70,70,70,70,70,70,70,70,70,70,70,70,70,70,70,70,70,70,70,70,70,70,70,70,70,70,70,70,70,70,70,70,70,70,70,70,70,70,70,70,70,61,61,61],"card_choices":[{"not_picked":["Sucker Punch","Acrobatics","Bane"],"picked":"SKIP","floor":1},{"not_picked":["Reflex","Backflip"],"picked":"Dagger Spray","floor":3},{"not_picked":["Sucker Punch","Die Die Die"],"picked":"Slice","floor":4},{"not_picked":["Sucker Punch","Finisher","Dagger Throw"],"picked":"SKIP","floor":5},{"not_picked":["Well Laid Plans","Heel Hook"],"picked":"Blade Dance","floor":7},{"not_picked":["Deflect","Reflex"],"picked":"Blade Dance","floor":10},{"not_picked":["Finisher+1","Slice+1"],"picked":"Endless Agony+1","floor":11},{"not_picked":["Underhanded Strike+1","Deadly Poison","Backflip"],"picked":"SKIP","floor":13},{"not_picked":["Calculated Gamble","Finisher+1","Leg Sweep"],"picked":"SKIP","floor":14},{"not_picked":["Wraith Form v2","Glass Knife+1"],"picked":"Die Die Die+1","floor":16},{"not_picked":[],"picked":"Crippling Poison+1","floor":18},{"not_picked":["Prepared"],"picked":"SKIP","floor":19},{"not_picked":["Quick Slash+1"],"picked":"SKIP","floor":20},{"not_picked":[],"picked":"Cloak And Dagger","floor":24},{"not_picked":[],"picked":"Catalyst+1","floor":25},{"not_picked":["Catalyst"],"picked":"SKIP","floor":28},{"not_picked":["Quick Slash+1"],"picked":"SKIP","floor":30},{"not_picked":["Outmaneuver"],"picked":"SKIP","floor":31},{"not_picked":["Terror"],"picked":"SKIP","floor":35},{"not_picked":[],"picked":"Noxious Fumes+1","floor":36},{"not_picked":[],"picked":"PiercingWail+1","floor":39},{"not_picked":["Flying Knee+1"],"picked":"SKIP","floor":42},{"not_picked":["Deflect","Dagger Spray+1"],"picked":"SKIP","floor":46}],"player_experience":164172,"relics_obtained":[{"floor":7,"key":"Boot"},{"floor":9,"key":"Molten Egg 2"},{"floor":26,"key":"Regal Pillow"},{"floor":41,"key":"Juzu Bracelet"},{"floor":43,"key":"Question Card"}],"event_choices":[{"event_name":"Accursed Blacksmith","player_choice":"Forge","floor":22,"damage_taken":0},{"event_name":"SensoryStone","player_choice":"Memory 1","floor":38,"damage_taken":0},{"event_name":"The Moai Head","player_choice":"Heal","floor":48,"damage_taken":0}],"is_beta":false,"boss_relics":[{"not_picked":["Tiny House","Fusion Hammer"],"picked":"Busted Crown"},{"not_picked":["Cursed Key","Snecko Eye"],"picked":"White Beast Statue"}],"items_purged_floors":[8,37],"is_endless":false,"potions_floor_spawned":[7,11,13,14,16,20,25,31,33,35,36,39,42,46],"ascension_level":0}