{"gold_per_floor":[116,67,67,79,98,129,146,146,146,146,146,71,98,98,98,175,175,195,195,120,133,133],"floor_reached":22,"playtime":887,"items_purged":[],"score":326,"play_id":"6e8540a6-a832-4d1e-b6ed-dd176fabee83","local_time":"20190914141921","is_ascension_mode":true,"campfire_choices":[{"data":"Fiend Fire","floor":8,"key":"SMITH"},{"data":"Bash","floor":11,"key":"SMITH"},{"data":"Disarm","floor":15,"key":"SMITH"}],"neow_cost":"NONE","seed_source_timestamp":17418376558922,"circlet_count":0,"master_deck":["AscendersBane","Strike_R","Strike_R","Strike_R","Defend_R","Defend_R","Defend_R","Defend_R","Bash+1","Whirlwind+1","Clothesline","Pommel Strike","Fiend Fire+1","Feel No Pain","Disarm+1","Immolate","Reaper"],"relics":["Burning Blood","WarpedTongs","Pantograph","Shuriken","Dodecahedron","Empty Cage"],"potions_floor_usage":[16],"damage_taken":[{"damage":6,"enemies":"Jaw Worm","floor":1,"turns":5},{"damage":2,"enemies":"Cultist","floor":4,"turns":3},{"damage":12,"enemies":"2 Louse","floor":5,"turns":2},{"damage":26,"enemies":"3 Sentries","floor":6,"turns":8},{"damage":11,"enemies":"Blue Slaver","floor":7,"turns":3},{"damage":31,"enemies":"Lagavulin","floor":13,"turns":6},{"damage":43,"enemies":"Hexaghost","floor":16,"turns":12},{"damage":23,"enemies":"Chosen","floor":18,"turns":7},{"damage":23,"enemies":"2 Thieves","floor":21,"turns":4},{"damage":23,"enemies":"Centurion and Healer","floor":22,"turns":4}],"seed_played":"-4363537816670784442","potions_obtained":[{"floor":1,"key":"Swift Potion"},{"floor":13,"key":"EssenceOfSteel"},{"floor":16,"key":"Strength Potion"}],"is_trial":false,"path_per_floor":["M","$","?","M","M","E","M","R","T","?","R","$","E","?","R","B",null,"M","?","?","M","M"],"character_chosen":"IRONCLAD","items_purchased":["Clothesline","Feel No Pain"],"campfire_rested":0,"item_purchase_floors":[2,12],"current_hp_per_floor":[75,75,75,79,73,53,48,48,48,48,48,48,23,28,28,16,69,52,35,35,18,0],"gold":133,"neow_bonus":"TEN_PERCENT_HP_BONUS","is_prod":false,"is_daily":false,"chose_seed":false,"campfire_upgraded":3,"win_rate":0,"timestamp":1568463561,"path_taken":["M","$","?","?","M","E","M","R","T","?","R","$","E","?","R","BOSS","M","?","?","M","?"],"build_version":"2019-07-17","purchased_purges":0,"victory":false,"max_hp_per_floor":[82,82,82,82,82,82,82,82,82,82,82,82,82,87,87,87,87,87,92,92,92,92],"card_choices":[{"not_picked":["Heavy Blade","Rage"],"picked":"Whirlwind","floor":1},{"not_picked":["Headbutt","Thunderclap"],"picked":"Pommel Strike","floor":4},{"not_picked":["Flex","Clash","Clothesline"],"picked":"SKIP","floor":5},{"not_picked":["Wild Strike","Rupture"],"picked":"Fiend Fire","floor":6},{"not_picked":["Twin Strike","Entrench","Second Wind"],"picked":"SKIP","floor":7},{"not_picked":["Reckless Charge","Shockwave"],"picked":"Disarm","floor":13},{"not_picked":["Impervious","Double Tap"],"picked":"Immolate","floor":16},{"not_picked":["Havoc","Armaments","Wild Strike"],"picked":"SKIP","floor":18},{"not_picked":["Anger","Searing Blow"],"picked":"Reaper","floor":21}],"player_experience":1054967,"relics_obtained":[{"floor":6,"key":"Pantograph"},{"floor":9,"key":"Shuriken"},{"floor":13,"key":"Dodecahedron"}],"event_choices":[{"damage_healed":0,"gold_gain":0,"player_choice":"Rummage","damage_taken":0,"relics_obtained":["WarpedTongs"],"max_hp_gain":0,"max_hp_loss":0,"event_name":"Accursed Blacksmith","floor":3,"gold_loss":0,"cards_obtained":["Pain"]},{"damage_healed":0,"gold_gain":0,"player_choice":"Grow","damage_taken":0,"max_hp_gain":0,"max_hp_loss":0,"event_name":"Living Wall","floor":10,"gold_loss":0,"cards_upgraded":["Whirlwind"]},{"damage_healed":0,"gold_gain":0,"player_choice":"Donut","damage_taken":0,"max_hp_gain":5,"max_hp_loss":0,"event_name":"Big Fish","floor":14,"gold_loss":0},{"damage_healed":0,"gold_gain":0,"player_choice":"Shed Blood","damage_taken":22,"max_hp_gain":5,"max_hp_loss":0,"event_name":"Forgotten Altar","floor":19,"gold_loss":0},{"cards_removed":["Pain"],"damage_healed":0,"gold_gain":0,"player_choice":"Gave Gold","damage_taken":0,"max_hp_gain":0,"max_hp_loss":0,"event_name":"Beggar","floor":20,"gold_loss":75}],"is_beta":false,"boss_relics":[{"not_picked":["Lizard Tail","Tiny House"],"picked":"Empty Cage"}],"items_purged_floors":[],"is_endless":false,"potions_floor_spawned":[1,13,16],"killed_by":"Centurion and Healer","ascension_level":14}