{"gold_per_floor":[219,219,219,238,42,75,95,95,118,137,102,121,137,171,171,171],"floor_reached":16,"playtime":919,"items_purged":[],"score":224,"play_id":"80dcf99b-9020-4d41-956a-4ffc64daaada","local_time":"20190324114932","is_ascension_mode":true,"campfire_choices":[{"data":"Shockwave","floor":8,"key":"SMITH"},{"data":"True Grit","floor":15,"key":"SMITH"}],"neow_cost":"NONE","seed_source_timestamp":522586571791400,"circlet_count":0,"master_deck":["AscendersBane","Strike_R","Strike_R","Strike_R","Strike_R","Defend_R","Defend_R","Defend_R+1","Defend_R+1","Bash","Shrug It Off","True Grit+1","Shockwave+1","Feed","Clothesline","Inflame","Iron Wave","Impervious","Twin Strike","Twin Strike"],"relics":["Burning Blood","Ancient Tea Set","War Paint","Regal Pillow"],"potions_floor_usage":[6,14,16,16],"damage_taken":[{"damage":7,"enemies":"Jaw Worm","floor":1,"turns":3},{"damage":10,"enemies":"2 Louse","floor":4,"turns":4},{"damage":41,"enemies":"3 Sentries","floor":6,"turns":17},{"damage":4,"enemies":"Cultist","floor":7,"turns":3},{"damage":3,"enemies":"2 Fungi Beasts","floor":10,"turns":6},{"damage":19,"enemies":"Exordium Thugs","floor":12,"turns":8},{"damage":10,"enemies":"Gremlin Gang","floor":13,"turns":6},{"damage":19,"enemies":"Gremlin Nob","floor":14,"turns":4},{"damage":38,"enemies":"Hexaghost","floor":16,"turns":11}],"seed_played":"-3103656503662878001","potions_obtained":[{"floor":1,"key":"Weak Potion"},{"floor":6,"key":"Poison Potion"},{"floor":12,"key":"Block Potion"},{"floor":14,"key":"Poison Potion"}],"is_trial":false,"path_per_floor":["M","?","?","M","$","E","M","R","T","M","?","M","M","E","R","B"],"character_chosen":"IRONCLAD","items_purchased":["Feed","Clothesline","Fire Potion"],"campfire_rested":0,"item_purchase_floors":[5,5,5],"current_hp_per_floor":[67,67,63,59,59,27,32,32,32,38,59,49,48,35,35,0],"gold":171,"neow_bonus":"HUNDRED_GOLD","is_prod":false,"is_daily":false,"chose_seed":false,"campfire_upgraded":2,"win_rate":0,"timestamp":1553417372,"path_taken":["M","?","?","?","$","E","M","R","T","M","?","M","M","E","R","BOSS"],"build_version":"2019-01-23","purchased_purges":0,"victory":false,"max_hp_per_floor":[75,75,75,75,75,78,81,81,81,84,84,87,90,90,90,90],"card_choices":[{"not_picked":["Sentinel","Intimidate"],"picked":"Shrug It Off","floor":1},{"not_picked":["Heavy Blade","Sword Boomerang"],"picked":"Shockwave","floor":4},{"not_picked":["Cleave","Clash"],"picked":"Inflame","floor":6},{"not_picked":["Infernal Blade","Headbutt"],"picked":"Iron Wave","floor":7},{"not_picked":["Heavy Blade","Rupture"],"picked":"Impervious","floor":10},{"not_picked":["Anger","Wild Strike"],"picked":"Twin Strike","floor":12},{"not_picked":["Flex","Armaments","Clothesline"],"picked":"SKIP","floor":13},{"not_picked":["Sever Soul","Clothesline"],"picked":"Twin Strike","floor":14}],"player_experience":1005480,"relics_obtained":[{"floor":6,"key":"Ancient Tea Set"},{"floor":9,"key":"War Paint"},{"floor":14,"key":"Regal Pillow"}],"event_choices":[{"damage_healed":0,"gold_gain":0,"cards_transformed":["Strike_R"],"player_choice":"Change","damage_taken":0,"max_hp_gain":0,"max_hp_loss":0,"event_name":"Living Wall","floor":2,"gold_loss":0,"cards_obtained":["True Grit"]},{"damage_healed":0,"gold_gain":0,"player_choice":"Bought 0 Potions","damage_taken":0,"max_hp_gain":0,"max_hp_loss":0,"event_name":"The Woman in Blue","floor":3,"gold_loss":0},{"damage_healed":21,"gold_gain":0,"player_choice":"Healed","damage_taken":0,"max_hp_gain":0,"max_hp_loss":0,"event_name":"The Cleric","floor":11,"gold_loss":35}],"is_beta":false,"boss_relics":[],"items_purged_floors":[],"is_endless":false,"potions_floor_spawned":[1,6,12,13,14],"killed_by":"Hexaghost","ascension_level":20}