{"gold_per_floor":[111,130,149,224,224,257,257,292,292,292,292,312,338,352,352,456,456,474,489,414,414,430,430,430,465,489,516,516,542,542,542,542,637,637,654,604,614,239,257,257,284,12,12,12,29,63,74,102,102,102,102,102,1,29,29],"floor_reached":55,"playtime":5398,"items_purged":["Defend_B","Pain"],"score":937,"play_id":"8d7b7fa3-64d3-4fe7-be00-80795702822d","local_time":"20190809013904","is_ascension_mode":true,"campfire_choices":[{"floor":7,"key":"REST"},{"floor":10,"key":"REST"},{"floor":15,"key":"REST"},{"floor":23,"key":"REST"},{"floor":28,"key":"REST"},{"floor":30,"key":"RECALL"},{"floor":32,"key":"REST"},{"floor":40,"key":"REST"},{"floor":44,"key":"REST"},{"floor":49,"key":"REST"},{"floor":52,"key":"REST"}],"neow_cost":"NONE","seed_source_timestamp":49793490535742,"circlet_count":0,"master_deck":["Defend_B","Defend_B","Defend_B","Zap","Dualcast","Chaos","Ball Lightning","Loop","Ball Lightning+1","Reinforced Body","Hologram","Seek","Electrodynamics+1","Ball Lightning+1","Sunder+1","Glacier","Go for the Eyes","Hologram","Echo Form","Skim","Core Surge+1","Coolheaded","Lockon","Defragment","Defragment","Redo+1","Hologram+1","Capacitor+1","Chaos+1"],"relics":["Fusion Hammer","Turnip","Ornamental Fan","Happy Flower","Meat on the Bone","Darkstone Periapt","Astrolabe","Kunai","Smiling Mask","Anchor","WarpedTongs","Nuclear Battery","Mercury Hourglass","Lantern","DollysMirror","Juzu Bracelet","Pen Nib","Whetstone"],"potions_floor_usage":[8,8,16,18,25,33,33,46,50,50,50,55,55,55],"damage_taken":[{"damage":0,"enemies":"Small Slimes","floor":1,"turns":2},{"damage":7,"enemies":"Jaw Worm","floor":2,"turns":2},{"damage":0,"enemies":"Cultist","floor":3,"turns":3},{"damage":41,"enemies":"Gremlin Nob","floor":6,"turns":5},{"damage":25,"enemies":"3 Sentries","floor":8,"turns":5},{"damage":1,"enemies":"3 Louse","floor":12,"turns":3},{"damage":25,"enemies":"Lagavulin","floor":13,"turns":9},{"damage":1,"enemies":"Looter","floor":14,"turns":3},{"damage":44,"enemies":"The Guardian","floor":16,"turns":12},{"damage":2,"enemies":"2 Thieves","floor":18,"turns":3},{"damage":1,"enemies":"Chosen","floor":19,"turns":4},{"damage":0,"enemies":"Centurion and Healer","floor":22,"turns":5},{"damage":10,"enemies":"Gremlin Leader","floor":25,"turns":6},{"damage":9,"enemies":"Book of Stabbing","floor":27,"turns":6},{"damage":5,"enemies":"Gremlin Leader","floor":29,"turns":5},{"damage":20,"enemies":"Champ","floor":33,"turns":13},{"damage":16,"enemies":"Orb Walker","floor":35,"turns":5},{"damage":23,"enemies":"3 Darklings","floor":37,"turns":4},{"damage":1,"enemies":"4 Shapes","floor":39,"turns":3},{"damage":14,"enemies":"Reptomancer","floor":41,"turns":5},{"damage":0,"enemies":"Jaw Worm Horde","floor":45,"turns":2},{"damage":24,"enemies":"Giant Head","floor":46,"turns":7},{"damage":0,"enemies":"Spire Growth","floor":47,"turns":4},{"damage":30,"enemies":"Nemesis","floor":48,"turns":7},{"damage":53,"enemies":"Awakened One","floor":50,"turns":12},{"damage":29,"enemies":"Shield and Spear","floor":54,"turns":6},{"damage":71,"enemies":"The Heart","floor":55,"turns":2}],"seed_played":"-6171341295128582959","potions_obtained":[{"floor":1,"key":"Regen Potion"},{"floor":2,"key":"GamblersBrew"},{"floor":3,"key":"SkillPotion"},{"floor":8,"key":"SteroidPotion"},{"floor":14,"key":"SkillPotion"},{"floor":18,"key":"Fire Potion"},{"floor":25,"key":"Strength Potion"},{"floor":29,"key":"FocusPotion"},{"floor":37,"key":"Strength Potion"},{"floor":45,"key":"GamblersBrew"},{"floor":47,"key":"Swift Potion"},{"floor":48,"key":"EssenceOfSteel"},{"floor":54,"key":"Explosive Potion"}],"is_trial":false,"path_per_floor":["M","M","M","?","?","E","R","E","T","R","?","M","E","M","R","B",null,"M","M","?","?","M","R","?","E","T","E","R","E","R","?","R","B",null,"M","$","M","$","M","R","E","$","T","R","M","E","M","E","R","B",null,"R","$","E","B"],"character_chosen":"DEFECT","items_purchased":["Mercury Hourglass","Lockon","Defragment","DollysMirror","PowerPotion","Strength Potion"],"campfire_rested":10,"item_purchase_floors":[38,38,42,42,53,53],"current_hp_per_floor":[75,68,68,57,50,9,31,20,20,42,35,46,33,44,66,34,75,73,72,72,72,72,75,75,65,65,56,75,70,70,76,81,61,81,65,65,42,42,41,65,51,51,51,75,75,51,51,33,57,16,81,81,81,52,0],"gold":29,"neow_bonus":"BOSS_RELIC","is_prod":false,"is_daily":false,"chose_seed":false,"campfire_upgraded":0,"win_rate":0,"timestamp":1565307544,"path_taken":["M","M","M","?","?","E","R","E","T","R","?","M","E","M","R","BOSS","M","M","?","?","M","R","?","E","T","E","R","E","R","?","R","BOSS","M","$","M","$","M","R","E","$","T","R","?","E","M","E","R","BOSS","R","$","E","BOSS"],"build_version":"2019-07-17","purchased_purges":2,"victory":false,"max_hp_per_floor":[75,75,75,75,75,75,75,75,75,75,75,75,75,75,75,75,75,75,75,75,75,75,75,75,75,75,75,75,75,75,81,81,81,81,81,81,81,81,81,81,81,81,81,81,81,81,81,81,81,81,81,81,81,81,81],"card_choices":[{"not_picked":["Reprogram","Auto Shields"],"picked":"Chaos","floor":1},{"not_picked":["Leap","Reinforced Body"],"picked":"Ball Lightning","floor":2},{"not_picked":["Ball Lightning","Heatsinks"],"picked":"Loop","floor":3},{"not_picked":["Beam Cell","Static Discharge"],"picked":"Ball Lightning","floor":6},{"not_picked":["Conserve Battery","Steam"],"picked":"Gash","floor":8},{"not_picked":["Hello World","Chaos"],"picked":"Reinforced Body","floor":12},{"not_picked":["Barrage","Leap"],"picked":"Hologram","floor":13},{"not_picked":["Force Field","Self Repair","Auto Shields"],"picked":"SKIP","floor":14},{"not_picked":["Machine Learning","Hyperbeam"],"picked":"Seek","floor":16},{"not_picked":["Recycle","Beam Cell"],"picked":"Glacier","floor":18},{"not_picked":["Stack","Recycle"],"picked":"Go for the Eyes","floor":19},{"not_picked":["Darkness","Sunder+1"],"picked":"Hologram","floor":22},{"not_picked":["Turbo","Genetic Algorithm"],"picked":"Echo Form","floor":25},{"not_picked":["Stack","Scrape","Buffer"],"picked":"SKIP","floor":27},{"not_picked":["Blizzard","Steam+1"],"picked":"Skim","floor":29},{"not_picked":["Thunder Strike","Fission"],"picked":"Core Surge","floor":33},{"not_picked":["Barrage+1","Scrape+1"],"picked":"Coolheaded","floor":35},{"not_picked":["Go for the Eyes+1","Turbo","Reprogram"],"picked":"SKIP","floor":37},{"not_picked":["Rebound","Beam Cell","Compile Driver+1"],"picked":"SKIP","floor":39},{"not_picked":["Streamline","Barrage","Coolheaded"],"picked":"SKIP","floor":41},{"not_picked":["Tempest","Stack+1","Leap+1"],"picked":"SKIP","floor":45},{"not_picked":["Steam","Conserve Battery+1"],"picked":"Redo+1","floor":46},{"not_picked":["Sunder","Stack"],"picked":"Hologram+1","floor":47},{"not_picked":["Heatsinks","Static Discharge+1"],"picked":"Capacitor+1","floor":48},{"not_picked":["Barrage","Redo+1"],"picked":"Chaos+1","floor":54}],"player_experience":791154,"relics_obtained":[{"floor":6,"key":"Ornamental Fan"},{"floor":8,"key":"Happy Flower"},{"floor":9,"key":"Meat on the Bone"},{"floor":13,"key":"Darkstone Periapt"},{"floor":25,"key":"Kunai"},{"floor":26,"key":"Smiling Mask"},{"floor":27,"key":"Anchor"},{"floor":41,"key":"Lantern"},{"floor":46,"key":"Juzu Bracelet"},{"floor":48,"key":"Pen Nib"},{"floor":54,"key":"Whetstone"}],"event_choices":[{"damage_healed":0,"gold_gain":75,"player_choice":"Gather Gold","damage_taken":11,"max_hp_gain":0,"max_hp_loss":0,"event_name":"World of Goop","floor":4,"gold_loss":0},{"damage_healed":0,"gold_gain":0,"player_choice":"Success","damage_taken":7,"relics_obtained":["Turnip"],"max_hp_gain":0,"max_hp_loss":0,"event_name":"Scrap Ooze","floor":5,"gold_loss":0},{"cards_removed":["Strike_B"],"damage_healed":0,"gold_gain":0,"player_choice":"Card Removal","damage_taken":7,"max_hp_gain":0,"max_hp_loss":0,"event_name":"Golden Wing","floor":11,"gold_loss":0},{"cards_removed":["Gash"],"damage_healed":0,"gold_gain":0,"player_choice":"Gave Gold","damage_taken":0,"max_hp_gain":0,"max_hp_loss":0,"event_name":"Beggar","floor":20,"gold_loss":75},{"damage_healed":0,"gold_gain":0,"player_choice":"Ignored","damage_taken":0,"max_hp_gain":0,"max_hp_loss":0,"event_name":"Ghosts","floor":21,"gold_loss":0},{"damage_healed":0,"gold_gain":0,"player_choice":"Ignored","damage_taken":0,"max_hp_gain":0,"max_hp_loss":0,"event_name":"Vampires","floor":24,"gold_loss":0},{"damage_healed":0,"gold_gain":0,"player_choice":"Rummage","damage_taken":0,"relics_obtained":["WarpedTongs"],"max_hp_gain":0,"max_hp_loss":0,"event_name":"Accursed Blacksmith","floor":31,"gold_loss":0,"cards_obtained":["Pain"]}],"is_beta":false,"boss_relics":[{"not_picked":["Runic Dome","Busted Crown"],"picked":"Astrolabe"},{"not_picked":["Cursed Key","Tiny House"],"picked":"Nuclear Battery"}],"items_purged_floors":[36,38],"is_endless":false,"potions_floor_spawned":[1,2,3,8,14,18,25,29,37,45,47,48,54],"killed_by":"The Heart","ascension_level":4}