{"gold_per_floor":[119,119,119,194,209,209,224,235,235,235,265,96,115,129,129,200,200,100,0,12,39,89,120,120,140,140,140,140,15,15,31,31,108,108,127,127,127,227,77,77],"floor_reached":40,"playtime":1750,"items_purged":["Strike_R","Strike_R","Decay","Bash"],"score":900,"play_id":"8d3f1c0d-4484-4bdb-9614-976a315b6641","local_time":"20190327115131","is_ascension_mode":true,"campfire_choices":[{"data":"Anger","floor":6,"key":"SMITH"},{"data":"True Grit","floor":10,"key":"SMITH"},{"data":"Rage","floor":15,"key":"SMITH"},{"floor":24,"key":"REST"},{"floor":32,"key":"REST"}],"neow_cost":"TEN_PERCENT_HP_LOSS","seed_source_timestamp":781092645486900,"circlet_count":0,"master_deck":["AscendersBane","Strike_R","Strike_R","Defend_R","Defend_R","Defend_R","Anger+1","Clash","True Grit+1","Finesse","Rage+1","Rage","Havoc"],"relics":["Burning Blood","Unceasing Top","Singing Bowl","Bag of Marbles","Philosopher\u0027s Stone","Red Mask","Kunai","Bag of Preparation","Pear","Busted Crown","StoneCalendar"],"potions_floor_usage":[13,21,23,40],"damage_taken":[{"damage":1,"enemies":"2 Louse","floor":1,"turns":3},{"damage":1,"enemies":"Small Slimes","floor":5,"turns":4},{"damage":4,"enemies":"Jaw Worm","floor":7,"turns":4},{"damage":5,"enemies":"Gremlin Gang","floor":8,"turns":5},{"damage":20,"enemies":"Lagavulin","floor":11,"turns":5},{"damage":6,"enemies":"Exordium Thugs","floor":13,"turns":3},{"damage":0,"enemies":"2 Fungi Beasts","floor":14,"turns":3},{"damage":24,"enemies":"The Guardian","floor":16,"turns":10},{"damage":17,"enemies":"2 Thieves","floor":18,"turns":5},{"damage":13,"enemies":"Shell Parasite","floor":20,"turns":4},{"damage":4,"enemies":"Masked Bandits","floor":21,"turns":3},{"damage":43,"enemies":"Gremlin Leader","floor":23,"turns":6},{"damage":31,"enemies":"Sentry and Sphere","floor":25,"turns":8},{"damage":20,"enemies":"Shelled Parasite and Fungi","floor":31,"turns":6},{"damage":31,"enemies":"Collector","floor":33,"turns":7},{"damage":8,"enemies":"Orb Walker","floor":35,"turns":3},{"damage":21,"enemies":"Mind Bloom Boss Battle","floor":38,"turns":6},{"damage":67,"enemies":"Reptomancer","floor":40,"turns":4}],"seed_played":"-8531940077825463944","potions_obtained":[{"floor":8,"key":"Fire Potion"},{"floor":13,"key":"AttackPotion"},{"floor":14,"key":"PowerPotion"},{"floor":31,"key":"SpeedPotion"},{"floor":38,"key":"Block Potion"}],"is_trial":false,"path_per_floor":["M","?","?","?","M","R","M","M","T","R","E","$","M","M","R","B",null,"M","$","M","?","?","E","R","M","T","T","?","$","?","M","R","B",null,"M","?","?","?","$","E"],"character_chosen":"IRONCLAD","items_purchased":["Finesse"],"campfire_rested":2,"item_purchase_floors":[12],"current_hp_per_floor":[68,68,68,57,62,62,64,65,65,65,53,53,55,61,61,45,67,58,58,53,57,57,22,46,21,21,31,31,31,31,19,47,24,78,76,76,76,63,63,0],"gold":77,"neow_bonus":"ONE_RARE_RELIC","is_prod":false,"is_daily":false,"chose_seed":false,"campfire_upgraded":3,"win_rate":0,"timestamp":1553676691,"path_taken":["M","?","?","?","?","R","M","?","T","R","E","$","M","M","R","BOSS","M","$","M","?","?","E","R","M","T","?","?","$","?","?","R","BOSS","M","?","?","?","?","E"],"build_version":"2019-01-23","purchased_purges":4,"victory":false,"max_hp_per_floor":[68,68,68,68,68,68,68,68,68,68,70,70,72,72,72,74,74,76,76,78,80,80,82,82,82,82,92,92,92,92,94,94,96,96,96,96,96,98,98,98],"card_choices":[{"not_picked":["Clothesline","Thunderclap","Headbutt"],"picked":"SKIP","floor":1},{"not_picked":["Iron Wave","Body Slam"],"picked":"Anger","floor":5},{"not_picked":["Clothesline","Thunderclap"],"picked":"Clash","floor":7},{"not_picked":["Thunderclap","Anger"],"picked":"True Grit","floor":8},{"not_picked":["Iron Wave","Pummel","Reaper"],"picked":"Singing Bowl","floor":11},{"not_picked":["Power Through","Bloodletting","Heavy Blade"],"picked":"Singing Bowl","floor":13},{"not_picked":["Armaments","Havoc"],"picked":"Rage","floor":14},{"not_picked":["Reaper","Feed","Dark Embrace"],"picked":"Singing Bowl","floor":16},{"not_picked":["Headbutt","Cleave","Sword Boomerang"],"picked":"Singing Bowl","floor":18},{"not_picked":["Anger","Thunderclap","Ghostly Armor"],"picked":"Singing Bowl","floor":20},{"not_picked":["Havoc","Searing Blow","Heavy Blade+1"],"picked":"Singing Bowl","floor":21},{"not_picked":["Heavy Blade","Pommel Strike","Cleave"],"picked":"Singing Bowl","floor":23},{"not_picked":["Searing Blow+1","Battle Trance+1"],"picked":"Rage","floor":25},{"not_picked":["Inflame","Body Slam","Second Wind"],"picked":"Singing Bowl","floor":31},{"not_picked":["Limit Break","Exhume","Double Tap"],"picked":"Singing Bowl","floor":33},{"not_picked":[],"picked":"Havoc","floor":35},{"not_picked":["Heavy Blade"],"picked":"Singing Bowl","floor":38}],"player_experience":1032280,"relics_obtained":[{"floor":9,"key":"Singing Bowl"},{"floor":11,"key":"Bag of Marbles"},{"floor":21,"key":"Red Mask"},{"floor":23,"key":"Kunai"},{"floor":26,"key":"Bag of Preparation"},{"floor":27,"key":"Pear"},{"floor":38,"key":"StoneCalendar"}],"event_choices":[{"cards_removed":["Strike_R"],"damage_healed":0,"gold_gain":0,"player_choice":"Forget","damage_taken":0,"max_hp_gain":0,"max_hp_loss":0,"event_name":"Living Wall","floor":2,"gold_loss":0},{"damage_healed":0,"gold_gain":0,"player_choice":"Ignored","damage_taken":0,"max_hp_gain":0,"max_hp_loss":0,"event_name":"Liars Game","floor":3,"gold_loss":0},{"damage_healed":0,"gold_gain":75,"player_choice":"Gather Gold","damage_taken":11,"max_hp_gain":0,"max_hp_loss":0,"event_name":"World of Goop","floor":4,"gold_loss":0},{"damage_healed":0,"gold_gain":0,"player_choice":"Fought Bandits","damage_taken":0,"max_hp_gain":0,"max_hp_loss":0,"event_name":"Masked Bandits","floor":21,"gold_loss":0},{"damage_healed":0,"gold_gain":50,"player_choice":"Stole From Cult","damage_taken":0,"max_hp_gain":0,"max_hp_loss":0,"event_name":"Nest","floor":22,"gold_loss":0},{"damage_healed":0,"gold_gain":0,"player_choice":"Smashed Altar","damage_taken":0,"max_hp_gain":0,"max_hp_loss":0,"event_name":"Forgotten Altar","floor":28,"gold_loss":0,"cards_obtained":["Decay"]},{"damage_healed":0,"gold_gain":0,"player_choice":"Ignored","damage_taken":0,"max_hp_gain":0,"max_hp_loss":0,"event_name":"Cursed Tome","floor":30,"gold_loss":0},{"damage_healed":0,"gold_gain":0,"player_choice":"Ignored","damage_taken":0,"max_hp_gain":0,"max_hp_loss":0,"event_name":"Mysterious Sphere","floor":36,"gold_loss":0},{"cards_removed":["Defend_R"],"damage_healed":0,"gold_gain":0,"player_choice":"Removed Skill","damage_taken":0,"max_hp_gain":0,"max_hp_loss":0,"event_name":"Falling","floor":37,"gold_loss":0},{"damage_healed":0,"gold_gain":0,"player_choice":"Fight","damage_taken":0,"max_hp_gain":0,"max_hp_loss":0,"event_name":"MindBloom","floor":38,"gold_loss":0}],"is_beta":false,"boss_relics":[{"not_picked":["Cursed Key","Ectoplasm"],"picked":"Philosopher\u0027s Stone"},{"not_picked":["Runic Cube","Pandora\u0027s Box"],"picked":"Busted Crown"}],"items_purged_floors":[12,19,29,39],"is_endless":false,"potions_floor_spawned":[8,13,14,20,31,38],"killed_by":"Reptomancer","ascension_level":20}