{"gold_per_floor":[110,55,75,75,75,103,115,80,80,91,91,102,102,134,134,208,208,220,220,220],"floor_reached":20,"playtime":1750,"items_purged":[],"score":383,"play_id":"42499541-7b55-493e-9c90-6e7cc407b2cd","local_time":"20190811133834","is_ascension_mode":true,"campfire_choices":[{"floor":11,"key":"REST"},{"data":"Bane","floor":13,"key":"SMITH"},{"data":"Cloak And Dagger","floor":15,"key":"SMITH"}],"neow_cost":"NONE","seed_source_timestamp":17398611771953,"circlet_count":0,"master_deck":["AscendersBane","Strike_G","Strike_G","Strike_G","Strike_G","Strike_G","Defend_G","Defend_G","Defend_G","Defend_G","Defend_G","Survivor","Neutralize+1","Deadly Poison+1","Flying Knee","Dagger Throw","Bane+1","Endless Agony","Deflect","Cloak And Dagger+1","A Thousand Cuts","Backflip"],"relics":["Ring of the Snake","Gambling Chip","Turnip","Lantern","WristBlade"],"potions_floor_usage":[6,14],"damage_taken":[{"damage":4,"enemies":"Small Slimes","floor":1,"turns":4},{"damage":9,"enemies":"2 Louse","floor":3,"turns":3},{"damage":38,"enemies":"Lagavulin","floor":6,"turns":7},{"damage":2,"enemies":"Jaw Worm","floor":7,"turns":5},{"damage":2,"enemies":"Lots of Slimes","floor":10,"turns":5},{"damage":0,"enemies":"Exordium Wildlife","floor":12,"turns":5},{"damage":0,"enemies":"Gremlin Nob","floor":14,"turns":4},{"damage":31,"enemies":"Hexaghost","floor":16,"turns":11},{"damage":20,"enemies":"Shell Parasite","floor":18,"turns":6},{"damage":52,"enemies":"Masked Bandits","floor":20,"turns":3}],"seed_played":"809526374846557245","potions_obtained":[{"floor":3,"key":"Dexterity Potion"},{"floor":7,"key":"SpeedPotion"}],"is_trial":false,"path_per_floor":["M","$","M","?","?","E","M","?","T","M","R","M","R","E","R","B",null,"M","?","?"],"character_chosen":"THE_SILENT","items_purchased":["Flying Knee"],"campfire_rested":1,"item_purchase_floors":[2],"current_hp_per_floor":[55,55,46,46,46,8,6,22,22,20,39,39,39,39,39,8,52,32,45,0],"gold":220,"neow_bonus":"UPGRADE_CARD","is_prod":false,"is_daily":false,"chose_seed":false,"campfire_upgraded":2,"win_rate":0,"timestamp":1565523514,"path_taken":["M","$","M","?","?","E","M","?","T","?","R","?","R","E","R","BOSS","M","?","?"],"build_version":"2019-07-17","purchased_purges":0,"victory":false,"max_hp_per_floor":[66,66,66,66,66,66,66,66,66,66,66,66,66,66,66,66,66,66,66,66],"card_choices":[{"not_picked":["Dagger Throw","Escape Plan"],"picked":"Deadly Poison","floor":1},{"not_picked":["Quick Slash","Blade Dance"],"picked":"Dagger Throw","floor":3},{"not_picked":["Calculated Gamble","Flechettes"],"picked":"Bane","floor":6},{"not_picked":["Sucker Punch","Blade Dance"],"picked":"Endless Agony","floor":7},{"not_picked":["Acrobatics","Dagger Throw"],"picked":"Deflect","floor":10},{"not_picked":["Prepared","Underhanded Strike","All Out Attack"],"picked":"SKIP","floor":12},{"not_picked":["Poisoned Stab","Skewer"],"picked":"Cloak And Dagger","floor":14},{"not_picked":["Adrenaline","Die Die Die"],"picked":"A Thousand Cuts","floor":16},{"not_picked":["Terror","Blade Dance"],"picked":"Backflip","floor":18}],"player_experience":857980,"relics_obtained":[{"floor":6,"key":"Gambling Chip"},{"floor":9,"key":"Turnip"},{"floor":14,"key":"Lantern"}],"event_choices":[{"damage_healed":0,"gold_gain":0,"player_choice":"Grow","damage_taken":0,"max_hp_gain":0,"max_hp_loss":0,"event_name":"Living Wall","floor":4,"gold_loss":0,"cards_upgraded":["Deadly Poison"]},{"damage_healed":0,"gold_gain":0,"player_choice":"Ignored","damage_taken":0,"max_hp_gain":0,"max_hp_loss":0,"event_name":"Golden Idol","floor":5,"gold_loss":0},{"damage_healed":16,"gold_gain":0,"player_choice":"Healed","damage_taken":0,"max_hp_gain":0,"max_hp_loss":0,"event_name":"The Cleric","floor":8,"gold_loss":35},{"damage_healed":13,"gold_gain":0,"player_choice":"Heal","damage_taken":0,"max_hp_gain":0,"max_hp_loss":0,"event_name":"The Library","floor":19,"gold_loss":0},{"damage_healed":0,"gold_gain":0,"player_choice":"Fought Bandits","damage_taken":0,"max_hp_gain":0,"max_hp_loss":0,"event_name":"Masked Bandits","floor":20,"gold_loss":0}],"is_beta":false,"boss_relics":[{"not_picked":["Calling Bell","Astrolabe"],"picked":"WristBlade"}],"items_purged_floors":[],"is_endless":false,"potions_floor_spawned":[3,7],"killed_by":"Masked Bandits","ascension_level":17}