{"gold_per_floor":[111,111,161,161,2,2,21,21,21,21,21,21,47,47,47,121,121,135,50,50,50,50,50,50,50,76,76,88,88,88,88],"floor_reached":31,"playtime":821,"items_purged":["Normality"],"score":546,"play_id":"26fe45e5-7880-45b9-b22e-8c8fbd862ef5","local_time":"20190427130005","is_ascension_mode":true,"campfire_choices":[{"floor":6,"key":"REST"},{"data":"Darkness","floor":8,"key":"SMITH"},{"data":"Streamline","floor":10,"key":"SMITH"},{"data":"Dualcast","floor":12,"key":"SMITH"},{"data":"Zap","floor":15,"key":"SMITH"},{"data":"Electrodynamics","floor":23,"key":"SMITH"},{"floor":25,"key":"DIG"}],"neow_cost":"NONE","seed_source_timestamp":366537482038900,"circlet_count":0,"master_deck":["AscendersBane","Strike_B","Strike_B","Strike_B","Strike_B","Defend_B","Defend_B","Defend_B","Defend_B","Zap+1","Dualcast+1","Shame","Streamline+1","Darkness+1","Thunder Strike+1","Electrodynamics+1","Glacier","Pain","Writhe","Capacitor","Necronomicurse","Decay"],"relics":["Calling Bell","Juzu Bracelet","Pantograph","Emotion Chip","Thread and Needle","Molten Egg 2","Pear","Snecko Eye","Nunchaku","WarpedTongs","Shovel","Potion Belt","Anchor","Pen Nib","Necronomicon"],"potions_floor_usage":[16,31,31],"damage_taken":[{"damage":14,"enemies":"Small Slimes","floor":1,"turns":4},{"damage":0,"enemies":"2 Louse","floor":7,"turns":3},{"damage":27,"enemies":"3 Sentries","floor":13,"turns":6},{"damage":46,"enemies":"Hexaghost","floor":16,"turns":8},{"damage":20,"enemies":"Shell Parasite","floor":18,"turns":3},{"damage":10,"enemies":"2 Thieves","floor":28,"turns":3},{"damage":12,"enemies":"Slavers","floor":31,"turns":2}],"seed_played":"-2294275056038467867","potions_obtained":[{"floor":1,"key":"FearPotion"},{"floor":16,"key":"GamblersBrew"}],"is_trial":false,"path_per_floor":["M","?","?","?","$","R","M","R","T","R","?","R","E","?","R","B",null,"M","?","?","?","?","R","T","R","T","?","M","?","?","E"],"character_chosen":"DEFECT","items_purchased":["Streamline","Poison Potion"],"campfire_rested":1,"item_purchase_floors":[5,5],"current_hp_per_floor":[50,50,43,25,25,46,46,46,46,46,46,46,29,29,29,8,63,43,43,43,43,43,43,43,43,43,43,33,12,12,0],"gold":88,"neow_bonus":"BOSS_RELIC","is_prod":false,"is_daily":false,"chose_seed":false,"campfire_upgraded":5,"win_rate":0,"timestamp":1556359205,"path_taken":["M","?","?","?","$","R","M","R","T","R","?","R","E","?","R","BOSS","M","?","?","?","?","R","?","R","T","?","M","?","?","E"],"build_version":"2019-01-23","purchased_purges":1,"victory":false,"max_hp_per_floor":[71,71,71,71,71,71,71,71,71,71,71,71,81,81,81,81,81,81,81,81,81,81,81,81,81,81,81,81,81,81,81],"card_choices":[{"not_picked":["Scrape","Turbo","White Noise"],"picked":"SKIP","floor":1},{"not_picked":["Beam Cell","Barrage"],"picked":"Darkness","floor":7},{"not_picked":["Conserve Battery","Leap"],"picked":"Thunder Strike+1","floor":13},{"not_picked":["Echo Form","Buffer"],"picked":"Electrodynamics","floor":16},{"not_picked":["Rebound+1","Streamline+1"],"picked":"Glacier","floor":18},{"not_picked":["Rebound+1","Steam+1"],"picked":"Capacitor","floor":28}],"player_experience":1240157,"relics_obtained":[{"floor":0,"key":"Juzu Bracelet"},{"floor":0,"key":"Pantograph"},{"floor":0,"key":"Emotion Chip"},{"floor":9,"key":"Molten Egg 2"},{"floor":13,"key":"Pear"},{"floor":24,"key":"Shovel"},{"floor":25,"key":"Potion Belt"},{"floor":26,"key":"Anchor"},{"floor":29,"key":"Necronomicon"}],"event_choices":[{"damage_healed":0,"gold_gain":0,"player_choice":"Ignored","damage_taken":0,"max_hp_gain":0,"max_hp_loss":0,"event_name":"Liars Game","floor":2,"gold_loss":0},{"damage_healed":0,"gold_gain":50,"player_choice":"Touch","damage_taken":7,"max_hp_gain":0,"max_hp_loss":0,"event_name":"FaceTrader","floor":3,"gold_loss":0},{"damage_healed":0,"gold_gain":0,"player_choice":"Success","damage_taken":18,"relics_obtained":["Thread and Needle"],"max_hp_gain":0,"max_hp_loss":0,"event_name":"Scrap Ooze","floor":4,"gold_loss":0},{"cards_removed":["Normality"],"damage_healed":0,"gold_gain":0,"player_choice":"Forget","damage_taken":0,"max_hp_gain":0,"max_hp_loss":0,"event_name":"Living Wall","floor":11,"gold_loss":0},{"damage_healed":0,"gold_gain":0,"player_choice":"Leave","damage_taken":0,"max_hp_gain":0,"max_hp_loss":0,"event_name":"The Cleric","floor":14,"gold_loss":0},{"damage_healed":0,"gold_gain":0,"player_choice":"Obtained Relic","damage_taken":0,"relics_obtained":["Nunchaku"],"max_hp_gain":0,"max_hp_loss":0,"event_name":"Addict","floor":19,"gold_loss":85},{"damage_healed":0,"gold_gain":0,"player_choice":"Rummage","damage_taken":0,"relics_obtained":["WarpedTongs"],"max_hp_gain":0,"max_hp_loss":0,"event_name":"Accursed Blacksmith","floor":20,"gold_loss":0,"cards_obtained":["Pain"]},{"damage_healed":0,"gold_gain":0,"player_choice":"Ignored","damage_taken":0,"max_hp_gain":0,"max_hp_loss":0,"event_name":"Beggar","floor":21,"gold_loss":0},{"damage_healed":0,"gold_gain":0,"player_choice":"Ignored","damage_taken":0,"max_hp_gain":0,"max_hp_loss":0,"event_name":"Vampires","floor":22,"gold_loss":0},{"damage_healed":0,"gold_gain":0,"player_choice":"Opened","damage_taken":0,"relics_obtained":["Pen Nib"],"max_hp_gain":0,"max_hp_loss":0,"event_name":"The Mausoleum","floor":27,"gold_loss":0,"cards_obtained":["Writhe"]},{"damage_healed":0,"gold_gain":0,"player_choice":"Obtained Book","damage_taken":21,"max_hp_gain":0,"max_hp_loss":0,"event_name":"Cursed Tome","floor":29,"gold_loss":0},{"damage_healed":0,"gold_gain":0,"player_choice":"Smashed Altar","damage_taken":0,"max_hp_gain":0,"max_hp_loss":0,"event_name":"Forgotten Altar","floor":30,"gold_loss":0,"cards_obtained":["Decay"]}],"is_beta":false,"boss_relics":[{"not_picked":["Tiny House","Nuclear Battery"],"picked":"Snecko Eye"}],"items_purged_floors":[5],"is_endless":false,"potions_floor_spawned":[1,7,16],"killed_by":"Slavers","ascension_level":20}