{"gold_per_floor":[115,131,83,83,103,103,120,120,120,120,150,170,69,86,86,184,184,194,77,77,2,13,13,47,60,111,124,144,144,144,170,170,269,269,288,288,288,300,310,67,96,96,123,123,194,213,213,223,223,223],"floor_reached":51,"playtime":3667,"items_purged":["Strike_B"],"score":884,"play_id":"3af627db-9557-4e36-aab8-a6bc23c4bfbe","local_time":"20180807193630","is_ascension_mode":true,"campfire_choices":[{"data":"Zap","floor":6,"key":"SMITH"},{"floor":10,"key":"REST"},{"data":"Tempest","floor":15,"key":"SMITH"},{"data":"Hologram","floor":23,"key":"SMITH"},{"floor":29,"key":"REST"},{"floor":32,"key":"REST"},{"data":"Reboot","floor":42,"key":"SMITH"},{"data":"Reboot","floor":44,"key":"SMITH"},{"floor":47,"key":"REST"},{"data":"Skim","floor":49,"key":"SMITH"}],"neow_cost":"TEN_PERCENT_HP_LOSS","seed_source_timestamp":204493085489731,"circlet_count":0,"master_deck":["Strike_B+1","Defend_B+1","Defend_B","Defend_B","Zap+1","Dualcast","Hologram+1","Reboot+1","Go for the Eyes","Streamline","Gash","Beam Cell","Gash","Reboot+1","Beam Cell","Seek","BootSequence+1","Auto Shields+1","Go for the Eyes","Skim+1","Go for the Eyes"],"relics":["Cracked Core","DataDisk","Mercury Hourglass","Lizard Tail","Cables","Orichalcum","Kunai","Shovel","Runic Pyramid","Shuriken","Letter Opener","Ancient Tea Set","Ornamental Fan"],"potions_floor_usage":[24,24,33,33,33,50,50],"damage_taken":[{"damage":7,"enemies":"Jaw Worm","floor":1,"turns":2},{"damage":5,"enemies":"Small Slimes","floor":2,"turns":3},{"damage":0,"enemies":"2 Louse","floor":5,"turns":2},{"damage":10,"enemies":"Lots of Slimes","floor":7,"turns":3},{"damage":5,"enemies":"3 Louse","floor":12,"turns":2},{"damage":3,"enemies":"Looter","floor":14,"turns":2},{"damage":0,"enemies":"Slime Boss","floor":16,"turns":4},{"damage":0,"enemies":"Spheric Guardian","floor":18,"turns":3},{"damage":0,"enemies":"3 Byrds","floor":22,"turns":3},{"damage":37,"enemies":"Slavers","floor":24,"turns":4},{"damage":4,"enemies":"Centurion and Healer","floor":25,"turns":5},{"damage":0,"enemies":"Cultist and Chosen","floor":27,"turns":3},{"damage":3,"enemies":"Sentry and Sphere","floor":28,"turns":3},{"damage":24,"enemies":"Gremlin Leader","floor":31,"turns":5},{"damage":53,"enemies":"Automaton","floor":33,"turns":8},{"damage":1,"enemies":"Flame Bruiser 1 Orb","floor":35,"turns":4},{"damage":2,"enemies":"Orb Walker","floor":38,"turns":3},{"damage":7,"enemies":"4 Shapes","floor":39,"turns":3},{"damage":15,"enemies":"Nemesis","floor":41,"turns":5},{"damage":0,"enemies":"Flame Bruiser 2 Orb","floor":46,"turns":4},{"damage":2,"enemies":"Sphere and 2 Shapes","floor":48,"turns":4},{"damage":2,"enemies":"Awakened One","floor":50,"turns":8}],"seed_played":"-9042935905093083519","potions_obtained":[{"floor":1,"key":"EssenceOfSteel"},{"floor":5,"key":"AttackPotion"},{"floor":12,"key":"PowerPotion"},{"floor":16,"key":"SteroidPotion"},{"floor":22,"key":"Poison Potion"},{"floor":25,"key":"Ancient Potion"},{"floor":28,"key":"Weak Potion"},{"floor":33,"key":"Regen Potion"},{"floor":38,"key":"Swift Potion"},{"floor":46,"key":"Explosive Potion"}],"is_trial":false,"path_per_floor":["M","M","$","?","M","R","M","?","T","R","?","M","$","M","R","B",null,"M","$","?","?","M","R","E","M","T","M","M","R","T","E","R","B",null,"M","?","?","M","M","$","E","R","T","R","T","M","R","M","R","B"],"character_chosen":"DEFECT","items_purchased":["Go for the Eyes","Gash","Gash","Reboot","Shuriken"],"campfire_rested":4,"item_purchase_floors":[3,13,19,19,40],"current_hp_per_floor":[61,56,56,53,53,53,43,29,29,49,49,44,44,41,41,41,61,61,61,49,49,49,49,12,8,8,8,5,26,26,2,23,36,64,63,63,63,61,54,54,39,39,39,39,39,39,60,58,58,71],"gold":223,"neow_bonus":"REMOVE_TWO","is_prod":false,"is_daily":false,"chose_seed":false,"campfire_upgraded":6,"win_rate":0,"timestamp":1533638190,"path_taken":["M","M","$","?","?","R","M","?","T","R","?","M","$","M","R","BOSS","M","$","?","?","M","R","E","M","T","M","M","R","?","E","R","BOSS","M","?","?","M","?","?","E","R","T","R","?","M","R","?","R","BOSS"],"build_version":"2018-08-02","purchased_purges":1,"victory":true,"max_hp_per_floor":[68,68,68,68,68,68,68,68,68,68,68,68,68,68,68,68,68,68,68,73,73,73,73,73,73,73,73,73,73,73,73,73,73,73,73,73,73,73,73,73,73,73,73,73,73,73,73,73,73,73],"card_choices":[{"not_picked":["Rip and Tear","Turbo"],"picked":"Hologram","floor":1},{"not_picked":["Double Energy","Beam Cell"],"picked":"Reboot","floor":2},{"not_picked":["Coolheaded","Cold Snap","Barrage"],"picked":"SKIP","floor":5},{"not_picked":["Conserve Battery","Coolheaded"],"picked":"Tempest","floor":7},{"not_picked":["Storm","Tempest"],"picked":"Streamline","floor":12},{"not_picked":["Static Discharge","Turbo"],"picked":"Beam Cell","floor":14},{"not_picked":["Static Discharge+1","Conserve Battery+1","Barrage"],"picked":"SKIP","floor":18},{"not_picked":["Chill","Barrage+1","Ball Lightning"],"picked":"SKIP","floor":22},{"not_picked":["Loop","Rebound","Chaos"],"picked":"SKIP","floor":24},{"not_picked":["Multi-Cast","Compile Driver","Hologram"],"picked":"SKIP","floor":25},{"not_picked":["Conserve Battery+1","Chill","Stack"],"picked":"SKIP","floor":27},{"not_picked":["Rebound","Redo","Conserve Battery"],"picked":"SKIP","floor":28},{"not_picked":["Coolheaded+1","Storm"],"picked":"Beam Cell","floor":31},{"not_picked":["Electrodynamics","Rainbow"],"picked":"Seek","floor":33},{"not_picked":["Beam Cell","Leap"],"picked":"BootSequence+1","floor":35},{"not_picked":["Consume","Turbo"],"picked":"Auto Shields+1","floor":38},{"not_picked":["Chaos","Hologram+1"],"picked":"Go for the Eyes","floor":39},{"not_picked":["Defragment+1","Hologram","Compile Driver"],"picked":"SKIP","floor":41},{"not_picked":["Thunder Strike","Barrage+1"],"picked":"Skim","floor":46},{"not_picked":["Chaos+1","Static Discharge+1"],"picked":"Go for the Eyes","floor":48}],"player_experience":145991,"relics_obtained":[{"floor":9,"key":"Mercury Hourglass"},{"floor":24,"key":"Cables"},{"floor":26,"key":"Orichalcum"},{"floor":30,"key":"Kunai"},{"floor":31,"key":"Shovel"},{"floor":41,"key":"Letter Opener"},{"floor":43,"key":"Ancient Tea Set"},{"floor":45,"key":"Ornamental Fan"}],"event_choices":[{"event_name":"Scrap Ooze","player_choice":"success","floor":4,"damage_taken":3},{"event_name":"Shining Light","player_choice":"Entered Light","floor":8,"damage_taken":0},{"event_name":"Dead Adventurer","player_choice":"Searched \u00272\u0027 times","floor":11,"damage_taken":0},{"event_name":"Forgotten Altar","player_choice":"Shed Blood","floor":20,"damage_taken":0},{"event_name":"Beggar","player_choice":"Gave Gold","floor":21,"damage_taken":0},{"event_name":"Falling","player_choice":"Removed Skill","floor":36,"damage_taken":0},{"event_name":"Mysterious Sphere","player_choice":"Ignore","floor":37,"damage_taken":0}],"is_beta":false,"boss_relics":[{"not_picked":["Nuclear Battery","Philosopher\u0027s Stone"],"picked":"Lizard Tail"},{"not_picked":["Inserter","Black Star"],"picked":"Runic Pyramid"}],"items_purged_floors":[13],"is_endless":false,"potions_floor_spawned":[1,5,12,16,22,25,28,33,38,46,48],"ascension_level":5}