{"gold_per_floor":[119,129,49,63,75,105,118,118,165,165,165,165,199,81,81,160,160,177,195,205,120,132,144,156],"floor_reached":24,"playtime":1242,"items_purged":["Strike_G"],"score":418,"play_id":"dc8a54a1-5150-4835-b7ef-3cc276fa10b3","local_time":"20190813141739","is_ascension_mode":true,"campfire_choices":[{"floor":8,"key":"REST"},{"data":"Crippling Poison","floor":10,"key":"SMITH"},{"data":"Footwork","floor":15,"key":"SMITH"}],"neow_cost":"NONE","seed_source_timestamp":17874491770575,"circlet_count":0,"master_deck":["AscendersBane","Strike_G","Strike_G","Strike_G","Strike_G","Defend_G","Defend_G","Defend_G","Defend_G","Defend_G","Survivor","Neutralize","Cloak And Dagger","Crippling Poison+1","Skewer","Bouncing Flask","Deadly Poison","Flying Knee","PiercingWail","Deflect","Dodge and Roll","Footwork+1","Catalyst"],"relics":["Ring of the Snake","Vajra","Oddly Smooth Stone","Boot","Blue Candle","Sozu","MawBank"],"potions_floor_usage":[6,23],"damage_taken":[{"damage":0,"enemies":"Cultist","floor":1,"turns":5},{"damage":7,"enemies":"Jaw Worm","floor":2,"turns":4},{"damage":3,"enemies":"2 Louse","floor":4,"turns":3},{"damage":8,"enemies":"Looter","floor":5,"turns":3},{"damage":30,"enemies":"Lagavulin","floor":6,"turns":6},{"damage":9,"enemies":"Exordium Thugs","floor":7,"turns":4},{"damage":9,"enemies":"Gremlin Nob","floor":13,"turns":4},{"damage":5,"enemies":"Hexaghost","floor":16,"turns":10},{"damage":5,"enemies":"Chosen","floor":18,"turns":4},{"damage":2,"enemies":"Shell Parasite","floor":19,"turns":6},{"damage":18,"enemies":"Snecko","floor":20,"turns":6},{"damage":32,"enemies":"Book of Stabbing","floor":23,"turns":7},{"damage":17,"enemies":"Sentry and Sphere","floor":24,"turns":3}],"seed_played":"-5627251660218507483","potions_obtained":[{"floor":1,"key":"Regen Potion"},{"floor":4,"key":"SmokeBomb"},{"floor":7,"key":"SteroidPotion"}],"is_trial":false,"path_per_floor":["M","M","$","M","M","E","M","R","T","R","?","T","E","$","R","B",null,"M","M","M","?","?","E","M"],"character_chosen":"THE_SILENT","items_purchased":["Bouncing Flask","Footwork"],"campfire_rested":1,"item_purchase_floors":[3,14],"current_hp_per_floor":[59,52,52,49,41,26,17,36,36,36,36,36,27,27,27,22,55,50,48,30,30,43,11,0],"gold":156,"neow_bonus":"THREE_CARDS","is_prod":false,"is_daily":false,"chose_seed":false,"campfire_upgraded":2,"win_rate":0,"timestamp":1565698659,"path_taken":["M","M","$","M","M","E","M","R","T","R","?","?","E","$","R","BOSS","M","M","?","?","?","E","M"],"build_version":"2019-07-17","purchased_purges":1,"victory":false,"max_hp_per_floor":[66,66,66,66,66,66,66,66,66,66,66,66,66,66,66,66,66,66,66,66,66,66,66,66],"card_choices":[{"not_picked":["Slice","Acrobatics"],"picked":"Cloak And Dagger","floor":0},{"not_picked":["Dodge and Roll","Deflect"],"picked":"Crippling Poison","floor":1},{"not_picked":["Tactician","Sucker Punch"],"picked":"Skewer","floor":2},{"not_picked":["Blur","Prepared"],"picked":"Deadly Poison","floor":4},{"not_picked":["Sucker Punch","Predator"],"picked":"Flying Knee","floor":5},{"not_picked":["Envenom","Acrobatics"],"picked":"PiercingWail","floor":6},{"not_picked":["PiercingWail","Masterful Stab"],"picked":"Deflect","floor":7},{"not_picked":["Bullet Time","Acrobatics"],"picked":"Dodge and Roll","floor":13},{"not_picked":["Accuracy+1","Deadly Poison","Underhanded Strike"],"picked":"SKIP","floor":18},{"not_picked":["Well Laid Plans","Finisher"],"picked":"Catalyst","floor":19},{"not_picked":["Underhanded Strike","Crippling Poison","Bane+1"],"picked":"SKIP","floor":20}],"player_experience":864349,"relics_obtained":[{"floor":6,"key":"Vajra"},{"floor":9,"key":"Oddly Smooth Stone"},{"floor":12,"key":"Boot"},{"floor":13,"key":"Blue Candle"}],"event_choices":[{"damage_healed":0,"gold_gain":0,"player_choice":"Ignored","damage_taken":0,"max_hp_gain":0,"max_hp_loss":0,"event_name":"Golden Wing","floor":11,"gold_loss":0},{"damage_healed":0,"gold_gain":0,"player_choice":"Obtained Relic","damage_taken":0,"relics_obtained":["MawBank"],"max_hp_gain":0,"max_hp_loss":0,"event_name":"Addict","floor":21,"gold_loss":85},{"damage_healed":13,"gold_gain":0,"player_choice":"Heal","damage_taken":0,"max_hp_gain":0,"max_hp_loss":0,"event_name":"The Library","floor":22,"gold_loss":0}],"is_beta":false,"boss_relics":[{"not_picked":["Eternal Feather","WristBlade"],"picked":"Sozu"}],"items_purged_floors":[14],"is_endless":false,"potions_floor_spawned":[1,4,7,16,18],"killed_by":"Sentry and Sphere","ascension_level":17}