{"gold_per_floor":[117,117,29,44,59,59,17,17,44,58,91,108,128,142,142,221,221,236,254,254,281,281,281,281],"floor_reached":24,"playtime":961,"items_purged":[],"score":386,"play_id":"5c275838-6e88-4fe5-a29e-76b81a8ac14a","local_time":"20190413104127","is_ascension_mode":true,"campfire_choices":[{"data":"Defragment","floor":6,"key":"SMITH"},{"data":"Dualcast","floor":8,"key":"SMITH"},{"data":"Sunder","floor":15,"key":"SMITH"},{"floor":23,"key":"REST"}],"neow_cost":"NONE","seed_source_timestamp":445369417727000,"circlet_count":0,"master_deck":["AscendersBane","Strike_B","Strike_B","Strike_B","Strike_B","Defend_B","Defend_B","Defend_B","Defend_B","Zap","Dualcast+1","Streamline","Defragment+1","Glacier","Consume","Sunder+1","Glacier","Cold Snap","Echo Form","Loop","Coolheaded"],"relics":["Cracked Core","Blood Vial","Pocketwatch","Dream Catcher","Bag of Preparation","Fusion Hammer","Red Mask","Nilry\u0027s Codex"],"potions_floor_usage":[21,21],"damage_taken":[{"damage":1,"enemies":"Cultist","floor":1,"turns":3},{"damage":7,"enemies":"Jaw Worm","floor":4,"turns":3},{"damage":5,"enemies":"Small Slimes","floor":5,"turns":3},{"damage":2,"enemies":"3 Louse","floor":10,"turns":5},{"damage":6,"enemies":"Lagavulin","floor":11,"turns":6},{"damage":6,"enemies":"2 Fungi Beasts","floor":12,"turns":3},{"damage":0,"enemies":"Blue Slaver","floor":13,"turns":6},{"damage":0,"enemies":"Looter","floor":14,"turns":5},{"damage":6,"enemies":"Slime Boss","floor":16,"turns":8},{"damage":0,"enemies":"Chosen","floor":18,"turns":3},{"damage":0,"enemies":"3 Byrds","floor":19,"turns":5},{"damage":12,"enemies":"Masked Bandits","floor":21,"turns":4},{"damage":58,"enemies":"Book of Stabbing","floor":24,"turns":11}],"seed_played":"1120058195420354493","potions_obtained":[{"floor":5,"key":"SneckoOil"},{"floor":10,"key":"SpeedPotion"},{"floor":12,"key":"GamblersBrew"},{"floor":14,"key":"Regen Potion"},{"floor":19,"key":"Weak Potion"}],"is_trial":false,"path_per_floor":["M","T","$","M","M","R","$","R","T","M","E","M","M","M","R","B",null,"M","M","?","?","?","R","E"],"character_chosen":"DEFECT","items_purchased":["Defragment","Consume"],"campfire_rested":1,"item_purchase_floors":[3,7],"current_hp_per_floor":[65,65,65,60,57,57,57,57,57,57,53,49,51,53,53,49,66,68,70,50,52,31,53,0],"gold":281,"neow_bonus":"RANDOM_COMMON_RELIC","is_prod":false,"is_daily":false,"chose_seed":false,"campfire_upgraded":3,"win_rate":0,"timestamp":1555141287,"path_taken":["M","?","$","M","M","R","?","R","T","M","E","M","?","M","R","BOSS","M","?","?","?","?","R","E"],"build_version":"2019-01-23","purchased_purges":0,"victory":false,"max_hp_per_floor":[71,71,71,71,71,71,71,71,71,71,71,71,71,71,71,71,71,71,71,76,76,76,76,76],"card_choices":[{"not_picked":["Beam Cell","Rebound"],"picked":"Streamline","floor":1},{"not_picked":["Rip and Tear","Redo","Aggregate"],"picked":"SKIP","floor":4},{"not_picked":["Ball Lightning","Sweeping Beam"],"picked":"Glacier","floor":5},{"not_picked":["Beam Cell","Hologram"],"picked":"Sunder","floor":10},{"not_picked":["Tempest","Storm"],"picked":"Glacier","floor":11},{"not_picked":["Recycle","Genetic Algorithm","Consume"],"picked":"SKIP","floor":12},{"not_picked":["Chaos","Sunder"],"picked":"Cold Snap","floor":13},{"not_picked":["Recycle","Hologram","Rip and Tear"],"picked":"SKIP","floor":14},{"not_picked":["Multi-Cast","Core Surge"],"picked":"Echo Form","floor":16},{"not_picked":["Gash","Go for the Eyes"],"picked":"Loop","floor":18},{"not_picked":["Hologram","Steam","Compile Driver"],"picked":"SKIP","floor":19},{"not_picked":["Lockon","Sweeping Beam"],"picked":"Coolheaded","floor":21}],"player_experience":1155331,"relics_obtained":[{"floor":2,"key":"Pocketwatch"},{"floor":9,"key":"Dream Catcher"},{"floor":11,"key":"Bag of Preparation"},{"floor":21,"key":"Red Mask"},{"floor":22,"key":"Nilry\u0027s Codex"}],"event_choices":[{"damage_healed":0,"gold_gain":0,"player_choice":"Shed Blood","damage_taken":25,"max_hp_gain":5,"max_hp_loss":0,"event_name":"Forgotten Altar","floor":20,"gold_loss":0},{"damage_healed":0,"gold_gain":0,"player_choice":"Fought Bandits","damage_taken":0,"max_hp_gain":0,"max_hp_loss":0,"event_name":"Masked Bandits","floor":21,"gold_loss":0},{"damage_healed":0,"gold_gain":0,"player_choice":"Obtained Book","damage_taken":21,"max_hp_gain":0,"max_hp_loss":0,"event_name":"Cursed Tome","floor":22,"gold_loss":0}],"is_beta":false,"boss_relics":[{"not_picked":["Ectoplasm","Pandora\u0027s Box"],"picked":"Fusion Hammer"}],"items_purged_floors":[],"is_endless":false,"potions_floor_spawned":[5,10,12,14,19],"killed_by":"Book of Stabbing","ascension_level":19}