{"gold_per_floor":[115,115,65,83,96,96,126,126,177,201,201,51,86,111,111,207,207,226,241,262,50,50,50,88,88,88,88,113,137,151,151,151,151],"floor_reached":33,"playtime":1471,"items_purged":[],"score":457,"play_id":"c647c3d9-4386-4001-ae9a-8b66a66567e0","local_time":"20190916005835","is_ascension_mode":true,"campfire_choices":[{"data":"Undo","floor":6.0,"key":"SMITH"},{"floor":11.0,"key":"REST"},{"floor":15.0,"key":"REST"},{"floor":23.0,"key":"REST"},{"data":"Seek","floor":25.0,"key":"SMITH"},{"data":"Biased Cognition","floor":27.0,"key":"SMITH"},{"floor":32,"key":"REST"}],"neow_cost":"NONE","seed_source_timestamp":169477642400900,"circlet_count":0,"master_deck":["AscendersBane","Defend_B","Defend_B","Defend_B","Defend_B","Zap","Dualcast","Genetic Algorithm","Gash+1","Undo+1","Ball Lightning+1","Steam","Ball Lightning","Seek+1","Amplify","Gash","Bandage Up","BootSequence","Steam","Blizzard","Biased Cognition+1","Scrape"],"special_seed":0,"relics":["Cracked Core","NeowsBlessing","Vajra","Golden Idol","Potion Belt","Whetstone","Regal Pillow","Busted Crown","Pocketwatch","Orichalcum"],"potions_floor_usage":[33,33],"damage_taken":[{"damage":0.0,"enemies":"Jaw Worm","floor":1.0,"turns":1.0},{"damage":0.0,"enemies":"Cultist","floor":4.0,"turns":1.0},{"damage":0.0,"enemies":"2 Louse","floor":5.0,"turns":1.0},{"damage":35.0,"enemies":"3 Sentries","floor":7.0,"turns":12.0},{"damage":0.0,"enemies":"Exordium Thugs","floor":10.0,"turns":4.0},{"damage":18.0,"enemies":"Gremlin Nob","floor":13.0,"turns":3.0},{"damage":0.0,"enemies":"Looter","floor":14.0,"turns":3.0},{"damage":30.0,"enemies":"Hexaghost","floor":16.0,"turns":10.0},{"damage":9.0,"enemies":"Shell Parasite","floor":18.0,"turns":6.0},{"damage":0.0,"enemies":"Chosen","floor":19.0,"turns":4.0},{"damage":35.0,"enemies":"Shelled Parasite and Fungi","floor":20.0,"turns":6.0},{"damage":20.0,"enemies":"Book of Stabbing","floor":24.0,"turns":5.0},{"damage":8.0,"enemies":"Cultist and Chosen","floor":28.0,"turns":6.0},{"damage":5.0,"enemies":"Centurion and Healer","floor":29.0,"turns":7.0},{"damage":10.0,"enemies":"Snecko","floor":30.0,"turns":6.0},{"damage":1,"enemies":"Colosseum Slavers","floor":31,"turns":4},{"damage":78,"enemies":"Automaton","floor":33,"turns":10}],"seed_played":"-725552108538770036","potions_obtained":[{"floor":1.0,"key":"Swift Potion"},{"floor":7.0,"key":"AttackPotion"},{"floor":13.0,"key":"Strength Potion"},{"floor":14.0,"key":"Weak Potion"},{"floor":18.0,"key":"SpeedPotion"},{"floor":24.0,"key":"Fruit Juice"},{"floor":29.0,"key":"Strength Potion"}],"is_trial":false,"path_per_floor":["M","?","?","M","M","R","E","?","T","M","R","$","E","M","R","B",null,"M","M","M","$","?","R","E","R","T","R","M","M","M","?","R","B"],"character_chosen":"DEFECT","items_purchased":["Whetstone","Bandage Up","BootSequence","Steam"],"campfire_rested":4,"item_purchase_floors":[12,21,21,21],"current_hp_per_floor":[68,61,61,61,61,61,26,26,26,26,46,46,28,28,63,33,60,51,51,16,16,16,51,35,35,35,35,36,35,25,28,65,0],"gold":151,"neow_bonus":"THREE_ENEMY_KILL","is_prod":false,"is_daily":false,"chose_seed":false,"campfire_upgraded":3,"win_rate":0,"timestamp":1568563115,"path_taken":["M","?","?","?","?","R","E","?","T","M","R","?","E","M","R","BOSS","M","M","M","$","?","R","E","R","T","R","M","M","M","?","R","BOSS"],"build_version":"2019-07-17","purchased_purges":0,"victory":false,"max_hp_per_floor":[75,75,75,75,75,75,75,69,69,69,69,69,69,69,69,69,69,69,69,69,69,69,69,69,69,69,69,74,74,74,74,74,74],"card_choices":[{"not_picked":["Tempest","Hologram"],"picked":"Genetic Algorithm","floor":1.0},{"not_picked":["Skim","FTL"],"picked":"Gash","floor":4.0},{"not_picked":["Chill","FTL"],"picked":"Undo","floor":5.0},{"not_picked":["Sunder","Coolheaded"],"picked":"Ball Lightning","floor":7.0},{"not_picked":["Streamline","Fusion"],"picked":"Steam","floor":10.0},{"not_picked":["Beam Cell","Melter"],"picked":"Ball Lightning","floor":13.0},{"not_picked":["Coolheaded","Scrape"],"picked":"Seek","floor":14.0},{"not_picked":["Multi-Cast","Rainbow"],"picked":"Amplify","floor":16.0},{"not_picked":["Doom and Gloom"],"picked":"SKIP","floor":18.0},{"not_picked":[],"picked":"Gash","floor":19.0},{"not_picked":["Compile Driver"],"picked":"SKIP","floor":20.0},{"not_picked":["Fusion"],"picked":"SKIP","floor":24.0},{"not_picked":["Reinforced Body"],"picked":"SKIP","floor":28.0},{"not_picked":[],"picked":"Scrape","floor":29.0},{"not_picked":["Consume"],"picked":"SKIP","floor":30.0}],"player_experience":336857,"relics_obtained":[{"floor":7.0,"key":"Vajra"},{"floor":9.0,"key":"Potion Belt"},{"floor":13.0,"key":"Regal Pillow"},{"floor":24.0,"key":"Pocketwatch"},{"floor":26.0,"key":"Orichalcum"}],"event_choices":[{"cards_removed":["Strike_B"],"damage_healed":0.0,"max_hp_gain":0.0,"max_hp_loss":0.0,"gold_gain":0.0,"event_name":"Golden Wing","player_choice":"Card Removal","floor":2.0,"gold_loss":0.0,"damage_taken":7.0},{"cards_removed":["Strike_B"],"damage_healed":0.0,"max_hp_gain":0.0,"max_hp_loss":0.0,"gold_gain":0.0,"event_name":"The Cleric","player_choice":"Card Removal","floor":3.0,"gold_loss":50.0,"damage_taken":0.0},{"damage_healed":0.0,"max_hp_gain":0.0,"max_hp_loss":6.0,"gold_gain":0.0,"event_name":"Golden Idol","player_choice":"Lose Max HP","floor":8.0,"gold_loss":0.0,"damage_taken":0.0,"relics_obtained":["Golden Idol"]},{"damage_healed":0.0,"max_hp_gain":0.0,"max_hp_loss":0.0,"gold_gain":0.0,"cards_transformed":["Strike_B","Strike_B"],"event_name":"Drug Dealer","player_choice":"Became Test Subject","floor":22.0,"gold_loss":0.0,"damage_taken":0.0,"cards_obtained":["Blizzard","Biased Cognition"]},{"damage_healed":0,"gold_gain":0,"player_choice":"Fight","damage_taken":0,"max_hp_gain":0,"max_hp_loss":0,"event_name":"Colosseum","floor":31,"gold_loss":0},{"damage_healed":0,"gold_gain":0,"player_choice":"Fled From Nobs","damage_taken":0,"max_hp_gain":0,"max_hp_loss":0,"event_name":"Colosseum","floor":31,"gold_loss":0}],"is_beta":false,"boss_relics":[{"not_picked":["Orrery","Cursed Key"],"picked":"Busted Crown"}],"items_purged_floors":[],"is_endless":false,"potions_floor_spawned":[1,7,13,14,18,24,29,31],"killed_by":"Automaton","ascension_level":13}