{"gold_per_floor":[117,134,134,148,148,148,174,174,197,214,243,243,278,288,288,365,365,381,381,398,61,61,61,80,80,107,107,136,136,153,153,153,227,227,240,240,253,264,278,278,313,313,313,313,323,323,323,353,353,353,353,353,353,11,38,38],"floor_reached":56,"playtime":4632,"items_purged":["Pain"],"score":1961,"play_id":"a64802bd-ff0c-4fcf-bd9f-f7024a0e9de6","local_time":"20190330115833","is_ascension_mode":true,"campfire_choices":[{"data":"Bash","floor":6,"key":"SMITH"},{"data":"Iron Wave","floor":8,"key":"SMITH"},{"data":"Body Slam","floor":12,"key":"SMITH"},{"data":"Spot Weakness","floor":15,"key":"SMITH"},{"data":"Mayhem","floor":23,"key":"SMITH"},{"data":"Juggernaut","floor":25,"key":"SMITH"},{"floor":27,"key":"REST"},{"data":"Corruption","floor":29,"key":"SMITH"},{"floor":32,"key":"REST"},{"data":"Body Slam","floor":40,"key":"SMITH"},{"data":"Dark Embrace","floor":42,"key":"SMITH"},{"data":"Master of Strategy","floor":44,"key":"SMITH"},{"floor":49,"key":"RECALL"},{"data":"Feel No Pain","floor":53,"key":"SMITH"}],"neow_cost":"NONE","seed_source_timestamp":1037856043226100,"circlet_count":0,"master_deck":["AscendersBane","Bash+1","Headbutt+1","Iron Wave+1","Twin Strike","Body Slam+1","Shrug It Off","Feel No Pain+1","Spot Weakness+1","Juggernaut+1","Second Wind+1","Mayhem+1","Flame Barrier","Shrug It Off","Corruption+1","Feed","Body Slam+1","Impervious","Body Slam+1","Reckless Charge","Second Wind","Impervious","Wild Strike","Flame Barrier","Clothesline","Intimidate","Master of Strategy+1","Panache","Secret Technique","Ghostly Armor+1","Dual Wield+1","Dark Embrace+1","Feel No Pain","Shrug It Off+1"],"relics":["Burning Blood","Anchor","Boot","Red Skull","Pen Nib","Eternal Feather","WarpedTongs","Nloth\u0027s Gift","Regal Pillow","Lantern","Pandora\u0027s Box","Whetstone","Ancient Tea Set","Medical Kit","Blood Vial"],"potions_floor_usage":[7,11,24,28,39,41,56,56],"damage_taken":[{"damage":0,"enemies":"2 Louse","floor":1,"turns":4},{"damage":9,"enemies":"Jaw Worm","floor":2,"turns":3},{"damage":2,"enemies":"Cultist","floor":4,"turns":4},{"damage":15,"enemies":"3 Sentries","floor":7,"turns":8},{"damage":4,"enemies":"Red Slaver","floor":10,"turns":4},{"damage":8,"enemies":"Gremlin Nob","floor":11,"turns":3},{"damage":11,"enemies":"3 Sentries","floor":13,"turns":8},{"damage":0,"enemies":"Blue Slaver","floor":14,"turns":4},{"damage":55,"enemies":"The Guardian","floor":16,"turns":12},{"damage":13,"enemies":"Chosen","floor":18,"turns":5},{"damage":34,"enemies":"3 Byrds","floor":20,"turns":8},{"damage":24,"enemies":"Shelled Parasite and Fungi","floor":24,"turns":6},{"damage":83,"enemies":"Gremlin Leader","floor":28,"turns":7},{"damage":0,"enemies":"Centurion and Healer","floor":30,"turns":4},{"damage":35,"enemies":"Champ","floor":33,"turns":8},{"damage":1,"enemies":"3 Shapes","floor":35,"turns":7},{"damage":5,"enemies":"3 Darklings","floor":37,"turns":3},{"damage":23,"enemies":"4 Shapes","floor":38,"turns":8},{"damage":42,"enemies":"Spire Growth","floor":39,"turns":6},{"damage":36,"enemies":"Giant Head","floor":41,"turns":6},{"damage":0,"enemies":"3 Darklings","floor":45,"turns":3},{"damage":0,"enemies":"Reptomancer","floor":48,"turns":2},{"damage":3,"enemies":"Donu and Deca","floor":50,"turns":6},{"damage":88,"enemies":"Awakened One","floor":51,"turns":6},{"damage":39,"enemies":"Shield and Spear","floor":55,"turns":4},{"damage":64,"enemies":"The Heart","floor":56,"turns":9}],"seed_played":"1269256594463631983","potions_obtained":[{"floor":1,"key":"Explosive Potion"},{"floor":4,"key":"Strength Potion"},{"floor":7,"key":"FearPotion"},{"floor":11,"key":"GamblersBrew"},{"floor":20,"key":"Weak Potion"},{"floor":24,"key":"Regen Potion"},{"floor":38,"key":"BloodPotion"},{"floor":48,"key":"EssenceOfSteel"}],"is_trial":false,"path_per_floor":["M","M","?","M","?","R","E","R","T","M","E","R","E","M","R","B",null,"M","?","M","$","?","R","M","R","T","R","E","R","M","?","R","B",null,"M","?","M","M","M","R","E","R","T","R","M","?","$","E","R","B","B",null,"R","$","E","B"],"character_chosen":"IRONCLAD","items_purchased":["Mayhem","Flame Barrier","Medical Kit","Feel No Pain","LiquidBronze"],"campfire_rested":2,"item_purchase_floors":[21,21,54,54,54],"current_hp_per_floor":[74,71,71,75,68,68,59,59,59,61,59,59,61,67,67,18,66,59,59,31,31,31,43,25,37,37,82,14,26,32,32,82,53,75,83,73,77,63,36,54,24,42,42,60,69,69,69,75,93,94,12,74,92,92,62,0],"gold":38,"neow_bonus":"RANDOM_COMMON_RELIC","is_prod":false,"is_daily":false,"chose_seed":false,"campfire_upgraded":11,"win_rate":0,"timestamp":1553936313,"path_taken":["M","M","?","M","?","R","E","R","T","M","E","R","E","M","R","BOSS","M","?","?","?","?","R","?","R","T","R","E","R","?","?","R","BOSS","M","?","M","M","M","R","E","R","T","R","M","?","$","E","R","BOSS","BOSS","R","$","E","BOSS"],"build_version":"2019-01-23","purchased_purges":1,"victory":false,"max_hp_per_floor":[75,75,75,75,75,75,75,75,75,75,75,75,82,82,82,82,82,82,82,82,82,82,82,82,82,82,82,82,82,82,82,82,82,82,85,85,88,91,91,91,91,91,91,91,94,94,94,94,94,94,94,94,94,94,97,97],"card_choices":[{"not_picked":["Rupture","Dual Wield"],"picked":"Headbutt","floor":1},{"not_picked":["Rupture","Cleave"],"picked":"Iron Wave","floor":2},{"not_picked":["Flex","Ghostly Armor"],"picked":"Twin Strike","floor":4},{"not_picked":["Fire Breathing","Rampage","Wild Strike"],"picked":"SKIP","floor":7},{"not_picked":["Armaments","Blood for Blood"],"picked":"Body Slam","floor":10},{"not_picked":["Havoc","Flex"],"picked":"Shrug It Off","floor":11},{"not_picked":["Rupture","Sword Boomerang"],"picked":"Feel No Pain","floor":13},{"not_picked":["Fire Breathing","Pommel Strike"],"picked":"Spot Weakness","floor":14},{"not_picked":["Limit Break","Berserk"],"picked":"Juggernaut","floor":16},{"not_picked":["Sentinel","Anger+1","Hemokinesis"],"picked":"SKIP","floor":18},{"not_picked":["Shockwave","Infernal Blade"],"picked":"Second Wind+1","floor":20},{"not_picked":["Thunderclap","Pommel Strike"],"picked":"Shrug It Off","floor":24},{"not_picked":["Power Through","Pummel"],"picked":"Corruption","floor":28},{"not_picked":["Sword Boomerang+1","Cleave"],"picked":"Feed","floor":30},{"not_picked":["Feed","Limit Break"],"picked":"Impervious","floor":33},{"not_picked":["Pommel Strike","Thunderclap","Cleave"],"picked":"SKIP","floor":35},{"not_picked":["Deep Breath","Finesse"],"picked":"Master of Strategy","floor":36},{"not_picked":["Blind","Bandage Up"],"picked":"Panache","floor":36},{"not_picked":["Enlightenment","Transmutation"],"picked":"Secret Technique","floor":36},{"not_picked":["Heavy Blade","Corruption"],"picked":"Ghostly Armor+1","floor":37},{"not_picked":["Shrug It Off+1","Armaments"],"picked":"Dual Wield+1","floor":38},{"not_picked":["Rage+1","Clash+1","Armaments"],"picked":"SKIP","floor":39},{"not_picked":["Double Tap","Shrug It Off"],"picked":"Dark Embrace","floor":41},{"not_picked":["Sword Boomerang","Uppercut","Pommel Strike"],"picked":"SKIP","floor":45},{"not_picked":["Iron Wave","Heavy Blade","Clash"],"picked":"SKIP","floor":48},{"not_picked":["Body Slam+1","Armaments+1"],"picked":"Shrug It Off+1","floor":55}],"player_experience":1063840,"relics_obtained":[{"floor":7,"key":"Boot"},{"floor":9,"key":"Red Skull"},{"floor":11,"key":"Pen Nib"},{"floor":13,"key":"Strawberry"},{"floor":26,"key":"Regal Pillow"},{"floor":28,"key":"Lantern"},{"floor":41,"key":"Whetstone"},{"floor":48,"key":"Ancient Tea Set"},{"floor":55,"key":"Blood Vial"}],"event_choices":[{"damage_healed":0,"gold_gain":0,"player_choice":"Ignored","damage_taken":0,"max_hp_gain":0,"max_hp_loss":0,"event_name":"Liars Game","floor":3,"gold_loss":0},{"cards_removed":["Strike_R"],"damage_healed":0,"gold_gain":0,"player_choice":"Card Removal","damage_taken":7,"max_hp_gain":0,"max_hp_loss":0,"event_name":"Golden Wing","floor":5,"gold_loss":0},{"damage_healed":0,"gold_gain":0,"player_choice":"Rummage","damage_taken":0,"relics_obtained":["WarpedTongs"],"max_hp_gain":0,"max_hp_loss":0,"event_name":"Accursed Blacksmith","floor":19,"gold_loss":0,"cards_obtained":["Pain"]},{"damage_healed":0,"gold_gain":0,"player_choice":"Traded Relic","damage_taken":0,"relics_obtained":["Nloth\u0027s Gift"],"max_hp_gain":0,"max_hp_loss":0,"event_name":"N\u0027loth","floor":22,"relics_lost":["Strawberry"],"gold_loss":0},{"damage_healed":0,"gold_gain":0,"player_choice":"Read","damage_taken":0,"max_hp_gain":0,"max_hp_loss":0,"event_name":"The Library","floor":31,"gold_loss":0,"cards_obtained":["Body Slam"]},{"damage_healed":0,"gold_gain":0,"player_choice":"Memory 3","damage_taken":10,"max_hp_gain":0,"max_hp_loss":0,"event_name":"SensoryStone","floor":36,"gold_loss":0},{"damage_healed":0,"gold_gain":0,"player_choice":"Ignored","damage_taken":0,"max_hp_gain":0,"max_hp_loss":0,"event_name":"Tomb of Lord Red Mask","floor":46,"gold_loss":0}],"is_beta":false,"boss_relics":[{"not_picked":["Runic Cube","Ectoplasm"],"picked":"Eternal Feather"},{"not_picked":["Empty Cage","Tiny House"],"picked":"Pandora\u0027s Box"}],"items_purged_floors":[21],"is_endless":false,"potions_floor_spawned":[1,4,7,11,20,24,38,48,55],"killed_by":"The Heart","ascension_level":20}