{"gold_per_floor":[114,127,143,163,438,438,463,463,488,507,507],"floor_reached":11,"playtime":286,"items_purged":[],"score":75,"play_id":"64e00339-f998-431f-b2be-988e7979046f","local_time":"20181022200810","is_ascension_mode":false,"campfire_choices":[{"data":"Go for the Eyes","floor":6,"key":"SMITH"}],"neow_cost":"NONE","seed_source_timestamp":931151692238460,"circlet_count":0,"master_deck":["Strike_B","Strike_B","Strike_B","Strike_B","Defend_B","Defend_B","Defend_B","Defend_B","Zap","Dualcast","Ball Lightning","Ball Lightning","Go for the Eyes+1","Double Energy","Biased Cognition"],"relics":["Cracked Core","NeowsBlessing","Bag of Marbles","Bronze Scales"],"potions_floor_usage":[],"damage_taken":[{"damage":0,"enemies":"Cultist","floor":1,"turns":1},{"damage":0,"enemies":"2 Louse","floor":2,"turns":1},{"damage":0,"enemies":"Small Slimes","floor":3,"turns":1},{"damage":7,"enemies":"Looter","floor":4,"turns":3},{"damage":45,"enemies":"3 Sentries","floor":7,"turns":7},{"damage":0,"enemies":"2 Fungi Beasts","floor":10,"turns":3},{"damage":17,"enemies":"Gremlin Gang","floor":11,"turns":1}],"seed_played":"-8560343347967682952","potions_obtained":[{"floor":7,"key":"Swift Potion"},{"floor":10,"key":"AttackPotion"}],"is_trial":false,"path_per_floor":["M","M","M","M","?","R","E","?","T","M"],"character_chosen":"DEFECT","items_purchased":[],"campfire_rested":0,"item_purchase_floors":[],"current_hp_per_floor":[75,75,75,68,68,68,23,16,16,16,0],"gold":507,"neow_bonus":"THREE_ENEMY_KILL","is_prod":false,"is_daily":false,"chose_seed":false,"campfire_upgraded":1,"win_rate":0,"timestamp":1540206490,"path_taken":["M","M","M","?","?","R","E","?","T","M","M"],"build_version":"2018-10-18","purchased_purges":0,"victory":false,"max_hp_per_floor":[75,75,75,75,75,75,75,75,75,75,75],"card_choices":[{"not_picked":["Redo","Blizzard"],"picked":"Ball Lightning","floor":1},{"not_picked":["Consume","Go for the Eyes"],"picked":"Ball Lightning","floor":2},{"not_picked":["Sweeping Beam","Beam Cell"],"picked":"Go for the Eyes","floor":3},{"not_picked":["Darkness","Chaos","Redo"],"picked":"SKIP","floor":4},{"not_picked":["Steam Power","Leap"],"picked":"Double Energy","floor":7},{"not_picked":["Barrage","Rebound"],"picked":"Biased Cognition","floor":10}],"player_experience":266139,"relics_obtained":[{"floor":7,"key":"Bag of Marbles"},{"floor":9,"key":"Bronze Scales"}],"event_choices":[{"damage_healed":0,"gold_gain":275,"player_choice":"Desecrate","damage_taken":0,"max_hp_gain":0,"max_hp_loss":0,"event_name":"Golden Shrine","floor":5,"gold_loss":0,"cards_obtained":["Regret"]},{"cards_removed":["Regret"],"damage_healed":0,"gold_gain":0,"player_choice":"Card Removal","damage_taken":7,"max_hp_gain":0,"max_hp_loss":0,"event_name":"Golden Wing","floor":8,"gold_loss":0}],"is_beta":false,"boss_relics":[],"items_purged_floors":[],"is_endless":false,"potions_floor_spawned":[7,10],"killed_by":"Gremlin Gang","ascension_level":0}