{"gold_per_floor":[118,118,138,2,14,42,62,62,62,62],"floor_reached":10,"playtime":344,"items_purged":[],"score":136,"play_id":"d763f6ea-225b-4737-9d59-6e59423d8c71","local_time":"20191007113432","is_ascension_mode":true,"campfire_choices":[{"floor":8,"key":"REST"}],"neow_cost":"NONE","seed_source_timestamp":904207661631200,"circlet_count":0,"master_deck":["AscendersBane","Strike_R","Strike_R","Strike_R+1","Strike_R","Strike_R","Defend_R","Defend_R","Defend_R","Defend_R+1","Bash","Heavy Blade","Anger","Burning Pact","Shrug It Off","Spot Weakness"],"relics":["Burning Blood","NeowsBlessing","Bottled Flame"],"potions_floor_usage":[6,10],"damage_taken":[{"damage":0,"enemies":"Small Slimes","floor":1,"turns":1},{"damage":0,"enemies":"2 Louse","floor":3,"turns":1},{"damage":0,"enemies":"Cultist","floor":5,"turns":1},{"damage":21,"enemies":"3 Sentries","floor":6,"turns":10},{"damage":32,"enemies":"Gremlin Gang","floor":7,"turns":6},{"damage":61,"enemies":"Lagavulin","floor":10,"turns":7}],"seed_played":"-764079874062903920","potions_obtained":[{"floor":3,"key":"Weak Potion"}],"is_trial":false,"path_per_floor":["M","?","M","$","M","E","M","R","T","E"],"character_chosen":"IRONCLAD","items_purchased":["Burning Pact","SteroidPotion"],"campfire_rested":1,"item_purchase_floors":[4,4],"current_hp_per_floor":[74,51,57,57,63,48,22,44,44,0],"gold":62,"neow_bonus":"THREE_ENEMY_KILL","is_prod":false,"is_daily":false,"chose_seed":false,"campfire_upgraded":0,"win_rate":0,"timestamp":1570437272,"path_taken":["M","?","M","$","M","E","M","R","T","E"],"build_version":"2019-07-17","purchased_purges":0,"victory":false,"max_hp_per_floor":[75,75,75,75,75,75,75,75,75,75],"card_choices":[{"not_picked":["Clash","Dropkick"],"picked":"Heavy Blade","floor":1},{"not_picked":["Infernal Blade","Clash"],"picked":"Anger","floor":3},{"not_picked":["Second Wind","Armaments"],"picked":"Shrug It Off","floor":5},{"not_picked":["Pummel","Twin Strike","Rampage"],"picked":"SKIP","floor":6},{"not_picked":["Inflame","True Grit"],"picked":"Spot Weakness","floor":7}],"player_experience":1350284,"relics_obtained":[{"floor":6,"key":"Bottled Flame"}],"event_choices":[{"damage_healed":0,"gold_gain":0,"player_choice":"Entered Light","damage_taken":23,"max_hp_gain":0,"max_hp_loss":0,"event_name":"Shining Light","floor":2,"gold_loss":0,"cards_upgraded":["Strike_R","Defend_R"]}],"is_beta":false,"boss_relics":[],"items_purged_floors":[],"is_endless":false,"potions_floor_spawned":[3],"killed_by":"Lagavulin","ascension_level":20}