{"gold_per_floor":[118,43,193,193,268,296,296,12,12,31,31,64,64,80,80,152,152,170,170,170,183,94,94,106,121,198,14,39,39,51,51,51,126,126,139,139,139,14,25,25,52,52,131,131,147,176,256,285,285,285,285,285,285,8,41,41],"floor_reached":56,"playtime":3597,"items_purged":["Strike_G","Writhe","Strike_G"],"score":2189,"play_id":"365be35f-7fc6-41b0-b1ac-a6a622475394","local_time":"20190418120513","is_ascension_mode":true,"campfire_choices":[{"data":"Neutralize","floor":7.0,"key":"SMITH"},{"data":"Noxious Fumes","floor":11.0,"key":"SMITH"},{"floor":13.0,"key":"REST"},{"data":"Survivor","floor":15.0,"key":"SMITH"},{"floor":23,"key":"REST"},{"floor":32,"key":"REST"},{"floor":40,"key":"RECALL"},{"data":"Strike_G","floor":49,"key":"PURGE"},{"data":"Strike_G","floor":53,"key":"PURGE"}],"neow_cost":"NONE","seed_source_timestamp":879696373510500,"circlet_count":0,"master_deck":["AscendersBane","Defend_G","Defend_G","Defend_G","Defend_G","Defend_G","Survivor+1","Neutralize+1","Cloak And Dagger","Deadly Poison+1","Noxious Fumes+1","Backflip+1","Burst+1","Burst+1","Dodge and Roll+1","Blur+1","Backflip+1","Deadly Poison+1","Venomology+1","Blur+1","Crippling Poison+1","Escape Plan+1","Malaise+1","Bouncing Flask+1","PiercingWail+1","Finesse+1","Panacea+1","Escape Plan+1"],"special_seed":0,"relics":["Ring of the Snake","NeowsBlessing","Toxic Egg 2","TwistedFunnel","Pear","Bag of Preparation","Orrery","Nilry\u0027s Codex","Turnip","Pen Nib","Fusion Hammer","Art of War","Molten Egg 2","Peace Pipe","Gremlin Horn","FossilizedHelix","Letter Opener","Vajra"],"potions_floor_usage":[24,25,28,28,28,28,28,30,33,41,45,46,46,46,50,51,55,55,56],"damage_taken":[{"damage":0.0,"enemies":"Cultist","floor":1.0,"turns":1.0},{"damage":0.0,"enemies":"Lagavulin","floor":6.0,"turns":1.0},{"damage":0.0,"enemies":"2 Louse","floor":10.0,"turns":1.0},{"damage":45.0,"enemies":"Gremlin Nob","floor":12.0,"turns":5.0},{"damage":0.0,"enemies":"Small Slimes","floor":14.0,"turns":2.0},{"damage":5.0,"enemies":"The Guardian","floor":16.0,"turns":8.0},{"damage":0.0,"enemies":"Shell Parasite","floor":18.0,"turns":6.0},{"damage":12,"enemies":"3 Byrds","floor":21,"turns":4},{"damage":0,"enemies":"Snecko","floor":24,"turns":8},{"damage":0,"enemies":"Chosen and Byrds","floor":25,"turns":4},{"damage":3,"enemies":"Slavers","floor":28,"turns":6},{"damage":1,"enemies":"Centurion and Healer","floor":30,"turns":5},{"damage":1,"enemies":"Champ","floor":33,"turns":14},{"damage":0,"enemies":"Orb Walker","floor":35,"turns":4},{"damage":0,"enemies":"3 Darklings","floor":39,"turns":4},{"damage":5,"enemies":"Nemesis","floor":41,"turns":9},{"damage":0,"enemies":"Sphere and 2 Shapes","floor":45,"turns":6},{"damage":36,"enemies":"Reptomancer","floor":46,"turns":11},{"damage":3,"enemies":"Giant Head","floor":48,"turns":6},{"damage":0,"enemies":"Donu and Deca","floor":50,"turns":12},{"damage":0,"enemies":"Time Eater","floor":51,"turns":16},{"damage":22,"enemies":"Shield and Spear","floor":55,"turns":8},{"damage":51,"enemies":"The Heart","floor":56,"turns":8}],"seed_played":"4350385199651265717","potions_obtained":[{"floor":1.0,"key":"Dexterity Potion"},{"floor":12.0,"key":"AttackPotion"},{"floor":16.0,"key":"Poison Potion"},{"floor":28,"key":"Block Potion"},{"floor":41,"key":"Regen Potion"},{"floor":45,"key":"Regen Potion"},{"floor":46,"key":"Block Potion"},{"floor":48,"key":"EssenceOfSteel"}],"is_trial":false,"path_per_floor":["M","$","?","?","?","E","R","$","T","M","R","E","R","M","R","B",null,"M","?","?","M","$","R","M","M","T","$","E","?","M","$","R","B",null,"M","?","?","$","M","R","E","?","T","?","M","E","T","E","R","B","B",null,"R","$","E","B"],"character_chosen":"THE_SILENT","items_purchased":["TwistedFunnel","Noxious Fumes","Blur+1","Escape Plan+1","Letter Opener"],"campfire_rested":3,"item_purchase_floors":[8,8,22,27,54],"current_hp_per_floor":[59,59,59,59,48,48,48,48,58,58,58,13,35,35,35,30,65,65,44,44,32,32,54,54,54,54,54,51,29,28,28,52,51,74,74,74,74,74,74,74,69,69,69,59,74,53,53,50,50,50,50,70,70,70,48,0],"gold":41,"neow_bonus":"THREE_ENEMY_KILL","is_prod":false,"is_daily":false,"chose_seed":false,"campfire_upgraded":3,"win_rate":0,"timestamp":1555578313,"path_taken":["M","$","?","?","?","E","R","?","T","M","R","E","R","M","R","BOSS","M","?","?","M","?","R","M","?","T","$","E","?","M","?","R","BOSS","M","?","?","?","M","R","E","?","T","?","M","E","?","E","R","BOSS","BOSS","R","$","E","BOSS"],"build_version":"2019-01-23","purchased_purges":3,"victory":false,"max_hp_per_floor":[66,66,66,66,66,66,66,66,76,76,76,76,76,76,76,76,76,76,76,76,76,76,76,76,76,76,76,76,81,81,81,81,81,81,81,77,77,77,77,77,77,77,77,77,77,77,77,77,77,77,77,77,77,77,77,77],"card_choices":[{"not_picked":["Concentrate","Distraction"],"picked":"Cloak And Dagger","floor":1.0},{"not_picked":["Poisoned Stab","Masterful Stab"],"picked":"Deadly Poison","floor":6.0},{"not_picked":["Blade Dance+1","Setup+1"],"picked":"Backflip+1","floor":10.0},{"not_picked":["Cloak And Dagger+1","Acrobatics+1","All Out Attack"],"picked":"SKIP","floor":12.0},{"not_picked":["PiercingWail+1","Crippling Poison+1"],"picked":"Burst+1","floor":14.0},{"not_picked":["Phantasmal Killer+1","Doppelganger+1"],"picked":"Burst+1","floor":16.0},{"not_picked":["Outmaneuver+1","Slice"],"picked":"Dodge and Roll+1","floor":17.0},{"not_picked":["Quick Slash","Sucker Punch"],"picked":"Blur+1","floor":17.0},{"not_picked":["Concentrate+1","Cloak And Dagger+1"],"picked":"Backflip+1","floor":17.0},{"not_picked":["Sucker Punch","Doppelganger+1"],"picked":"Deadly Poison+1","floor":17.0},{"not_picked":["Cloak And Dagger+1","Quick Slash+1","Backflip+1"],"picked":"SKIP","floor":18.0},{"not_picked":["Deadly Poison+1","Slice"],"picked":"Venomology+1","floor":21},{"not_picked":["Outmaneuver+1","Deadly Poison+1"],"picked":"Crippling Poison+1","floor":24},{"not_picked":["Slice","Expertise+1","Dagger Spray+1"],"picked":"SKIP","floor":25},{"not_picked":["Quick Slash","Blade Dance+1","Bane"],"picked":"SKIP","floor":28},{"not_picked":["Accuracy","Slice","Blade Dance+1"],"picked":"SKIP","floor":30},{"not_picked":["Burst+1","Wraith Form v2"],"picked":"Malaise+1","floor":33},{"not_picked":["Blade Dance+1","Accuracy","Bane+1"],"picked":"SKIP","floor":35},{"not_picked":["Underhanded Strike","Slice+1"],"picked":"Bouncing Flask+1","floor":39},{"not_picked":["Slice+1","Poisoned Stab"],"picked":"PiercingWail+1","floor":41},{"not_picked":["Madness+1","Purity+1"],"picked":"Finesse+1","floor":44},{"not_picked":["Transmutation+1","Finesse+1"],"picked":"Panacea+1","floor":44},{"not_picked":["PiercingWail+1","Dodge and Roll+1","Prepared+1"],"picked":"SKIP","floor":45},{"not_picked":["Reflex+1","Prepared+1","Deflect+1"],"picked":"SKIP","floor":46},{"not_picked":["PiercingWail+1","Distraction+1"],"picked":"Escape Plan+1","floor":48},{"not_picked":["Deadly Poison+1","Dagger Spray+1","Flying Knee+1"],"picked":"SKIP","floor":55}],"player_experience":1190616,"relics_obtained":[{"floor":6.0,"key":"Toxic Egg 2"},{"floor":9.0,"key":"Pear"},{"floor":12.0,"key":"Bag of Preparation"},{"floor":19,"key":"Nilry\u0027s Codex"},{"floor":28,"key":"Pen Nib"},{"floor":41,"key":"Art of War"},{"floor":43,"key":"Molten Egg 2"},{"floor":46,"key":"Peace Pipe"},{"floor":47,"key":"Gremlin Horn"},{"floor":48,"key":"FossilizedHelix"},{"floor":55,"key":"Vajra"}],"event_choices":[{"damage_healed":0.0,"max_hp_gain":0.0,"max_hp_loss":0.0,"gold_gain":150.0,"event_name":"Liars Game","player_choice":"AGREE","floor":3.0,"gold_loss":0.0,"damage_taken":0.0,"cards_obtained":["Doubt"]},{"cards_removed":["Doubt"],"damage_healed":0.0,"max_hp_gain":0.0,"max_hp_loss":0.0,"gold_gain":0.0,"event_name":"Living Wall","player_choice":"Forget","floor":4.0,"gold_loss":0.0,"damage_taken":0.0},{"damage_healed":0.0,"max_hp_gain":0.0,"max_hp_loss":0.0,"gold_gain":75.0,"event_name":"World of Goop","player_choice":"Gather Gold","floor":5.0,"gold_loss":0.0,"damage_taken":11.0},{"damage_healed":0,"gold_gain":0,"player_choice":"Obtained Book","damage_taken":21,"max_hp_gain":0,"max_hp_loss":0,"event_name":"Cursed Tome","floor":19,"gold_loss":0},{"damage_healed":0,"gold_gain":0,"player_choice":"Opened","damage_taken":0,"relics_obtained":["Turnip"],"max_hp_gain":0,"max_hp_loss":0,"event_name":"The Mausoleum","floor":20,"gold_loss":0,"cards_obtained":["Writhe"]},{"damage_healed":0,"gold_gain":0,"player_choice":"Shed Blood","damage_taken":27,"max_hp_gain":5,"max_hp_loss":0,"event_name":"Forgotten Altar","floor":29,"gold_loss":0},{"damage_healed":0,"gold_gain":0,"player_choice":"Max HP","damage_taken":0,"max_hp_gain":0,"max_hp_loss":4,"event_name":"Winding Halls","floor":36,"gold_loss":0},{"damage_healed":0,"gold_gain":0,"player_choice":"Ignored","damage_taken":0,"max_hp_gain":0,"max_hp_loss":0,"event_name":"Tomb of Lord Red Mask","floor":37,"gold_loss":0},{"cards_removed":["Strike_G"],"damage_healed":0,"gold_gain":0,"player_choice":"Removed Attack","damage_taken":0,"max_hp_gain":0,"max_hp_loss":0,"event_name":"Falling","floor":42,"gold_loss":0},{"damage_healed":0,"gold_gain":0,"player_choice":"Memory 3","damage_taken":10,"max_hp_gain":0,"max_hp_loss":0,"event_name":"SensoryStone","floor":44,"gold_loss":0}],"is_beta":false,"boss_relics":[{"not_picked":["White Beast Statue","Eternal Feather"],"picked":"Orrery"},{"not_picked":["Runic Dome","Pandora\u0027s Box"],"picked":"Fusion Hammer"}],"items_purged_floors":[2,27,38],"is_endless":false,"potions_floor_spawned":[1,12,16,21,28,30,41,45,46,48],"killed_by":"The Heart","ascension_level":20}