{"gold_per_floor":[119,43,43,62,77,77,77,102,102,56,89,89,89,101,101,206,206,224,224,242,134,145,145,50,74,74,74,94,94,121,137,137,239,239,250,3,14,27,38,38,54,67,67,79,96,96,106,0,0,0],"floor_reached":51,"playtime":2212,"items_purged":["Pain","Parasite"],"score":781,"play_id":"c27938c2-5c24-43a0-ad4e-1f06f1c1f6ed","local_time":"20190421135320","is_ascension_mode":false,"campfire_choices":[{"data":"Distraction","floor":6,"key":"SMITH"},{"data":"Noxious Fumes","floor":15,"key":"SMITH"},{"data":"Night Terror","floor":23,"key":"SMITH"},{"data":"Well Laid Plans","floor":27,"key":"SMITH"},{"data":"Deadly Poison","floor":29,"key":"SMITH"},{"data":"Noxious Fumes","floor":32,"key":"SMITH"},{"data":"Tools of the Trade","floor":40,"key":"SMITH"},{"floor":49,"key":"REST"}],"neow_cost":"TEN_PERCENT_HP_LOSS","seed_source_timestamp":16588817496299,"circlet_count":0,"master_deck":["Defend_G","Defend_G","Defend_G","Defend_G","Defend_G","Strike_G","Strike_G","Survivor+1","Neutralize","Finisher","Distraction+1","Footwork+1","Poisoned Stab","Backflip","Dagger Spray","Backflip","Escape Plan","Noxious Fumes+1","Night Terror+1","Calculated Gamble+1","Deadly Poison+1","Noxious Fumes+1","Backflip","Well Laid Plans+1","Deadly Poison","Parasite","Deadly Poison","Adrenaline","Backflip+1","Tools of the Trade+1","Escape Plan+1","Tactician+1","Blur+1","Bouncing Flask+1"],"relics":["Ring of the Snake","Mercury Hourglass","Meat on the Bone","Question Card","Pear","Cursed Key","WarpedTongs","Oddly Smooth Stone","Thread and Needle","Paper Crane","Sozu","Anchor","Red Mask"],"potions_floor_usage":[8,11,22,39,50],"damage_taken":[{"damage":2,"enemies":"Jaw Worm","floor":1,"turns":5},{"damage":4,"enemies":"2 Louse","floor":4,"turns":4},{"damage":0,"enemies":"Small Slimes","floor":5,"turns":5},{"damage":10,"enemies":"Lagavulin","floor":8,"turns":7},{"damage":3,"enemies":"Gremlin Nob","floor":11,"turns":3},{"damage":0,"enemies":"Looter","floor":14,"turns":3},{"damage":13,"enemies":"The Guardian","floor":16,"turns":8},{"damage":0,"enemies":"Chosen","floor":18,"turns":5},{"damage":8,"enemies":"Spheric Guardian","floor":20,"turns":6},{"damage":4,"enemies":"Snecko","floor":22,"turns":7},{"damage":7,"enemies":"Chosen and Byrds","floor":28,"turns":6},{"damage":0,"enemies":"Book of Stabbing","floor":30,"turns":5},{"damage":0,"enemies":"Sentry and Sphere","floor":31,"turns":5},{"damage":10,"enemies":"Champ","floor":33,"turns":11},{"damage":25,"enemies":"3 Darklings","floor":35,"turns":4},{"damage":0,"enemies":"3 Shapes","floor":37,"turns":4},{"damage":0,"enemies":"Maw","floor":38,"turns":7},{"damage":0,"enemies":"Jaw Worm Horde","floor":39,"turns":2},{"damage":0,"enemies":"Writhing Mass","floor":41,"turns":5},{"damage":0,"enemies":"Maw","floor":42,"turns":6},{"damage":0,"enemies":"Sphere and 2 Shapes","floor":44,"turns":5},{"damage":0,"enemies":"4 Shapes","floor":45,"turns":5},{"damage":0,"enemies":"3 Darklings","floor":47,"turns":4},{"damage":0,"enemies":"Donu and Deca","floor":50,"turns":8}],"seed_played":"8470806802970363347","potions_obtained":[{"floor":1,"key":"Poison Potion"},{"floor":8,"key":"AttackPotion"},{"floor":11,"key":"Swift Potion"},{"floor":18,"key":"PowerPotion"},{"floor":20,"key":"Fruit Juice"},{"floor":28,"key":"AttackPotion"}],"is_trial":false,"path_per_floor":["M","$","?","M","M","R","?","E","T","$","E","?","?","M","R","B",null,"M","?","M","$","M","R","$","T","T","R","M","R","E","M","R","B",null,"M","$","M","M","M","R","M","M","T","M","M","?","M","?","R","B",null],"character_chosen":"THE_SILENT","items_purchased":["Footwork","Poisoned Stab","Noxious Fumes","Well Laid Plans","Deadly Poison","Anchor"],"campfire_rested":1,"item_purchase_floors":[2,10,21,24,24,36],"current_hp_per_floor":[61,61,61,57,57,57,44,34,34,34,43,50,50,50,50,37,73,73,73,65,65,66,66,66,66,66,66,59,59,59,59,59,49,78,53,53,53,53,53,53,53,53,53,53,53,53,53,53,75,75],"gold":0,"neow_bonus":"TRANSFORM_TWO_CARDS","is_prod":false,"is_daily":false,"chose_seed":false,"campfire_upgraded":7,"win_rate":0,"timestamp":1555844000,"path_taken":["M","$","?","M","M","R","?","E","T","$","E","?","?","M","R","BOSS","M","?","M","$","M","R","?","?","T","R","M","R","E","M","R","BOSS","M","$","M","M","?","R","M","M","T","M","M","?","M","?","R","BOSS"],"build_version":"2019-01-23","purchased_purges":2,"victory":true,"max_hp_per_floor":[63,63,63,63,63,63,63,63,63,63,63,73,73,73,73,73,73,73,73,73,73,78,78,78,78,78,78,78,78,78,78,78,78,78,78,75,75,75,75,75,75,75,75,75,75,75,75,75,75,75],"card_choices":[{"not_picked":["All Out Attack","Bane","Quick Slash"],"picked":"SKIP","floor":1},{"not_picked":["Outmaneuver","Accuracy"],"picked":"Backflip","floor":4},{"not_picked":["Sucker Punch","Dash"],"picked":"Dagger Spray","floor":5},{"not_picked":["Tactician","Slice"],"picked":"Backflip","floor":8},{"not_picked":["Bane","Blade Dance"],"picked":"Escape Plan","floor":11},{"not_picked":["Doppelganger","PiercingWail","Outmaneuver"],"picked":"Noxious Fumes","floor":14},{"not_picked":["Storm of Steel","Envenom","Malaise"],"picked":"Night Terror","floor":16},{"not_picked":["Sucker Punch","Outmaneuver","Escape Plan"],"picked":"Calculated Gamble+1","floor":18},{"not_picked":["Sucker Punch","Acrobatics+1","Dodge and Roll"],"picked":"Deadly Poison","floor":20},{"not_picked":["PiercingWail","Masterful Stab","Poisoned Stab"],"picked":"Backflip","floor":22},{"not_picked":["Flying Knee","Choke","Slice","Concentrate+1"],"picked":"SKIP","floor":28},{"not_picked":["Acrobatics+1","Dagger Throw","Backflip","Die Die Die"],"picked":"SKIP","floor":30},{"not_picked":["Quick Slash","Dagger Spray","Riddle With Holes"],"picked":"Deadly Poison","floor":31},{"not_picked":["Grand Finale","Wraith Form v2","Die Die Die"],"picked":"Adrenaline","floor":33},{"not_picked":["Outmaneuver","Expertise+1","Bane+1"],"picked":"Backflip+1","floor":35},{"not_picked":["Quick Slash+1","Poisoned Stab+1","Infinite Blades+1"],"picked":"Tools of the Trade","floor":37},{"not_picked":["Bane","Prepared+1","Slice+1","Riddle With Holes"],"picked":"SKIP","floor":38},{"not_picked":["Dodge and Roll+1","Dagger Spray+1","Accuracy+1","Setup+1"],"picked":"SKIP","floor":39},{"not_picked":["Predator","Cloak And Dagger","Heel Hook+1"],"picked":"Escape Plan+1","floor":41},{"not_picked":["Eviscerate+1","Blade Dance+1","Reflex+1"],"picked":"Tactician+1","floor":42},{"not_picked":["Backstab+1","Cloak And Dagger+1","Prepared+1"],"picked":"Blur+1","floor":44},{"not_picked":["Eviscerate","Venomology","Bane+1","Riddle With Holes+1"],"picked":"SKIP","floor":45},{"not_picked":["Eviscerate","Venomology","Bane+1","Riddle With Holes+1"],"picked":"SKIP","floor":45},{"not_picked":["Riddle With Holes+1","Noxious Fumes+1","All Out Attack+1"],"picked":"Bouncing Flask+1","floor":47}],"player_experience":1210904,"relics_obtained":[{"floor":8,"key":"Mercury Hourglass"},{"floor":9,"key":"Meat on the Bone"},{"floor":11,"key":"Question Card"},{"floor":25,"key":"Oddly Smooth Stone"},{"floor":26,"key":"Thread and Needle"},{"floor":30,"key":"Paper Crane"}],"event_choices":[{"damage_healed":0,"gold_gain":0,"cards_transformed":["Strike_G"],"player_choice":"Change","damage_taken":0,"max_hp_gain":0,"max_hp_loss":0,"event_name":"Living Wall","floor":3,"gold_loss":0,"cards_obtained":["Poisoned Stab"]},{"damage_healed":0,"gold_gain":0,"player_choice":"Entered Light","damage_taken":13,"max_hp_gain":0,"max_hp_loss":0,"event_name":"Shining Light","floor":7,"gold_loss":0,"cards_upgraded":["Survivor","Footwork"]},{"damage_healed":0,"gold_gain":0,"player_choice":"Success","damage_taken":3,"relics_obtained":["Pear"],"max_hp_gain":0,"max_hp_loss":0,"event_name":"Scrap Ooze","floor":12,"gold_loss":0},{"damage_healed":0,"gold_gain":0,"player_choice":"Ignored","damage_taken":0,"max_hp_gain":0,"max_hp_loss":0,"event_name":"Liars Game","floor":13,"gold_loss":0},{"damage_healed":0,"gold_gain":0,"player_choice":"Rummage","damage_taken":0,"relics_obtained":["WarpedTongs"],"max_hp_gain":0,"max_hp_loss":0,"event_name":"Accursed Blacksmith","floor":19,"gold_loss":0,"cards_obtained":["Pain"]},{"cards_removed":["Poisoned Stab"],"damage_healed":0,"gold_gain":0,"player_choice":"Removed Attack","damage_taken":0,"max_hp_gain":0,"max_hp_loss":0,"event_name":"Falling","floor":46,"gold_loss":0},{"damage_healed":0,"gold_gain":0,"player_choice":"Paid","damage_taken":0,"relics_obtained":["Red Mask"],"max_hp_gain":0,"max_hp_loss":0,"event_name":"Tomb of Lord Red Mask","floor":48,"gold_loss":106}],"is_beta":false,"boss_relics":[{"not_picked":["Eternal Feather","HoveringKite"],"picked":"Cursed Key"},{"not_picked":["White Beast Statue","Velvet Choker"],"picked":"Sozu"}],"items_purged_floors":[21,36],"is_endless":false,"potions_floor_spawned":[1,8,11,18,20,28,31,35,37,41,44,47],"ascension_level":0}