{"gold_per_floor":[12,62,73,84,100,134,152,152,152,214,28,54,54,64,64,64],"floor_reached":16,"playtime":614,"items_purged":[],"score":218,"play_id":"9210a6db-5a78-4c92-b0b3-247eda9b981c","local_time":"20191001233255","is_ascension_mode":true,"campfire_choices":[{"floor":13,"key":"REST"},{"floor":15,"key":"REST"}],"neow_cost":"NO_GOLD","seed_source_timestamp":800113310351500,"circlet_count":0,"master_deck":["AscendersBane","Strike_B","Strike_B","Strike_B","Strike_B","Defend_B","Defend_B","Defend_B","Defend_B","Zap","Dualcast","All For One","Beam Cell","Rip and Tear","Gash","Hologram","FTL","Scrape","Hologram","Panache","Beam Cell"],"special_seed":0,"relics":["Cracked Core","Lantern","Art of War","Potion Belt","Gremlin Horn"],"potions_floor_usage":[14],"damage_taken":[{"damage":1.0,"enemies":"Cultist","floor":1.0,"turns":3.0},{"damage":1.0,"enemies":"2 Louse","floor":3.0,"turns":3.0},{"damage":1.0,"enemies":"Small Slimes","floor":4.0,"turns":3.0},{"damage":8.0,"enemies":"Blue Slaver","floor":5.0,"turns":2.0},{"damage":8.0,"enemies":"Gremlin Nob","floor":6.0,"turns":3.0},{"damage":9.0,"enemies":"Large Slime","floor":7.0,"turns":5.0},{"damage":20.0,"enemies":"3 Sentries","floor":10.0,"turns":6.0},{"damage":17,"enemies":"Lagavulin","floor":12,"turns":4},{"damage":19,"enemies":"Exordium Thugs","floor":14,"turns":3},{"damage":43,"enemies":"Hexaghost","floor":16,"turns":7}],"seed_played":"6531241668438035671","potions_obtained":[{"floor":4.0,"key":"GamblersBrew"},{"floor":5.0,"key":"SkillPotion"},{"floor":7.0,"key":"Regen Potion"}],"is_trial":false,"path_per_floor":["M","?","M","M","M","E","M","?","T","?","$","E","R","M","R","B"],"character_chosen":"DEFECT","items_purchased":["Panache"],"campfire_rested":2,"item_purchase_floors":[11],"current_hp_per_floor":[63,63,62,61,53,45,36,36,36,31,31,14,35,16,37,0],"gold":64,"neow_bonus":"THREE_RARE_CARDS","is_prod":false,"is_daily":false,"chose_seed":false,"campfire_upgraded":0,"win_rate":0,"timestamp":1569940375,"path_taken":["M","?","M","?","M","E","M","?","T","?","$","E","R","M","R","BOSS"],"build_version":"2019-07-17","purchased_purges":0,"victory":false,"max_hp_per_floor":[71,71,71,71,71,71,71,71,71,71,71,71,71,71,71,71],"card_choices":[{"not_picked":["Hyperbeam","Amplify"],"picked":"All For One","floor":0.0},{"not_picked":["Gash","Chaos"],"picked":"Beam Cell","floor":1.0},{"not_picked":["Redo","Turbo"],"picked":"Rip and Tear","floor":3.0},{"not_picked":["Leap","Tempest"],"picked":"Gash","floor":4.0},{"not_picked":["Redo","Leap"],"picked":"Hologram","floor":5.0},{"not_picked":["Streamline","Electrodynamics"],"picked":"FTL","floor":6.0},{"not_picked":["Hello World","Coolheaded"],"picked":"Scrape","floor":7.0},{"not_picked":["Stack","Redo"],"picked":"Hologram","floor":10.0},{"not_picked":["Consume","Force Field","Static Discharge"],"picked":"SKIP","floor":12},{"not_picked":["Gash","Sweeping Beam"],"picked":"Beam Cell","floor":14}],"player_experience":549069,"relics_obtained":[{"floor":6.0,"key":"Lantern"},{"floor":9.0,"key":"Art of War"},{"floor":10.0,"key":"Potion Belt"},{"floor":12,"key":"Gremlin Horn"}],"event_choices":[{"damage_healed":0.0,"max_hp_gain":0.0,"max_hp_loss":0.0,"gold_gain":50.0,"event_name":"Golden Shrine","player_choice":"Pray","floor":2.0,"gold_loss":0.0,"damage_taken":0.0},{"damage_healed":0.0,"max_hp_gain":0.0,"max_hp_loss":0.0,"gold_gain":0.0,"event_name":"Scrap Ooze","player_choice":"Fled","floor":8.0,"gold_loss":0.0,"damage_taken":0.0},{"damage_healed":0.0,"max_hp_gain":0.0,"max_hp_loss":0.0,"gold_gain":0.0,"event_name":"Dead Adventurer","player_choice":"Searched \u00272\u0027 times","floor":10.0,"gold_loss":0.0,"damage_taken":0.0}],"is_beta":false,"boss_relics":[],"items_purged_floors":[],"is_endless":false,"potions_floor_spawned":[4,5,6,7],"killed_by":"Hexaghost","ascension_level":19}