{"gold_per_floor":[119,129,20,39,53,53,82,82,152,162,127,127,139,139],"floor_reached":14,"playtime":567,"items_purged":[],"score":175,"play_id":"6b8742e1-089f-4816-9d45-bfed50c0f32a","local_time":"20190818002002","is_ascension_mode":true,"campfire_choices":[{"data":"Dagger Spray","floor":6,"key":"SMITH"},{"floor":12,"key":"REST"}],"neow_cost":"NONE","seed_source_timestamp":8533014844054,"circlet_count":0,"master_deck":["AscendersBane","Strike_G","Strike_G","Strike_G","Strike_G","Strike_G","Defend_G","Defend_G","Defend_G","Defend_G","Defend_G","Survivor","Neutralize","Dagger Spray+1","Flying Knee","Dagger Spray","Cloak And Dagger","Noxious Fumes+1","Bouncing Flask","Well Laid Plans","Leg Sweep"],"relics":["Ring of the Snake","Turnip","Molten Egg 2"],"potions_floor_usage":[7,7],"damage_taken":[{"damage":0,"enemies":"Cultist","floor":1,"turns":4},{"damage":1,"enemies":"Small Slimes","floor":2,"turns":3},{"damage":2,"enemies":"Jaw Worm","floor":4,"turns":5},{"damage":15,"enemies":"3 Louse","floor":5,"turns":3},{"damage":17,"enemies":"Lagavulin","floor":7,"turns":6},{"damage":15,"enemies":"Exordium Thugs","floor":10,"turns":5},{"damage":39,"enemies":"Gremlin Gang","floor":13,"turns":4},{"damage":30,"enemies":"Gremlin Nob","floor":14,"turns":3}],"seed_played":"-6283261309832256909","potions_obtained":[{"floor":2,"key":"EssenceOfSteel"},{"floor":5,"key":"AttackPotion"}],"is_trial":false,"path_per_floor":["M","M","$","M","M","R","E","?","T","M","?","R","M","E"],"character_chosen":"THE_SILENT","items_purchased":["Dagger Spray","Cloak And Dagger"],"campfire_rested":1,"item_purchase_floors":[3,3],"current_hp_per_floor":[65,64,64,62,47,47,30,30,30,15,33,54,15,0],"gold":139,"neow_bonus":"TEN_PERCENT_HP_BONUS","is_prod":false,"is_daily":false,"chose_seed":false,"campfire_upgraded":1,"win_rate":0,"timestamp":1566080402,"path_taken":["M","M","$","M","?","R","E","?","T","?","?","R","M","E"],"build_version":"2019-07-17","purchased_purges":0,"victory":false,"max_hp_per_floor":[72,72,72,72,72,72,72,72,72,72,72,72,72,72],"card_choices":[{"not_picked":["Sucker Punch","Poisoned Stab"],"picked":"Dagger Spray","floor":1},{"not_picked":["Reflex","Slice"],"picked":"Flying Knee","floor":2},{"not_picked":["Bullet Time","Quick Slash","Bane"],"picked":"SKIP","floor":4},{"not_picked":["Calculated Gamble","Outmaneuver"],"picked":"Noxious Fumes","floor":5},{"not_picked":["Caltrops","Well Laid Plans"],"picked":"Bouncing Flask","floor":7},{"not_picked":["Noxious Fumes","Prepared"],"picked":"Well Laid Plans","floor":10},{"not_picked":["Sucker Punch+1","Cloak And Dagger"],"picked":"Leg Sweep","floor":13}],"player_experience":965242,"relics_obtained":[{"floor":7,"key":"Turnip"},{"floor":9,"key":"Molten Egg 2"}],"event_choices":[{"damage_healed":0,"gold_gain":0,"player_choice":"Upgraded","damage_taken":0,"max_hp_gain":0,"max_hp_loss":0,"event_name":"Upgrade Shrine","floor":8,"gold_loss":0,"cards_upgraded":["Noxious Fumes"]},{"damage_healed":18,"gold_gain":0,"player_choice":"Healed","damage_taken":0,"max_hp_gain":0,"max_hp_loss":0,"event_name":"The Cleric","floor":11,"gold_loss":35}],"is_beta":false,"boss_relics":[],"items_purged_floors":[],"is_endless":false,"potions_floor_spawned":[2,5],"killed_by":"Gremlin Nob","ascension_level":18}