{"gold_per_floor":[115,95,111,122,137,137,170,170,170,191,221,221,231,10,10,10],"floor_reached":16,"playtime":588,"items_purged":[],"score":220,"play_id":"b4b9b4e8-3c6d-4ef2-9c86-4d1a54f6ad06","local_time":"20190503133855","is_ascension_mode":true,"campfire_choices":[{"data":"Bash","floor":6,"key":"SMITH"},{"data":"Clothesline","floor":8,"key":"SMITH"},{"floor":12,"key":"REST"},{"floor":15,"key":"REST"}],"neow_cost":"PERCENT_DAMAGE","seed_source_timestamp":887535804122300,"circlet_count":0,"master_deck":["AscendersBane","Strike_R","Strike_R","Strike_R","Strike_R","Strike_R","Defend_R","Defend_R","Defend_R","Defend_R","Bash+1","Twin Strike","Clothesline+1","Combust","Rampage","Corruption","Corruption+1","Berserk+1"],"relics":["Burning Blood","Ginger","Shuriken","Odd Mushroom","Frozen Egg 2","ClockworkSouvenir"],"potions_floor_usage":[3,11,11],"damage_taken":[{"damage":7,"enemies":"Small Slimes","floor":1,"turns":4},{"damage":1,"enemies":"Cultist","floor":3,"turns":3},{"damage":11,"enemies":"Jaw Worm","floor":4,"turns":4},{"damage":6,"enemies":"Red Slaver","floor":5,"turns":3},{"damage":27,"enemies":"Lagavulin","floor":7,"turns":7},{"damage":36,"enemies":"The Mushroom Lair","floor":10,"turns":4},{"damage":13,"enemies":"Gremlin Nob","floor":11,"turns":4},{"damage":33,"enemies":"Exordium Thugs","floor":13,"turns":5},{"damage":42,"enemies":"The Guardian","floor":16,"turns":9}],"seed_played":"-8927496208242588704","potions_obtained":[{"floor":1,"key":"FairyPotion"},{"floor":2,"key":"BloodPotion"},{"floor":4,"key":"SpeedPotion"},{"floor":7,"key":"Poison Potion"}],"is_trial":false,"path_per_floor":["M","?","M","M","M","R","E","R","T","?","E","R","M","$","R","B"],"character_chosen":"IRONCLAD","items_purchased":["ClockworkSouvenir"],"campfire_rested":2,"item_purchase_floors":[14],"current_hp_per_floor":[63,63,76,71,71,71,50,50,50,20,13,39,12,12,38,0],"gold":10,"neow_bonus":"TWENTY_PERCENT_HP_BONUS","is_prod":false,"is_daily":false,"chose_seed":false,"campfire_upgraded":2,"win_rate":0,"timestamp":1556879935,"path_taken":["M","?","M","?","M","R","E","R","T","?","E","R","M","$","R","BOSS"],"build_version":"2019-01-23","purchased_purges":0,"victory":false,"max_hp_per_floor":[89,89,89,89,89,89,89,89,89,89,89,89,89,89,89,89],"card_choices":[{"not_picked":["Rage","Flex"],"picked":"Twin Strike","floor":1},{"not_picked":["Wild Strike","Pummel"],"picked":"Clothesline","floor":3},{"not_picked":["Warcry","Pommel Strike"],"picked":"Combust","floor":4},{"not_picked":["Blood for Blood","Cleave"],"picked":"Rampage","floor":5},{"not_picked":["Warcry","Iron Wave","Clash"],"picked":"SKIP","floor":7},{"not_picked":["Sever Soul","Shockwave"],"picked":"Corruption","floor":10},{"not_picked":["Entrench","Whirlwind"],"picked":"Corruption","floor":11},{"not_picked":["Anger","Flex"],"picked":"Berserk+1","floor":13}],"player_experience":1290928,"relics_obtained":[{"floor":7,"key":"Ginger"},{"floor":9,"key":"Shuriken"},{"floor":10,"key":"Odd Mushroom"},{"floor":11,"key":"Frozen Egg 2"}],"event_choices":[{"damage_healed":0,"gold_gain":0,"player_choice":"Bought 1 Potion","damage_taken":0,"max_hp_gain":0,"max_hp_loss":0,"event_name":"The Woman in Blue","floor":2,"gold_loss":0},{"damage_healed":0,"gold_gain":0,"player_choice":"Fought Mushrooms","damage_taken":0,"max_hp_gain":0,"max_hp_loss":0,"event_name":"Mushrooms","floor":10,"gold_loss":0}],"is_beta":false,"boss_relics":[],"items_purged_floors":[],"is_endless":false,"potions_floor_spawned":[1,4,7],"killed_by":"The Guardian","ascension_level":20}