{"gold_per_floor":[114,189,201,211,228,257,257,257,282,310,310,310,15,27,27,99,99,114,125,144,161,161,161,171,183,183,195,195,223,83,83,83,83],"floor_reached":33,"playtime":2170,"items_purged":["Strike_B","Strike_B"],"score":502,"play_id":"90db1dbd-bc40-4685-9c22-93f66aa629bf","local_time":"20190917163906","is_ascension_mode":true,"campfire_choices":[{"floor":7,"key":"REST"},{"floor":11,"key":"REST"},{"floor":15,"key":"REST"},{"floor":23,"key":"REST"},{"floor":28,"key":"REST"},{"floor":32,"key":"REST"}],"neow_cost":"NONE","seed_source_timestamp":311941754462000,"circlet_count":0,"master_deck":["AscendersBane","Strike_B","Strike_B+1","Defend_B","Defend_B+1","Defend_B","Defend_B","Zap","Dualcast+1","Steam","Sweeping Beam","Auto Shields+1","Ball Lightning+1","Coolheaded","Chill","Rebound","Biased Cognition","Fusion","Compile Driver+1","Steam+1","Double Energy","Leap","Conserve Battery","Conserve Battery","Reprogram"],"relics":["Cracked Core","NeowsBlessing","War Paint","Happy Flower","Whetstone","Dream Catcher","Runic Pyramid","Gambling Chip"],"potions_floor_usage":[29,33],"damage_taken":[{"damage":0,"enemies":"2 Louse","floor":1,"turns":1},{"damage":0,"enemies":"Jaw Worm","floor":3,"turns":1},{"damage":0,"enemies":"Small Slimes","floor":4,"turns":1},{"damage":3,"enemies":"3 Louse","floor":5,"turns":3},{"damage":43,"enemies":"Lagavulin","floor":6,"turns":10},{"damage":22,"enemies":"3 Sentries","floor":10,"turns":8},{"damage":4,"enemies":"Lots of Slimes","floor":14,"turns":3},{"damage":39,"enemies":"The Guardian","floor":16,"turns":15},{"damage":13,"enemies":"Shell Parasite","floor":18,"turns":7},{"damage":0,"enemies":"Spheric Guardian","floor":19,"turns":6},{"damage":29,"enemies":"Centurion and Healer","floor":20,"turns":12},{"damage":12,"enemies":"Snake Plant","floor":21,"turns":5},{"damage":6,"enemies":"Cultist and Chosen","floor":24,"turns":7},{"damage":5,"enemies":"Snecko","floor":25,"turns":6},{"damage":15,"enemies":"Snake Plant","floor":27,"turns":6},{"damage":16,"enemies":"Book of Stabbing","floor":29,"turns":8},{"damage":30,"enemies":"Champ","floor":33,"turns":15}],"seed_played":"188545301330189961","potions_obtained":[{"floor":1,"key":"Dexterity Potion"},{"floor":3,"key":"SkillPotion"},{"floor":29,"key":"GamblersBrew"}],"is_trial":false,"path_per_floor":["M","?","M","M","M","E","R","?","T","E","R","?","$","M","R","B",null,"M","M","M","M","?","R","M","M","T","M","R","E","$","?","R","B"],"character_chosen":"DEFECT","items_purchased":["Coolheaded","Dream Catcher","Reprogram"],"campfire_rested":6,"item_purchase_floors":[13,13,30],"current_hp_per_floor":[64,53,53,53,50,7,28,28,28,6,27,50,50,46,67,28,60,47,47,18,6,6,27,21,16,16,1,22,6,6,6,27,0],"gold":83,"neow_bonus":"THREE_ENEMY_KILL","is_prod":false,"is_daily":false,"chose_seed":false,"campfire_upgraded":0,"win_rate":0,"timestamp":1568705946,"path_taken":["M","?","M","M","M","E","R","?","T","E","R","?","?","M","R","BOSS","M","M","M","M","?","R","M","M","T","M","R","E","$","?","R","BOSS"],"build_version":"2019-07-17","purchased_purges":2,"victory":false,"max_hp_per_floor":[71,71,71,71,71,71,71,71,71,71,71,71,71,71,71,71,71,71,71,71,71,71,71,71,71,71,71,71,71,71,71,71,71],"card_choices":[{"not_picked":["Rebound","Compile Driver"],"picked":"Steam","floor":1},{"not_picked":["Compile Driver","Consume"],"picked":"Sweeping Beam","floor":3},{"not_picked":["White Noise","Rip and Tear","Compile Driver"],"picked":"SKIP","floor":4},{"not_picked":["Heatsinks","Recycle"],"picked":"Auto Shields","floor":5},{"not_picked":["Conserve Battery","Recycle"],"picked":"Ball Lightning","floor":6},{"not_picked":["Storm","Consume","Barrage"],"picked":"SKIP","floor":10},{"not_picked":["Conserve Battery","Coolheaded"],"picked":"Chill","floor":14},{"not_picked":["Reprogram","Turbo"],"picked":"Rebound","floor":15},{"not_picked":["Amplify","Machine Learning"],"picked":"Biased Cognition","floor":16},{"not_picked":["Hello World+1","Coolheaded","Barrage"],"picked":"SKIP","floor":18},{"not_picked":["Leap","Stack"],"picked":"Fusion","floor":19},{"not_picked":["Consume","Thunder Strike"],"picked":"Compile Driver+1","floor":20},{"not_picked":["Beam Cell","Streamline"],"picked":"Steam+1","floor":21},{"not_picked":["Coolheaded","Rebound"],"picked":"Double Energy","floor":23},{"not_picked":["Steam","Scrape"],"picked":"Leap","floor":24},{"not_picked":["Steam","Gash"],"picked":"Conserve Battery","floor":25},{"not_picked":["Aggregate","Hologram","Rip and Tear"],"picked":"SKIP","floor":27},{"not_picked":["Coolheaded","Rebound"],"picked":"Conserve Battery","floor":28},{"not_picked":["Heatsinks","Compile Driver","Double Energy"],"picked":"SKIP","floor":29}],"player_experience":388356,"relics_obtained":[{"floor":6,"key":"War Paint"},{"floor":9,"key":"Happy Flower"},{"floor":10,"key":"Whetstone"},{"floor":29,"key":"Gambling Chip"}],"event_choices":[{"damage_healed":0,"gold_gain":75,"player_choice":"Gather Gold","damage_taken":11,"max_hp_gain":0,"max_hp_loss":0,"event_name":"World of Goop","floor":2,"gold_loss":0},{"damage_healed":0,"gold_gain":0,"player_choice":"Ignored","damage_taken":0,"max_hp_gain":0,"max_hp_loss":0,"event_name":"Liars Game","floor":8,"gold_loss":0},{"damage_healed":23,"gold_gain":0,"player_choice":"Banana","damage_taken":0,"max_hp_gain":0,"max_hp_loss":0,"event_name":"Big Fish","floor":12,"gold_loss":0},{"damage_healed":0,"gold_gain":0,"player_choice":"Ignored","damage_taken":0,"max_hp_gain":0,"max_hp_loss":0,"event_name":"The Mausoleum","floor":22,"gold_loss":0},{"damage_healed":0,"gold_gain":0,"player_choice":"Forge","damage_taken":0,"max_hp_gain":0,"max_hp_loss":0,"event_name":"Accursed Blacksmith","floor":31,"gold_loss":0,"cards_upgraded":["Dualcast"]}],"is_beta":false,"boss_relics":[{"not_picked":["Astrolabe","Philosopher\u0027s Stone"],"picked":"Runic Pyramid"}],"items_purged_floors":[13,30],"is_endless":false,"potions_floor_spawned":[1,3,10,18,20,24,29],"killed_by":"Champ","ascension_level":16}