{"gold_per_floor":[12,12,30,50,67,67,98,98,123,134,167,181,181,181],"floor_reached":14,"playtime":658,"items_purged":[],"score":199,"play_id":"84256984-1b28-45a0-a758-f698779bae17","local_time":"20190413101849","is_ascension_mode":true,"campfire_choices":[{"data":"Dualcast","floor":6,"key":"SMITH"},{"floor":13,"key":"REST"}],"neow_cost":"NO_GOLD","seed_source_timestamp":444314532661200,"circlet_count":0,"master_deck":["AscendersBane","Strike_B","Strike_B","Strike_B","Strike_B","Defend_B","Defend_B","Defend_B","Defend_B","Dualcast+1","Ball Lightning","Darkness","Leap","Leap","Hologram","Echo Form","Self Repair","Capacitor"],"relics":["Cracked Core","Nunchaku","Pen Nib","Centennial Puzzle","Strawberry"],"potions_floor_usage":[7,11,11,14],"damage_taken":[{"damage":2,"enemies":"Jaw Worm","floor":1,"turns":4},{"damage":1,"enemies":"Cultist","floor":3,"turns":3},{"damage":2,"enemies":"2 Louse","floor":4,"turns":3},{"damage":15,"enemies":"Large Slime","floor":5,"turns":4},{"damage":27,"enemies":"Gremlin Nob","floor":7,"turns":4},{"damage":11,"enemies":"Looter","floor":10,"turns":2},{"damage":1,"enemies":"Lagavulin","floor":11,"turns":7},{"damage":3,"enemies":"Exordium Thugs","floor":12,"turns":4},{"damage":50,"enemies":"Gremlin Nob","floor":14,"turns":4}],"seed_played":"-6197450982314529346","potions_obtained":[{"floor":3,"key":"EssenceOfSteel"},{"floor":4,"key":"Fire Potion"},{"floor":7,"key":"PowerPotion"},{"floor":12,"key":"Swift Potion"}],"is_trial":false,"path_per_floor":["M","?","M","M","M","R","E","?","T","M","E","M","R","E"],"character_chosen":"DEFECT","items_purchased":[],"campfire_rested":1,"item_purchase_floors":[],"current_hp_per_floor":[62,62,61,59,44,44,17,17,17,6,12,16,39,0],"gold":181,"neow_bonus":"ONE_RARE_RELIC","is_prod":false,"is_daily":false,"chose_seed":false,"campfire_upgraded":1,"win_rate":0,"timestamp":1555139929,"path_taken":["M","?","M","M","M","R","E","?","T","?","E","M","R","E"],"build_version":"2019-01-23","purchased_purges":0,"victory":false,"max_hp_per_floor":[71,71,71,71,71,71,71,71,71,71,78,78,78,78],"card_choices":[{"not_picked":["Hologram","Rebound"],"picked":"Ball Lightning","floor":1},{"not_picked":["Static Discharge","Storm"],"picked":"Darkness","floor":3},{"not_picked":["Glacier","Sweeping Beam"],"picked":"Leap","floor":4},{"not_picked":["Coolheaded","Hello World"],"picked":"Leap","floor":5},{"not_picked":["Chaos","Blizzard"],"picked":"Hologram","floor":7},{"not_picked":["Self Repair","Steam Power"],"picked":"Echo Form","floor":10},{"not_picked":["Chill","Capacitor"],"picked":"Self Repair","floor":11},{"not_picked":["Go for the Eyes","Redo"],"picked":"Capacitor","floor":12}],"player_experience":1154296,"relics_obtained":[{"floor":7,"key":"Pen Nib"},{"floor":9,"key":"Centennial Puzzle"},{"floor":11,"key":"Strawberry"}],"event_choices":[{"damage_healed":0,"gold_gain":0,"player_choice":"Leave","damage_taken":0,"max_hp_gain":0,"max_hp_loss":0,"event_name":"The Cleric","floor":2,"gold_loss":0},{"cards_removed":["Zap"],"damage_healed":0,"gold_gain":0,"player_choice":"Offered Basic","damage_taken":0,"max_hp_gain":0,"max_hp_loss":0,"event_name":"Bonfire Elementals","floor":8,"gold_loss":0}],"is_beta":false,"boss_relics":[],"items_purged_floors":[],"is_endless":false,"potions_floor_spawned":[3,4,5,7,12],"killed_by":"Gremlin Nob","ascension_level":19}