{"gold_per_floor":[114,124,2,14,14,41,51,51,76,111,130,130,130,143,143,243,243,262,277,310,75,25,53,66,66,66,66,80,80,106,6,6,111,111,127,175,175,50,50,85,85,85,85,85,85,104,104,104,104,104],"floor_reached":51,"playtime":4823,"items_purged":["Strike_B","Strike_B","Defend_B"],"score":761,"play_id":"2dfc401c-8b35-4f25-98cd-6ff276973c98","local_time":"20190729235451","is_ascension_mode":true,"campfire_choices":[{"data":"Go for the Eyes","floor":8,"key":"SMITH"},{"data":"Sweeping Beam","floor":12,"key":"SMITH"},{"data":"Rip and Tear","floor":15,"key":"SMITH"},{"floor":25,"key":"REST"},{"data":"Consume","floor":27,"key":"SMITH"},{"data":"Static Discharge","floor":29,"key":"SMITH"},{"floor":32,"key":"REST"},{"floor":41,"key":"REST"},{"data":"Machine Learning","floor":44,"key":"SMITH"},{"floor":47,"key":"REST"},{"floor":49,"key":"REST"}],"neow_cost":"NONE","seed_source_timestamp":26505669082614,"circlet_count":0,"master_deck":["Defend_B","Defend_B","Defend_B","Zap+1","Dualcast","Sweeping Beam+1","Glacier","Go for the Eyes+1","Cold Snap","Static Discharge+1","Reinforced Body","Rip and Tear+1","Machine Learning+1","Gash","Coolheaded","Rainbow","Consume+1","Gash","Ball Lightning","Chaos","Glacier","Conserve Battery","Core Surge","Gash","Go for the Eyes","Stack","Skim+1","All For One","Gash","Chill+1","Madness","Madness","Rebound+1","Violence"],"relics":["Cracked Core","Juzu Bracelet","Lantern","Regal Pillow","Orrery","Red Mask","Strawberry","Bottled Flame","WingedGreaves","Sozu","Dead Branch","Oddly Smooth Stone"],"potions_floor_usage":[6,10,16,16,19,23,24,28],"damage_taken":[{"damage":0,"enemies":"2 Louse","floor":1,"turns":1},{"damage":0,"enemies":"Cultist","floor":2,"turns":2},{"damage":0,"enemies":"Small Slimes","floor":4,"turns":4},{"damage":18,"enemies":"Gremlin Nob","floor":6,"turns":8},{"damage":0,"enemies":"Red Slaver","floor":7,"turns":4},{"damage":3,"enemies":"Lagavulin","floor":10,"turns":6},{"damage":0,"enemies":"2 Fungi Beasts","floor":11,"turns":3},{"damage":0,"enemies":"Exordium Wildlife","floor":14,"turns":2},{"damage":7,"enemies":"Slime Boss","floor":16,"turns":10},{"damage":5,"enemies":"Shell Parasite","floor":18,"turns":5},{"damage":5,"enemies":"3 Byrds","floor":19,"turns":5},{"damage":44,"enemies":"Masked Bandits","floor":20,"turns":5},{"damage":18,"enemies":"Gremlin Leader","floor":23,"turns":9},{"damage":17,"enemies":"Snake Plant","floor":24,"turns":4},{"damage":1,"enemies":"Centurion and Healer","floor":28,"turns":7},{"damage":12,"enemies":"Book of Stabbing","floor":30,"turns":7},{"damage":28,"enemies":"Collector","floor":33,"turns":12},{"damage":10,"enemies":"Orb Walker","floor":35,"turns":3},{"damage":29,"enemies":"2 Orb Walkers","floor":36,"turns":4},{"damage":36,"enemies":"Nemesis","floor":40,"turns":7},{"damage":2,"enemies":"3 Shapes","floor":46,"turns":5},{"damage":46,"enemies":"Awakened One","floor":50,"turns":14}],"seed_played":"8269913562595991500","potions_obtained":[{"floor":2,"key":"Explosive Potion"},{"floor":6,"key":"EssenceOfSteel"},{"floor":10,"key":"Energy Potion"},{"floor":11,"key":"AttackPotion"},{"floor":14,"key":"Weak Potion"},{"floor":20,"key":"Regen Potion"},{"floor":23,"key":"Explosive Potion"},{"floor":24,"key":"Regen Potion"}],"is_trial":false,"path_per_floor":["M","M","$","M","?","E","M","R","T","E","M","R","?","M","R","B",null,"M","M","?","$","?","E","M","R","T","R","M","R","E","$","R","B",null,"M","?","?","$","?","E","R","?","T","R","?","M","R","?","R","B",null],"character_chosen":"DEFECT","items_purchased":["Go for the Eyes","FocusPotion","Core Surge"],"campfire_rested":5,"item_purchase_floors":[3,3,21],"current_hp_per_floor":[75,75,75,75,75,57,57,57,57,54,54,54,54,54,54,47,75,70,65,21,21,21,25,8,47,47,47,61,61,49,49,82,54,82,72,43,43,43,43,7,46,46,46,46,36,34,73,63,82,36],"gold":104,"neow_bonus":"UPGRADE_CARD","is_prod":false,"is_daily":false,"chose_seed":false,"campfire_upgraded":6,"win_rate":0,"timestamp":1564437291,"path_taken":["M","M","$","M","?","E","M","R","T","E","M","R","?","M","R","BOSS","M","M","?","$","?","E","M","R","T","R","M","R","E","$","R","BOSS","M","?","?","?","?","E","R","?","T","R","?","M","R","?","R","BOSS"],"build_version":"2019-07-17","purchased_purges":3,"victory":true,"max_hp_per_floor":[75,75,75,75,75,75,75,75,75,75,75,75,75,75,75,75,75,75,75,75,75,75,82,82,82,82,82,82,82,82,82,82,82,82,82,82,82,82,82,82,82,82,82,82,82,82,82,82,82,82],"card_choices":[{"not_picked":["Conserve Battery","Heatsinks"],"picked":"Sweeping Beam","floor":1},{"not_picked":["Heatsinks","Reinforced Body"],"picked":"Glacier","floor":2},{"not_picked":["Barrage","Go for the Eyes"],"picked":"Cold Snap","floor":4},{"not_picked":["Leap","Streamline"],"picked":"Reinforced Body","floor":6},{"not_picked":["Turbo","Fusion"],"picked":"Rip and Tear","floor":7},{"not_picked":["Static Discharge","Creative AI"],"picked":"Machine Learning","floor":10},{"not_picked":["Aggregate","Leap"],"picked":"Gash","floor":11},{"not_picked":["Compile Driver","Stack"],"picked":"Coolheaded","floor":14},{"not_picked":["Multi-Cast","Meteor Strike"],"picked":"Rainbow","floor":16},{"not_picked":["Amplify","Barrage"],"picked":"Consume","floor":17},{"not_picked":["Ball Lightning","Genetic Algorithm"],"picked":"Gash","floor":17},{"not_picked":["Turbo","Genetic Algorithm"],"picked":"Ball Lightning","floor":17},{"not_picked":["Static Discharge","Compile Driver"],"picked":"Chaos","floor":17},{"not_picked":["Cold Snap","Conserve Battery"],"picked":"Glacier","floor":18},{"not_picked":["Consume","Rebound"],"picked":"Conserve Battery","floor":19},{"not_picked":["Consume","Rebound"],"picked":"Beam Cell","floor":20},{"not_picked":["Doom and Gloom","Hologram"],"picked":"Gash","floor":23},{"not_picked":["Steam Power","Redo"],"picked":"Go for the Eyes","floor":24},{"not_picked":["Streamline+1","Go for the Eyes"],"picked":"Stack","floor":28},{"not_picked":["Compile Driver","Conserve Battery"],"picked":"Skim+1","floor":30},{"not_picked":["Echo Form","Meteor Strike"],"picked":"All For One","floor":33},{"not_picked":["Auto Shields","Steam Power"],"picked":"Gash","floor":35},{"not_picked":["Leap+1","Reprogram"],"picked":"Chill+1","floor":40},{"not_picked":["Auto Shields","Coolheaded"],"picked":"Rebound+1","floor":46},{"not_picked":["Bandage Up","Mind Blast"],"picked":"Violence","floor":48}],"player_experience":649511,"relics_obtained":[{"floor":6,"key":"Juzu Bracelet"},{"floor":9,"key":"Lantern"},{"floor":10,"key":"Regal Pillow"},{"floor":20,"key":"Red Mask"},{"floor":23,"key":"Strawberry"},{"floor":26,"key":"Bottled Flame"},{"floor":30,"key":"WingedGreaves"},{"floor":36,"key":"Dead Branch"},{"floor":40,"key":"Oddly Smooth Stone"}],"event_choices":[{"damage_healed":0,"gold_gain":0,"cards_transformed":["Strike_B"],"player_choice":"Transformed","damage_taken":0,"max_hp_gain":0,"max_hp_loss":0,"event_name":"Transmorgrifier","floor":5,"gold_loss":0,"cards_obtained":["Static Discharge"]},{"cards_removed":["Strike_B"],"damage_healed":0,"gold_gain":0,"player_choice":"Purged","damage_taken":0,"max_hp_gain":0,"max_hp_loss":0,"event_name":"Purifier","floor":13,"gold_loss":0},{"damage_healed":0,"gold_gain":0,"player_choice":"Fought Bandits","damage_taken":0,"max_hp_gain":0,"max_hp_loss":0,"event_name":"Masked Bandits","floor":20,"gold_loss":0},{"damage_healed":0,"gold_gain":0,"player_choice":"Bet on Murderer","damage_taken":0,"max_hp_gain":0,"max_hp_loss":0,"event_name":"The Joust","floor":22,"gold_loss":50},{"damage_healed":0,"gold_gain":0,"player_choice":"Fight","damage_taken":0,"max_hp_gain":0,"max_hp_loss":0,"event_name":"Mysterious Sphere","floor":36,"gold_loss":0},{"damage_healed":0,"gold_gain":0,"player_choice":"Ignored","damage_taken":0,"max_hp_gain":0,"max_hp_loss":0,"event_name":"Tomb of Lord Red Mask","floor":37,"gold_loss":0},{"cards_removed":["Beam Cell"],"damage_healed":0,"gold_gain":0,"player_choice":"Removed Attack","damage_taken":0,"max_hp_gain":0,"max_hp_loss":0,"event_name":"Falling","floor":39,"gold_loss":0},{"damage_healed":0,"gold_gain":0,"player_choice":"Got Potions","damage_taken":0,"max_hp_gain":0,"max_hp_loss":0,"event_name":"Lab","floor":42,"gold_loss":0},{"damage_healed":0,"gold_gain":0,"player_choice":"Embrace Madness","damage_taken":10,"max_hp_gain":0,"max_hp_loss":0,"event_name":"Winding Halls","floor":45,"gold_loss":0,"cards_obtained":["Madness","Madness"]},{"damage_healed":0,"gold_gain":0,"player_choice":"Memory 3","damage_taken":10,"max_hp_gain":0,"max_hp_loss":0,"event_name":"SensoryStone","floor":48,"gold_loss":0}],"is_beta":false,"boss_relics":[{"not_picked":["Busted Crown","Astrolabe"],"picked":"Orrery"},{"not_picked":["Lizard Tail","Runic Dome"],"picked":"Sozu"}],"items_purged_floors":[21,31,38],"is_endless":false,"potions_floor_spawned":[2,6,10,11,14,20,23,24,35,36],"ascension_level":2}