{"gold_per_floor":[113,160,113,127,29,29,49,49,76,76,92,105,134,149,149,244,244,254,254,2,101,176,209,223,223],"floor_reached":25,"playtime":634,"items_purged":["Strike_R"],"score":221,"play_id":"2cc62890-08c3-4847-babb-f835045e9531","local_time":"20190419105454","is_ascension_mode":false,"campfire_choices":[{"data":"Bash","floor":6,"key":"SMITH"},{"data":"Anger","floor":10,"key":"SMITH"},{"data":"Thunderclap","floor":15,"key":"SMITH"}],"neow_cost":"NONE","seed_source_timestamp":964945782760800,"circlet_count":0,"master_deck":["Strike_R","Strike_R+1","Strike_R+1","Defend_R","Defend_R","Defend_R","Defend_R","Bash+1","Anger+1","Shrug It Off","Thunderclap+1","Cleave","Clash","Thunderclap","Shrug It Off","Sword Boomerang+1","Clash+1","Armaments+1"],"relics":["Burning Blood","Whetstone","Bag of Preparation","Strawberry","Prayer Wheel","Eternal Feather","Shuriken","Smiling Mask"],"potions_floor_usage":[25,25],"damage_taken":[{"damage":5,"enemies":"Cultist","floor":1,"turns":4},{"damage":0,"enemies":"Small Slimes","floor":4,"turns":2},{"damage":3,"enemies":"Jaw Worm","floor":7,"turns":2},{"damage":5,"enemies":"Looter","floor":11,"turns":3},{"damage":0,"enemies":"Gremlin Gang","floor":12,"turns":1},{"damage":6,"enemies":"Gremlin Nob","floor":13,"turns":3},{"damage":0,"enemies":"2 Fungi Beasts","floor":14,"turns":2},{"damage":62,"enemies":"The Guardian","floor":16,"turns":9},{"damage":2,"enemies":"Chosen","floor":18,"turns":4},{"damage":22,"enemies":"Gremlin Leader","floor":23,"turns":5},{"damage":18,"enemies":"Shell Parasite","floor":24,"turns":5},{"damage":35,"enemies":"Book of Stabbing","floor":25,"turns":5}],"seed_played":"-3450083694395563784","potions_obtained":[{"floor":1,"key":"Weak Potion"},{"floor":12,"key":"AttackPotion"},{"floor":16,"key":"SteroidPotion"}],"is_trial":false,"path_per_floor":["M","T","$","M","$","R","M","?","T","R","M","M","E","M","R","B",null,"M","?","$","?","?","E","M","E"],"character_chosen":"IRONCLAD","items_purchased":["Anger","Thunderclap","Shuriken"],"campfire_rested":0,"item_purchase_floors":[3,5,20],"current_hp_per_floor":[80,80,80,80,80,80,80,80,87,87,87,87,87,87,87,31,87,87,70,70,70,61,45,33,0],"gold":223,"neow_bonus":"RANDOM_COMMON_RELIC","is_prod":false,"is_daily":false,"chose_seed":false,"campfire_upgraded":3,"win_rate":0,"timestamp":1555660494,"path_taken":["M","?","?","M","$","R","M","?","T","R","M","M","E","M","R","BOSS","M","?","$","?","?","E","M","E"],"build_version":"2019-01-23","purchased_purges":1,"victory":false,"max_hp_per_floor":[80,80,80,80,80,80,80,80,87,87,87,87,87,87,87,87,87,87,92,92,92,92,92,92,92],"card_choices":[{"not_picked":["Hemokinesis","Shockwave","Sever Soul"],"picked":"SKIP","floor":1},{"not_picked":["Entrench","Searing Blow"],"picked":"Shrug It Off","floor":4},{"not_picked":["Armaments","Sword Boomerang"],"picked":"Cleave","floor":7},{"not_picked":["Cleave","True Grit"],"picked":"Clash","floor":11},{"not_picked":["Headbutt","Metallicize","Flex"],"picked":"SKIP","floor":12},{"not_picked":["Berserk","Bloodletting","Body Slam"],"picked":"SKIP","floor":13},{"not_picked":["Rage","Armaments"],"picked":"Thunderclap","floor":14},{"not_picked":["Pummel","Havoc"],"picked":"Shrug It Off","floor":14},{"not_picked":["Wild Strike","Twin Strike","Perfected Strike"],"picked":"SKIP","floor":18},{"not_picked":["Juggernaut","Inflame+1","Wild Strike"],"picked":"SKIP","floor":18},{"not_picked":["Barricade","Headbutt"],"picked":"Sword Boomerang+1","floor":23},{"not_picked":["Rampage+1","Headbutt"],"picked":"Clash+1","floor":24},{"not_picked":["Sever Soul","True Grit"],"picked":"Armaments+1","floor":24}],"player_experience":1196393,"relics_obtained":[{"floor":2,"key":"Bag of Preparation"},{"floor":9,"key":"Strawberry"},{"floor":13,"key":"Prayer Wheel"},{"floor":23,"key":"Smiling Mask"}],"event_choices":[{"cards_removed":["Strike_R"],"damage_healed":0,"gold_gain":0,"player_choice":"Purged","damage_taken":0,"max_hp_gain":0,"max_hp_loss":0,"event_name":"Purifier","floor":8,"gold_loss":0},{"damage_healed":0,"gold_gain":0,"player_choice":"Shed Blood","damage_taken":22,"max_hp_gain":5,"max_hp_loss":0,"event_name":"Forgotten Altar","floor":19,"gold_loss":0},{"damage_healed":0,"gold_gain":99,"player_choice":"Stole From Cult","damage_taken":0,"max_hp_gain":0,"max_hp_loss":0,"event_name":"Nest","floor":21,"gold_loss":0},{"damage_healed":0,"gold_gain":75,"player_choice":"Touch","damage_taken":9,"max_hp_gain":0,"max_hp_loss":0,"event_name":"FaceTrader","floor":22,"gold_loss":0}],"is_beta":false,"boss_relics":[{"not_picked":["Runic Cube","Snecko Eye"],"picked":"Eternal Feather"}],"items_purged_floors":[5],"is_endless":false,"potions_floor_spawned":[1,12,16],"killed_by":"Book of Stabbing","ascension_level":0}