{"gold_per_floor":[113,127,140,9,23,34,34,46,46,57,71,71,171,184,184,283,283,296,314,105,119,34,34,34],"floor_reached":24,"playtime":1657,"items_purged":[],"score":310,"play_id":"b03d0822-242a-4c86-b950-44178e1a1ce8","local_time":"20180816105500","is_ascension_mode":true,"campfire_choices":[{"data":"Buffer","floor":7,"key":"SMITH"},{"data":"Go for the Eyes","floor":12,"key":"SMITH"},{"floor":15,"key":"REST"},{"data":"Zap","floor":23,"key":"SMITH"}],"neow_cost":"NONE","seed_source_timestamp":76398717531251,"circlet_count":0,"master_deck":["Strike_B","Strike_B","Strike_B","Defend_B","Defend_B","Defend_B","Defend_B","Zap+1","Dualcast","AscendersBane","Buffer+1","Rebound","Conserve Battery","Ball Lightning","Sweeping Beam","Capacitor","Hologram","Auto Shields","Go for the Eyes+1","Seek","Genetic Algorithm","Seek","BootSequence","Conserve Battery+1","Ball Lightning"],"relics":["Cracked Core","Oddly Smooth Stone","Nuclear Battery","ClockworkSouvenir","Cables"],"potions_floor_usage":[19],"damage_taken":[{"damage":0,"enemies":"Cultist","floor":1,"turns":4},{"damage":7,"enemies":"Small Slimes","floor":2,"turns":3},{"damage":2,"enemies":"Jaw Worm","floor":3,"turns":3},{"damage":6,"enemies":"Blue Slaver","floor":5,"turns":3},{"damage":4,"enemies":"Looter","floor":6,"turns":3},{"damage":4,"enemies":"3 Louse","floor":8,"turns":3},{"damage":0,"enemies":"Large Slime","floor":10,"turns":5},{"damage":8,"enemies":"Lots of Slimes","floor":11,"turns":3},{"damage":0,"enemies":"2 Fungi Beasts","floor":14,"turns":4},{"damage":24,"enemies":"The Guardian","floor":16,"turns":12},{"damage":0,"enemies":"Chosen","floor":18,"turns":5},{"damage":4,"enemies":"3 Byrds","floor":19,"turns":4},{"damage":0,"enemies":"Snecko","floor":21,"turns":6},{"damage":82,"enemies":"Gremlin Leader","floor":24,"turns":8}],"seed_played":"6389358507607651435","potions_obtained":[{"floor":1,"key":"Dexterity Potion"},{"floor":8,"key":"Fire Potion"},{"floor":16,"key":"FairyPotion"}],"is_trial":false,"path_per_floor":["M","M","M","$","M","M","R","M","T","M","M","R","?","M","R","B",null,"M","M","$","M","?","R"],"character_chosen":"DEFECT","items_purchased":["Ball Lightning","Sweeping Beam","Capacitor","ClockworkSouvenir"],"campfire_rested":1,"item_purchase_floors":[4,4,4,20],"current_hp_per_floor":[68,61,59,59,53,49,49,45,45,45,37,37,37,37,59,35,65,65,61,61,61,61,61,0],"gold":34,"neow_bonus":"TRANSFORM_CARD","is_prod":false,"is_daily":false,"chose_seed":false,"campfire_upgraded":3,"win_rate":0,"timestamp":1534384500,"path_taken":["M","M","M","?","M","?","R","M","T","M","M","R","?","M","R","BOSS","M","M","$","M","?","R","E"],"build_version":"2018-08-09","purchased_purges":0,"victory":false,"max_hp_per_floor":[75,75,75,75,75,75,75,75,75,75,75,75,75,75,75,75,75,75,75,75,75,75,75,75],"card_choices":[{"not_picked":["Lockon","Tempest"],"picked":"Rebound","floor":1},{"not_picked":["Hello World","Beam Cell"],"picked":"Conserve Battery","floor":2},{"not_picked":["Reprogram","Storm","Redo"],"picked":"SKIP","floor":3},{"not_picked":["Turbo","Steam"],"picked":"Hologram","floor":5},{"not_picked":["Hologram","Rebound"],"picked":"Auto Shields","floor":6},{"not_picked":["Sweeping Beam","Storm"],"picked":"Go for the Eyes","floor":8},{"not_picked":["Cold Snap","Steam"],"picked":"Seek","floor":10},{"not_picked":["Sweeping Beam","Chaos"],"picked":"Genetic Algorithm","floor":11},{"not_picked":["Skim","Heatsinks","Coolheaded"],"picked":"SKIP","floor":14},{"not_picked":["Machine Learning","Reboot"],"picked":"Seek","floor":16},{"not_picked":["Auto Shields","Streamline"],"picked":"BootSequence","floor":18},{"not_picked":["Redo","White Noise"],"picked":"Conserve Battery+1","floor":19},{"not_picked":["Beam Cell","Scrape"],"picked":"Ball Lightning","floor":21}],"player_experience":223112,"relics_obtained":[{"floor":9,"key":"Oddly Smooth Stone"}],"event_choices":[{"event_name":"Wheel of Change","player_choice":"Gold","floor":13,"damage_taken":0},{"event_name":"Addict","player_choice":"Obtained Relic","floor":22,"damage_taken":0}],"is_beta":false,"boss_relics":[{"not_picked":["Black Star","FrozenCore"],"picked":"Nuclear Battery"}],"items_purged_floors":[],"is_endless":false,"potions_floor_spawned":[1,8,11,16,18],"killed_by":"Gremlin Leader","ascension_level":12}