{"gold_per_floor":[18,18,18,18,41,41,74,74,101,121,136,169,188,188,188,307,307,331,246,246,270,289,289,330,330,354,354,354,354,62,87,87,213,213,228,296,312,18,37,80,0,0],"floor_reached":42,"playtime":3289,"items_purged":["Strike_B"],"score":572,"play_id":"38209282-c712-4c98-bff9-3bbbc4c913f7","local_time":"20190805150343","is_ascension_mode":true,"campfire_choices":[{"data":"Rebound","floor":6,"key":"SMITH"},{"floor":8,"key":"REST"},{"data":"Capacitor","floor":15,"key":"SMITH"},{"data":"Biased Cognition","floor":23,"key":"SMITH"},{"data":"All For One","floor":27,"key":"SMITH"},{"floor":32,"key":"REST"}],"neow_cost":"NO_GOLD","seed_source_timestamp":17076143844995,"circlet_count":0,"master_deck":["Strike_B","Strike_B","Strike_B","Defend_B","Defend_B","Defend_B","Defend_B","Zap","Dualcast","Rebound+1","Coolheaded","Coolheaded","Go for the Eyes","Biased Cognition+1","Sweeping Beam","Capacitor+1","Echo Form","Beam Cell","Genetic Algorithm+1","Barrage+1","All For One+1","Pain","Static Discharge","Rip and Tear","Consume","Self Repair+1","Ball Lightning","Electrodynamics","Loop+1","Storm+1","Stack","Compile Driver+1","Coolheaded+1","Lockon","Hologram","Cold Snap+1"],"relics":["Cracked Core","Mango","Golden Idol","Bag of Marbles","Ancient Tea Set","Letter Opener","Cursed Key","Matryoshka","GremlinMask","Strawberry","Omamori","Dream Catcher","Bird Faced Urn","Boot","Prayer Wheel","Membership Card","Inserter","Unceasing Top","Lee\u0027s Waffle","Bottled Tornado","Ginger","Red Mask"],"potions_floor_usage":[12,16,31,33,33,36,39],"damage_taken":[{"damage":0,"enemies":"Cultist","floor":1,"turns":3},{"damage":7,"enemies":"Small Slimes","floor":5,"turns":3},{"damage":28,"enemies":"Lagavulin","floor":7,"turns":5},{"damage":5,"enemies":"Jaw Worm","floor":10,"turns":4},{"damage":9,"enemies":"2 Fungi Beasts","floor":11,"turns":4},{"damage":4,"enemies":"3 Sentries","floor":12,"turns":2},{"damage":7,"enemies":"Blue Slaver","floor":13,"turns":3},{"damage":31,"enemies":"Hexaghost","floor":16,"turns":16},{"damage":17,"enemies":"2 Thieves","floor":18,"turns":4},{"damage":10,"enemies":"Chosen","floor":21,"turns":5},{"damage":10,"enemies":"Centurion and Healer","floor":22,"turns":6},{"damage":29,"enemies":"Book of Stabbing","floor":24,"turns":6},{"damage":17,"enemies":"Cultist and Chosen","floor":31,"turns":4},{"damage":38,"enemies":"Champ","floor":33,"turns":8},{"damage":15,"enemies":"Orb Walker","floor":35,"turns":3},{"damage":37,"enemies":"2 Orb Walkers","floor":36,"turns":3},{"damage":49,"enemies":"3 Shapes","floor":37,"turns":4},{"damage":31,"enemies":"Writhing Mass","floor":39,"turns":5},{"damage":56,"enemies":"Reptomancer","floor":40,"turns":5},{"damage":81,"enemies":"Giant Head","floor":42,"turns":7}],"seed_played":"1005659740802962578","potions_obtained":[{"floor":5,"key":"GamblersBrew"},{"floor":10,"key":"PowerPotion"},{"floor":16,"key":"EssenceOfSteel"},{"floor":18,"key":"GamblersBrew"},{"floor":24,"key":"FocusPotion"},{"floor":31,"key":"PowerPotion"},{"floor":36,"key":"Ancient Potion"}],"is_trial":false,"path_per_floor":["M","?","?","$","M","R","E","R","T","M","M","E","M","?","R","B",null,"M","?","?","M","M","R","E","?","T","R","?","T","$","M","R","B",null,"M","?","M","$","M","E","?","E"],"character_chosen":"DEFECT","items_purchased":["Membership Card","Static Discharge","Rip and Tear","Lockon","Lee\u0027s Waffle","Bottled Tornado","SkillPotion"],"campfire_rested":2,"item_purchase_floors":[30,30,30,38,38,38,38],"current_hp_per_floor":[89,67,67,67,60,60,32,58,58,53,44,40,33,62,62,31,89,72,72,72,62,52,52,30,30,30,30,30,30,30,23,51,37,96,83,58,27,103,88,58,58,0],"gold":0,"neow_bonus":"ONE_RARE_RELIC","is_prod":false,"is_daily":false,"chose_seed":false,"campfire_upgraded":4,"win_rate":0,"timestamp":1565010223,"path_taken":["M","?","?","?","M","R","E","R","T","M","M","E","M","?","R","BOSS","M","?","?","M","?","R","E","?","T","R","?","?","$","M","R","BOSS","M","?","M","$","M","E","?","E"],"build_version":"2019-07-17","purchased_purges":1,"victory":false,"max_hp_per_floor":[89,89,89,89,89,89,89,89,89,89,89,89,89,89,89,89,89,89,89,89,89,89,89,96,96,96,96,96,96,96,96,96,96,96,96,96,96,103,103,103,103,103],"card_choices":[{"not_picked":["Steam","Storm"],"picked":"Rebound","floor":1},{"not_picked":["Chill","Redo"],"picked":"Coolheaded","floor":5},{"not_picked":["Steam","Barrage"],"picked":"Coolheaded","floor":7},{"not_picked":["Coolheaded","Hologram"],"picked":"Go for the Eyes","floor":10},{"not_picked":["Force Field","Barrage"],"picked":"Biased Cognition","floor":11},{"not_picked":["Hologram","Stack"],"picked":"Sweeping Beam","floor":12},{"not_picked":["Conserve Battery","Leap"],"picked":"Capacitor","floor":13},{"not_picked":["Multi-Cast","Core Surge"],"picked":"Echo Form","floor":16},{"not_picked":["BootSequence+1","Streamline"],"picked":"Beam Cell","floor":18},{"not_picked":["Rebound","Cold Snap"],"picked":"Genetic Algorithm+1","floor":21},{"not_picked":["Sweeping Beam","Steam"],"picked":"Barrage+1","floor":22},{"not_picked":["Rebound+1","Reprogram"],"picked":"All For One","floor":24},{"not_picked":["Static Discharge","Storm"],"picked":"Consume","floor":31},{"not_picked":["Leap","Go for the Eyes"],"picked":"Self Repair+1","floor":31},{"not_picked":["Sweeping Beam","Beam Cell"],"picked":"Ball Lightning","floor":32},{"not_picked":["Reboot","Hyperbeam"],"picked":"Electrodynamics","floor":33},{"not_picked":["Doom and Gloom+1","Conserve Battery"],"picked":"Loop+1","floor":35},{"not_picked":["Stack","Loop+1"],"picked":"Storm+1","floor":35},{"not_picked":["Redo","Turbo+1"],"picked":"Stack","floor":36},{"not_picked":["Go for the Eyes+1","Turbo"],"picked":"Compile Driver+1","floor":37},{"not_picked":["Rip and Tear+1","Streamline"],"picked":"Coolheaded+1","floor":37},{"not_picked":["Heatsinks","Steam"],"picked":"Hologram","floor":39},{"not_picked":["Steam Power","Fusion+1","Rainbow"],"picked":"SKIP","floor":39},{"not_picked":["Ball Lightning","Fusion"],"picked":"Cold Snap+1","floor":40}],"player_experience":719256,"relics_obtained":[{"floor":7,"key":"Bag of Marbles"},{"floor":9,"key":"Ancient Tea Set"},{"floor":12,"key":"Letter Opener"},{"floor":24,"key":"Strawberry"},{"floor":26,"key":"Omamori"},{"floor":26,"key":"Dream Catcher"},{"floor":29,"key":"Boot"},{"floor":29,"key":"Prayer Wheel"},{"floor":36,"key":"Unceasing Top"},{"floor":40,"key":"Ginger"}],"event_choices":[{"damage_healed":0,"gold_gain":0,"player_choice":"Take Damage","damage_taken":22,"relics_obtained":["Golden Idol"],"max_hp_gain":0,"max_hp_loss":0,"event_name":"Golden Idol","floor":2,"gold_loss":0},{"damage_healed":0,"gold_gain":0,"player_choice":"Ignored","damage_taken":0,"max_hp_gain":0,"max_hp_loss":0,"event_name":"Liars Game","floor":3,"gold_loss":0},{"damage_healed":29,"gold_gain":0,"player_choice":"Banana","damage_taken":0,"max_hp_gain":0,"max_hp_loss":0,"event_name":"Big Fish","floor":14,"gold_loss":0},{"damage_healed":0,"gold_gain":0,"player_choice":"Obtained Relic","damage_taken":0,"relics_obtained":["Matryoshka"],"max_hp_gain":0,"max_hp_loss":0,"event_name":"Addict","floor":19,"gold_loss":85},{"damage_healed":0,"gold_gain":0,"player_choice":"Trade","damage_taken":0,"relics_obtained":["GremlinMask"],"max_hp_gain":0,"max_hp_loss":0,"event_name":"FaceTrader","floor":20,"gold_loss":0},{"damage_healed":0,"gold_gain":0,"player_choice":"Ignored","damage_taken":0,"max_hp_gain":0,"max_hp_loss":0,"event_name":"Ghosts","floor":25,"gold_loss":0},{"damage_healed":0,"gold_gain":0,"player_choice":"Opened","damage_taken":0,"relics_obtained":["Bird Faced Urn"],"max_hp_gain":0,"max_hp_loss":0,"event_name":"The Mausoleum","floor":28,"gold_loss":0},{"damage_healed":0,"gold_gain":0,"player_choice":"Fight","damage_taken":0,"max_hp_gain":0,"max_hp_loss":0,"event_name":"Mysterious Sphere","floor":36,"gold_loss":0},{"damage_healed":0,"gold_gain":0,"player_choice":"Paid","damage_taken":0,"relics_obtained":["Red Mask"],"max_hp_gain":0,"max_hp_loss":0,"event_name":"Tomb of Lord Red Mask","floor":41,"gold_loss":80}],"is_beta":false,"boss_relics":[{"not_picked":["Coffee Dripper","Lizard Tail"],"picked":"Cursed Key"},{"not_picked":["Astrolabe","Runic Pyramid"],"picked":"Inserter"}],"items_purged_floors":[30],"is_endless":false,"potions_floor_spawned":[5,10,16,18,24,31,36],"killed_by":"Giant Head","ascension_level":3}