{"gold_per_floor":[209,209,121,421,25,25,52,52,52,52,65,65,81,101,101,175,175,191,218,234,234,13,44,44,44,44,60,60,79,108,125,125,201,201,212,212,227,237,237,237,272,290,315,315,315],"floor_reached":45,"playtime":2153,"items_purged":["Regret","Strike_G"],"score":1062,"play_id":"38f606bd-64de-4a85-86fc-5d9fb55806cf","local_time":"20190501191750","is_ascension_mode":true,"campfire_choices":[{"data":"Bouncing Flask","floor":6,"key":"SMITH"},{"data":"Well Laid Plans","floor":8,"key":"SMITH"},{"data":"Neutralize","floor":10,"key":"SMITH"},{"data":"Bouncing Flask","floor":12,"key":"SMITH"},{"data":"Noxious Fumes","floor":15,"key":"SMITH"},{"data":"Footwork","floor":24,"key":"SMITH"},{"data":"Survivor","floor":28,"key":"SMITH"},{"data":"Well Laid Plans","floor":32,"key":"SMITH"},{"data":"Wraith Form v2","floor":40,"key":"SMITH"},{"data":"Noxious Fumes","floor":44,"key":"SMITH"}],"neow_cost":"NONE","seed_source_timestamp":733492221911400,"circlet_count":0,"master_deck":["AscendersBane","Defend_G","Defend_G","Defend_G","Defend_G","Defend_G","Strike_G","Strike_G","Strike_G","Survivor+1","Bouncing Flask+1","Bouncing Flask+1","Calculated Gamble+1","Well Laid Plans+1","Dodge and Roll+1","Deadly Poison+1","Noxious Fumes+1","Corpse Explosion+1","Backflip+1","Deadly Poison+1","Blur+1","Footwork+1","Leg Sweep+1","Crippling Poison+1","Well Laid Plans+1","Leg Sweep+1","Wraith Form v2+1","Backflip+1","Noxious Fumes+1","Parasite","Blur+1"],"relics":["Ring of the Snake","Old Coin","Toxic Egg 2","Pen Nib","Thread and Needle","Philosopher\u0027s Stone","Red Mask","Meat on the Bone","Gremlin Horn","Snecko Eye","Blue Candle","Strawberry"],"potions_floor_usage":[7,19,29,45],"damage_taken":[{"damage":9,"enemies":"Small Slimes","floor":1,"turns":4},{"damage":19,"enemies":"Lagavulin","floor":7,"turns":5},{"damage":0,"enemies":"Cultist","floor":11,"turns":3},{"damage":0,"enemies":"2 Louse","floor":13,"turns":2},{"damage":1,"enemies":"Blue Slaver","floor":14,"turns":3},{"damage":9,"enemies":"Slime Boss","floor":16,"turns":8},{"damage":0,"enemies":"Spheric Guardian","floor":18,"turns":2},{"damage":2,"enemies":"Masked Bandits","floor":19,"turns":2},{"damage":0,"enemies":"3 Byrds","floor":20,"turns":2},{"damage":15,"enemies":"Slavers","floor":23,"turns":4},{"damage":1,"enemies":"Shelled Parasite and Fungi","floor":27,"turns":4},{"damage":15,"enemies":"Snecko","floor":29,"turns":5},{"damage":9,"enemies":"Book of Stabbing","floor":30,"turns":6},{"damage":3,"enemies":"Snake Plant","floor":31,"turns":5},{"damage":10,"enemies":"Champ","floor":33,"turns":11},{"damage":26,"enemies":"3 Darklings","floor":35,"turns":3},{"damage":3,"enemies":"3 Shapes","floor":37,"turns":4},{"damage":0,"enemies":"Maw","floor":38,"turns":7},{"damage":0,"enemies":"Giant Head","floor":41,"turns":9},{"damage":18,"enemies":"Writhing Mass","floor":42,"turns":5},{"damage":34,"enemies":"Reptomancer","floor":45,"turns":7}],"seed_played":"-1182022517570179135","potions_obtained":[{"floor":1,"key":"Regen Potion"},{"floor":11,"key":"Poison Potion"},{"floor":18,"key":"Poison Potion"},{"floor":20,"key":"Fruit Juice"},{"floor":31,"key":"Energy Potion"},{"floor":33,"key":"Weak Potion"},{"floor":38,"key":"Swift Potion"}],"is_trial":false,"path_per_floor":["M","?","$","?","$","R","E","R","T","R","M","R","M","M","R","B",null,"M","?","M","?","$","E","R","?","T","M","R","M","E","M","R","B",null,"M","?","M","M","?","R","E","M","T","R","E"],"character_chosen":"THE_SILENT","items_purchased":["Bouncing Flask","Toxic Egg 2","Calculated Gamble+1","Blur+1","Footwork"],"campfire_rested":0,"item_purchase_floors":[3,5,5,22,22],"current_hp_per_floor":[50,50,50,50,50,50,46,46,46,46,46,46,46,45,45,36,59,59,57,57,57,57,42,42,24,24,35,35,37,40,49,49,39,67,41,41,50,50,50,50,50,44,51,51,17],"gold":315,"neow_bonus":"HUNDRED_GOLD","is_prod":false,"is_daily":false,"chose_seed":false,"campfire_upgraded":10,"win_rate":0,"timestamp":1556727470,"path_taken":["M","?","?","?","$","R","E","R","T","R","M","R","M","M","R","BOSS","M","?","M","?","$","E","R","?","T","M","R","M","E","M","R","BOSS","M","?","?","?","?","R","E","M","T","R","E"],"build_version":"2019-01-23","purchased_purges":2,"victory":false,"max_hp_per_floor":[66,66,66,66,66,66,66,66,66,66,66,66,66,66,66,66,66,66,66,66,66,66,66,66,71,71,71,71,76,76,76,76,76,76,76,76,76,76,76,76,76,76,83,83,83],"card_choices":[{"not_picked":["Slice","Deflect"],"picked":"Bouncing Flask","floor":1},{"not_picked":["Flechettes","Slice"],"picked":"Well Laid Plans","floor":7},{"not_picked":["Acrobatics+1","Backstab"],"picked":"Dodge and Roll+1","floor":11},{"not_picked":["Dash","Sucker Punch"],"picked":"Deadly Poison+1","floor":13},{"not_picked":["Infinite Blades","Leg Sweep+1"],"picked":"Noxious Fumes","floor":14},{"not_picked":["Malaise+1","Venomology+1"],"picked":"Corpse Explosion+1","floor":16},{"not_picked":["Flechettes","Masterful Stab","Dagger Throw"],"picked":"SKIP","floor":18},{"not_picked":["Masterful Stab","Setup+1"],"picked":"Backflip+1","floor":19},{"not_picked":["Slice","Riddle With Holes"],"picked":"Deadly Poison+1","floor":20},{"not_picked":["Backstab","Dagger Throw+1","Underhanded Strike"],"picked":"SKIP","floor":23},{"not_picked":["Heel Hook+1","Outmaneuver+1"],"picked":"Leg Sweep+1","floor":27},{"not_picked":["Terror+1","Prepared+1"],"picked":"Crippling Poison+1","floor":29},{"not_picked":["Distraction+1","Concentrate+1"],"picked":"Well Laid Plans","floor":30},{"not_picked":["Quick Slash","Deadly Poison+1"],"picked":"Leg Sweep+1","floor":31},{"not_picked":["Venomology+1","Tools of the Trade"],"picked":"Wraith Form v2","floor":33},{"not_picked":["Well Laid Plans","Masterful Stab","Dagger Spray+1"],"picked":"SKIP","floor":35},{"not_picked":["Prepared+1","Blade Dance+1"],"picked":"Backflip+1","floor":37},{"not_picked":["Flechettes+1","Dagger Throw+1"],"picked":"Noxious Fumes","floor":38},{"not_picked":["Skewer","Underhanded Strike","Choke"],"picked":"SKIP","floor":41},{"not_picked":["Deadly Poison+1","After Image"],"picked":"Blur+1","floor":42}],"player_experience":1282879,"relics_obtained":[{"floor":7,"key":"Pen Nib"},{"floor":9,"key":"Thread and Needle"},{"floor":19,"key":"Red Mask"},{"floor":23,"key":"Meat on the Bone"},{"floor":30,"key":"Gremlin Horn"},{"floor":41,"key":"Blue Candle"},{"floor":43,"key":"Strawberry"}],"event_choices":[{"cards_removed":["Strike_G"],"damage_healed":0,"gold_gain":0,"player_choice":"Offered Basic","damage_taken":0,"max_hp_gain":0,"max_hp_loss":0,"event_name":"Bonfire Elementals","floor":2,"gold_loss":0},{"damage_healed":0,"gold_gain":0,"player_choice":"Box","damage_taken":0,"relics_obtained":["Old Coin"],"max_hp_gain":0,"max_hp_loss":0,"event_name":"Big Fish","floor":4,"gold_loss":0,"cards_obtained":["Regret"]},{"damage_healed":0,"gold_gain":0,"player_choice":"Fought Bandits","damage_taken":0,"max_hp_gain":0,"max_hp_loss":0,"event_name":"Masked Bandits","floor":19,"gold_loss":0},{"damage_healed":0,"gold_gain":0,"player_choice":"Ignored","damage_taken":0,"max_hp_gain":0,"max_hp_loss":0,"event_name":"Ghosts","floor":21,"gold_loss":0},{"damage_healed":0,"gold_gain":0,"player_choice":"Shed Blood","damage_taken":23,"max_hp_gain":5,"max_hp_loss":0,"event_name":"Forgotten Altar","floor":25,"gold_loss":0},{"damage_healed":0,"gold_gain":0,"player_choice":"Got Potions","damage_taken":0,"max_hp_gain":0,"max_hp_loss":0,"event_name":"Lab","floor":36,"gold_loss":0},{"cards_removed":["Neutralize"],"damage_healed":0,"gold_gain":0,"player_choice":"Removed Attack","damage_taken":0,"max_hp_gain":0,"max_hp_loss":0,"event_name":"Falling","floor":39,"gold_loss":0}],"is_beta":false,"boss_relics":[{"not_picked":["Empty Cage","WristBlade"],"picked":"Philosopher\u0027s Stone"},{"not_picked":["Busted Crown","Calling Bell"],"picked":"Snecko Eye"}],"items_purged_floors":[5,22],"is_endless":false,"potions_floor_spawned":[1,11,18,20,31,33,35,38,41],"killed_by":"Reptomancer","ascension_level":20}