{"gold_per_floor":[117,43,43,2,25,51,65,65,92,92,92,92,102,117,117,215,215,231,246,258,276,287,317,317,180,205,305,138,163,32,32,32,130,130,147,199,199,149,163,163,195,195,218,168,390,390,415,415,415,415],"floor_reached":51,"playtime":5547,"items_purged":["Strike_B","Strike_B","Strike_B","Strike_B","Defend_B"],"score":767,"play_id":"8cb0f8b8-8db9-4bd7-a1bf-bb2b20f32b7d","local_time":"20190925200904","is_ascension_mode":false,"campfire_choices":[{"data":"Defragment","floor":8.0,"key":"SMITH"},{"data":"Defragment","floor":10.0,"key":"SMITH"},{"data":"Zap","floor":12.0,"key":"SMITH"},{"data":"Coolheaded","floor":15.0,"key":"SMITH"},{"data":"Echo Form","floor":24.0,"key":"SMITH"},{"floor":32.0,"key":"REST"},{"data":"Defragment","floor":40,"key":"SMITH"},{"data":"Coolheaded","floor":42,"key":"SMITH"},{"data":"Buffer","floor":46,"key":"SMITH"},{"data":"Thunder Strike","floor":49,"key":"SMITH"}],"neow_cost":"NONE","seed_source_timestamp":0,"circlet_count":0,"master_deck":["Defend_B","Defend_B","Defend_B","Zap+1","Dualcast","Coolheaded+1","Defragment+1","Defragment+1","Force Field","Sweeping Beam","Conserve Battery","Echo Form+1","Coolheaded+1","Rebound","Redo+1","Self Repair+1","Reboot","Blizzard+1","Defragment+1","Ball Lightning","Ball Lightning","Force Field","Conserve Battery","Hologram+1","Blind","Buffer+1","Redo+1","Hologram+1","Coolheaded+1","FTL+1","Thunder Strike+1"],"special_seed":0,"relics":["Cracked Core","NeowsBlessing","Juzu Bracelet","Vajra","Smiling Mask","FaceOfCleric","Nuclear Battery","Bag of Marbles","Art of War","Girya","Pear","Red Mask","Sozu","Emotion Chip","Lantern","Oddly Smooth Stone","Shovel"],"potions_floor_usage":[],"damage_taken":[{"damage":0.0,"enemies":"2 Louse","floor":1.0,"turns":1.0},{"damage":0.0,"enemies":"Gremlin Nob","floor":6.0,"turns":1.0},{"damage":0.0,"enemies":"Cultist","floor":7.0,"turns":1.0},{"damage":1.0,"enemies":"Jaw Worm","floor":13.0,"turns":3.0},{"damage":0.0,"enemies":"Gremlin Gang","floor":14.0,"turns":3.0},{"damage":12.0,"enemies":"Slime Boss","floor":16.0,"turns":7.0},{"damage":8.0,"enemies":"3 Byrds","floor":18.0,"turns":4.0},{"damage":1.0,"enemies":"Chosen","floor":19.0,"turns":5.0},{"damage":0.0,"enemies":"Snecko","floor":20.0,"turns":6.0},{"damage":32.0,"enemies":"Snake Plant","floor":21.0,"turns":6.0},{"damage":8.0,"enemies":"Shelled Parasite and Fungi","floor":22.0,"turns":7.0},{"damage":32.0,"enemies":"Gremlin Leader","floor":23.0,"turns":9.0},{"damage":9.0,"enemies":"Colosseum Slavers","floor":27.0,"turns":4.0},{"damage":21.0,"enemies":"Colosseum Nobs","floor":27.0,"turns":5.0},{"damage":29.0,"enemies":"Masked Bandits","floor":29.0,"turns":4.0},{"damage":2.0,"enemies":"Champ","floor":33.0,"turns":12.0},{"damage":0.0,"enemies":"Orb Walker","floor":35.0,"turns":4.0},{"damage":33,"enemies":"2 Orb Walkers","floor":36,"turns":5},{"damage":0,"enemies":"3 Shapes","floor":39,"turns":3},{"damage":0,"enemies":"Giant Head","floor":41,"turns":12},{"damage":0,"enemies":"Nemesis","floor":47,"turns":7},{"damage":16,"enemies":"Time Eater","floor":50,"turns":15}],"seed_played":"9048422087545275379","potions_obtained":[{"floor":1.0,"key":"SteroidPotion"},{"floor":7.0,"key":"Weak Potion"},{"floor":13.0,"key":"Fire Potion"},{"floor":18.0,"key":"EssenceOfSteel"},{"floor":27.0,"key":"FearPotion"},{"floor":29.0,"key":"FearPotion"}],"is_trial":false,"path_per_floor":["M","$","?","$","T","E","M","R","T","R","?","R","M","M","R","B",null,"M","M","M","M","M","E","R","$","T","?","$","?","$","?","R","B",null,"M","?","?","$","M","R","E","R","T","$","?","R","E","?","R","B",null],"character_chosen":"DEFECT","items_purchased":["Defragment","Defragment","Defragment","Ball Lightning","Force Field","Conserve Battery","Blind"],"campfire_rested":1,"item_purchase_floors":[2,4,25,25,28,28,30],"current_hp_per_floor":[75,75,75,75,75,75,75,75,75,75,75,75,75,76,76,65,78,71,71,72,41,54,43,43,43,43,45,45,17,17,49,78,77,98,99,77,77,77,88,88,89,89,89,89,89,89,100,98,98,83],"gold":415,"neow_bonus":"THREE_ENEMY_KILL","is_prod":false,"is_daily":false,"chose_seed":false,"campfire_upgraded":9,"win_rate":0,"timestamp":1569409744,"path_taken":["M","$","?","$","?","E","M","R","T","R","?","R","M","M","R","BOSS","M","M","M","M","M","E","R","$","T","?","$","?","$","?","R","BOSS","M","?","?","$","M","R","E","R","T","$","?","R","E","?","R","BOSS"],"build_version":"2019-07-17","purchased_purges":5,"victory":true,"max_hp_per_floor":[75,75,75,75,75,75,75,75,75,75,75,75,76,77,77,78,78,79,80,81,82,83,84,84,84,84,96,96,97,97,97,97,98,98,99,100,100,100,101,101,102,102,102,102,102,102,103,98,98,99],"card_choices":[{"not_picked":["Lockon","Static Discharge"],"picked":"Coolheaded","floor":1.0},{"not_picked":["Beam Cell","Rainbow"],"picked":"Redo","floor":6.0},{"not_picked":["Redo","Rebound"],"picked":"Force Field","floor":7.0},{"not_picked":["Beam Cell","Leap"],"picked":"Sweeping Beam","floor":13.0},{"not_picked":["Reprogram","Turbo"],"picked":"Conserve Battery","floor":14.0},{"not_picked":["All For One","Core Surge"],"picked":"Echo Form","floor":16.0},{"not_picked":["Loop","Beam Cell"],"picked":"Coolheaded","floor":18.0},{"not_picked":["Stack+1","Doom and Gloom"],"picked":"Rebound","floor":19.0},{"not_picked":["Reinforced Body","Hologram"],"picked":"Redo+1","floor":20.0},{"not_picked":["Undo","Steam Power"],"picked":"Self Repair+1","floor":21.0},{"not_picked":["Compile Driver","Rebound"],"picked":"Reboot","floor":22.0},{"not_picked":["Chill+1","Beam Cell+1"],"picked":"Blizzard+1","floor":23.0},{"not_picked":["Barrage","White Noise"],"picked":"Ball Lightning","floor":27.0},{"not_picked":["Cold Snap+1","Conserve Battery+1"],"picked":"Hologram+1","floor":29.0},{"not_picked":["Biased Cognition","Multi-Cast"],"picked":"Buffer","floor":33.0},{"not_picked":["Steam+1","Lockon"],"picked":"Redo+1","floor":35.0},{"not_picked":["Undo+1","Streamline+1"],"picked":"Hologram+1","floor":36},{"not_picked":["Conserve Battery","Sweeping Beam+1"],"picked":"Coolheaded+1","floor":39},{"not_picked":["Stack","Sweeping Beam"],"picked":"FTL+1","floor":41},{"not_picked":["Gash+1","Redo"],"picked":"Thunder Strike","floor":47}],"player_experience":477637,"relics_obtained":[{"floor":5.0,"key":"Juzu Bracelet"},{"floor":6.0,"key":"Vajra"},{"floor":9.0,"key":"Smiling Mask"},{"floor":23.0,"key":"Bag of Marbles"},{"floor":26.0,"key":"Art of War"},{"floor":27.0,"key":"Girya"},{"floor":27.0,"key":"Pear"},{"floor":29.0,"key":"Red Mask"},{"floor":36,"key":"Emotion Chip"},{"floor":41,"key":"Lantern"},{"floor":43,"key":"Oddly Smooth Stone"},{"floor":47,"key":"Shovel"}],"event_choices":[{"damage_healed":0.0,"max_hp_gain":0.0,"max_hp_loss":0.0,"gold_gain":0.0,"event_name":"NoteForYourself","player_choice":"Ignored","floor":3.0,"gold_loss":0.0,"damage_taken":0.0},{"damage_healed":0.0,"max_hp_gain":0.0,"max_hp_loss":0.0,"gold_gain":0.0,"event_name":"FaceTrader","player_choice":"Trade","floor":11.0,"gold_loss":0.0,"damage_taken":0.0,"relics_obtained":["FaceOfCleric"]},{"damage_healed":0.0,"max_hp_gain":0.0,"max_hp_loss":0.0,"gold_gain":0.0,"event_name":"Colosseum","player_choice":"Fight","floor":27.0,"gold_loss":0.0,"damage_taken":0.0},{"damage_healed":0.0,"max_hp_gain":0.0,"max_hp_loss":0.0,"gold_gain":0.0,"event_name":"Colosseum","player_choice":"Fought Nobs","floor":27.0,"gold_loss":0.0,"damage_taken":0.0},{"damage_healed":0.0,"max_hp_gain":0.0,"max_hp_loss":0.0,"gold_gain":0.0,"event_name":"Masked Bandits","player_choice":"Fought Bandits","floor":29.0,"gold_loss":0.0,"damage_taken":0.0},{"damage_healed":32.0,"max_hp_gain":0.0,"max_hp_loss":0.0,"gold_gain":0.0,"event_name":"The Library","player_choice":"Heal","floor":31.0,"gold_loss":0.0,"damage_taken":0.0},{"damage_healed":0,"gold_gain":0,"player_choice":"Fight","damage_taken":0,"max_hp_gain":0,"max_hp_loss":0,"event_name":"Mysterious Sphere","floor":36,"gold_loss":0},{"cards_removed":["Redo"],"damage_healed":0,"gold_gain":0,"player_choice":"Removed Skill","damage_taken":0,"max_hp_gain":0,"max_hp_loss":0,"event_name":"Falling","floor":37,"gold_loss":0},{"damage_healed":0,"gold_gain":222,"player_choice":"Wore Mask","damage_taken":0,"max_hp_gain":0,"max_hp_loss":0,"event_name":"Tomb of Lord Red Mask","floor":45,"gold_loss":0},{"damage_healed":0,"gold_gain":0,"player_choice":"Max HP","damage_taken":0,"max_hp_gain":0,"max_hp_loss":5,"event_name":"Winding Halls","floor":48,"gold_loss":0}],"is_beta":false,"boss_relics":[{"not_picked":["Runic Pyramid","Tiny House"],"picked":"Nuclear Battery"},{"not_picked":["Empty Cage","White Beast Statue"],"picked":"Sozu"}],"items_purged_floors":[25,28,30,38,44],"is_endless":false,"potions_floor_spawned":[1,7,13,18,27,27,29,35,39],"ascension_level":0}