{"gold_per_floor":[109,109,29,29,50,50,88,104,128,151,151,170,170,183,183,304,304,229,242,242,261,271,271,271,282,282,282,294,314,324,336,336,433,433,447,447,464,475,475,475,475],"floor_reached":41,"playtime":2872,"items_purged":[],"score":509,"play_id":"2624bd0a-05d2-44b6-97b1-3a6713e7920e","local_time":"20190109235736","is_ascension_mode":true,"campfire_choices":[{"data":"Noxious Fumes","floor":13.0,"key":"SMITH"},{"floor":15.0,"key":"REST"},{"data":"Deflect","floor":23.0,"key":"SMITH"},{"data":"Burst","floor":27.0,"key":"SMITH"},{"floor":32.0,"key":"REST"},{"data":"Deflect","floor":40,"key":"SMITH"}],"neow_cost":"NONE","seed_source_timestamp":511717624639384,"circlet_count":0,"master_deck":["Defend_G","Defend_G","Defend_G","Defend_G","Defend_G","Strike_G","Strike_G","Strike_G","Survivor","Neutralize","Well Laid Plans","Escape Plan","Escape Plan","Bouncing Flask","Noxious Fumes+1","Caltrops","Burst+1","Deflect+1","Leg Sweep+1","Caltrops+1","Setup+1","Deflect+1","Adrenaline","Decay"],"special_seed":0,"relics":["Ring of the Snake","NeowsBlessing","Bloody Idol","Regal Pillow","Vajra","Happy Flower","Runic Pyramid","Lantern","Eternal Feather"],"potions_floor_usage":[41],"damage_taken":[{"damage":0.0,"enemies":"2 Louse","floor":1.0,"turns":1.0},{"damage":0.0,"enemies":"Small Slimes","floor":5.0,"turns":1.0},{"damage":0.0,"enemies":"3 Sentries","floor":7.0,"turns":1.0},{"damage":2.0,"enemies":"Cultist","floor":8.0,"turns":4.0},{"damage":0.0,"enemies":"3 Louse","floor":10.0,"turns":4.0},{"damage":11.0,"enemies":"Lots of Slimes","floor":12.0,"turns":6.0},{"damage":6.0,"enemies":"Exordium Wildlife","floor":14.0,"turns":5.0},{"damage":19.0,"enemies":"The Guardian","floor":16.0,"turns":9.0},{"damage":12.0,"enemies":"2 Thieves","floor":18.0,"turns":5.0},{"damage":0.0,"enemies":"3 Byrds","floor":19.0,"turns":3.0},{"damage":23.0,"enemies":"Sentry and Sphere","floor":21.0,"turns":6.0},{"damage":3.0,"enemies":"Snake Plant","floor":22.0,"turns":5.0},{"damage":0.0,"enemies":"Snecko","floor":25.0,"turns":5.0},{"damage":0.0,"enemies":"Cultist and Chosen","floor":28.0,"turns":6.0},{"damage":0.0,"enemies":"Chosen and Byrds","floor":29.0,"turns":5.0},{"damage":25.0,"enemies":"Sentry and Sphere","floor":30.0,"turns":6.0},{"damage":4.0,"enemies":"Shelled Parasite and Fungi","floor":31.0,"turns":6.0},{"damage":14.0,"enemies":"Automaton","floor":33.0,"turns":12.0},{"damage":16.0,"enemies":"3 Shapes","floor":35.0,"turns":5.0},{"damage":20.0,"enemies":"Orb Walker","floor":37.0,"turns":4.0},{"damage":11.0,"enemies":"3 Darklings","floor":38.0,"turns":5.0},{"damage":71,"enemies":"Giant Head","floor":41,"turns":9}],"seed_played":"3673187465040920158","potions_obtained":[{"floor":7.0,"key":"Block Potion"},{"floor":8.0,"key":"GhostInAJar"},{"floor":14.0,"key":"SpeedPotion"},{"floor":22.0,"key":"SkillPotion"},{"floor":33.0,"key":"Strength Potion"},{"floor":38.0,"key":"Fire Potion"}],"is_trial":false,"path_per_floor":["M","?","$","?","M","?","E","M","T","M","?","M","R","M","R","B",null,"M","M","?","M","M","R","?","M","T","R","M","M","M","M","R","B",null,"M","?","M","M","?","R","E"],"character_chosen":"THE_SILENT","items_purchased":["Well Laid Plans"],"campfire_rested":2,"item_purchase_floors":[3],"current_hp_per_floor":[70,53,53,41,41,41,41,39,39,39,39,28,28,22,58,39,70,58,58,58,40,42,42,42,47,47,47,52,57,37,38,70,61,70,59,59,44,38,38,50,0],"gold":475,"neow_bonus":"THREE_ENEMY_KILL","is_prod":false,"is_daily":false,"chose_seed":false,"campfire_upgraded":4,"win_rate":0,"timestamp":1547045856,"path_taken":["M","?","$","?","M","?","E","?","T","M","?","M","R","M","R","BOSS","M","?","?","M","M","R","?","M","T","R","M","M","M","?","R","BOSS","M","?","?","?","?","R","E"],"build_version":"2019-01-03v4","purchased_purges":0,"victory":false,"max_hp_per_floor":[70,70,70,70,70,70,70,70,70,70,70,70,70,70,70,70,70,70,70,70,70,70,70,70,70,70,70,70,70,70,70,70,70,70,70,70,70,70,70,70,70],"card_choices":[{"not_picked":["Acrobatics","Finisher","Quick Slash"],"picked":"SKIP","floor":1.0},{"not_picked":["PiercingWail","Expertise"],"picked":"Escape Plan","floor":5.0},{"not_picked":["Slice","Acrobatics","Wraith Form v2"],"picked":"SKIP","floor":7.0},{"not_picked":["Cloak And Dagger","Quick Slash"],"picked":"Escape Plan","floor":8.0},{"not_picked":["Finisher","Dagger Spray"],"picked":"Bouncing Flask","floor":10.0},{"not_picked":["Underhanded Strike","Acrobatics"],"picked":"Noxious Fumes","floor":12.0},{"not_picked":["Sucker Punch","Quick Slash"],"picked":"Caltrops","floor":14.0},{"not_picked":["Doppelganger","Phantasmal Killer"],"picked":"Burst","floor":16.0},{"not_picked":["Acrobatics","Flying Knee"],"picked":"Deflect","floor":18.0},{"not_picked":["Well Laid Plans","Calculated Gamble","Dodge and Roll"],"picked":"SKIP","floor":19.0},{"not_picked":["Distraction","Underhanded Strike"],"picked":"Leg Sweep+1","floor":21.0},{"not_picked":["Dagger Spray","Outmaneuver"],"picked":"Caltrops+1","floor":22.0},{"not_picked":["Eviscerate+1","Calculated Gamble+1"],"picked":"Setup+1","floor":25.0},{"not_picked":["Reflex","Well Laid Plans","Flechettes"],"picked":"SKIP","floor":28.0},{"not_picked":["Backflip","Expertise+1","Finisher"],"picked":"SKIP","floor":29.0},{"not_picked":["Choke","Prepared"],"picked":"Deflect","floor":30.0},{"not_picked":["Accuracy","Sucker Punch+1","Dodge and Roll"],"picked":"SKIP","floor":31.0},{"not_picked":["Corpse Explosion","A Thousand Cuts"],"picked":"Adrenaline","floor":33.0},{"not_picked":["Outmaneuver+1","Cloak And Dagger+1","Deflect"],"picked":"SKIP","floor":35.0},{"not_picked":["Backstab","All Out Attack","Terror+1"],"picked":"SKIP","floor":37.0},{"not_picked":["Distraction","PiercingWail","Dagger Throw"],"picked":"SKIP","floor":38.0}],"player_experience":295455,"relics_obtained":[{"floor":7.0,"key":"Vajra"},{"floor":9.0,"key":"Happy Flower"},{"floor":26.0,"key":"Lantern"}],"event_choices":[{"damage_healed":0.0,"max_hp_gain":0.0,"max_hp_loss":0.0,"gold_gain":0.0,"event_name":"Golden Idol","player_choice":"Take Damage","floor":2.0,"gold_loss":0.0,"damage_taken":17.0,"relics_obtained":["Golden Idol"]},{"damage_healed":0.0,"max_hp_gain":0.0,"max_hp_loss":0.0,"gold_gain":0.0,"event_name":"Scrap Ooze","player_choice":"Success","floor":4.0,"gold_loss":0.0,"damage_taken":12.0,"relics_obtained":["Regal Pillow"]},{"cards_removed":["Strike_G"],"damage_healed":0.0,"max_hp_gain":0.0,"max_hp_loss":0.0,"gold_gain":0.0,"event_name":"Purifier","player_choice":"Purged","floor":6.0,"gold_loss":0.0,"damage_taken":0.0},{"cards_removed":["Strike_G"],"damage_healed":0.0,"max_hp_gain":0.0,"max_hp_loss":0.0,"gold_gain":0.0,"event_name":"Bonfire Elementals","player_choice":"Offered Basic","floor":11.0,"gold_loss":0.0,"damage_taken":0.0},{"damage_healed":0.0,"max_hp_gain":0.0,"max_hp_loss":0.0,"gold_gain":0.0,"event_name":"Forgotten Altar","player_choice":"Gave Idol","floor":20.0,"relics_lost":["Golden Idol"],"gold_loss":0.0,"damage_taken":0.0,"relics_obtained":["Bloody Idol"]},{"damage_healed":0.0,"max_hp_gain":0.0,"max_hp_loss":0.0,"gold_gain":0.0,"event_name":"FaceTrader","player_choice":"Leave","floor":24.0,"gold_loss":0.0,"damage_taken":0.0},{"damage_healed":0.0,"max_hp_gain":0.0,"max_hp_loss":0.0,"gold_gain":0.0,"event_name":"The Woman in Blue","player_choice":"Bought 0 Potions","floor":36.0,"gold_loss":0.0,"damage_taken":0.0},{"damage_healed":0,"gold_gain":0,"player_choice":"Cursed","damage_taken":0,"max_hp_gain":0,"max_hp_loss":0,"event_name":"Wheel of Change","floor":39,"gold_loss":0,"cards_obtained":["Decay"]}],"is_beta":false,"boss_relics":[{"not_picked":["Runic Dome","Fusion Hammer"],"picked":"Runic Pyramid"},{"not_picked":["WristBlade","White Beast Statue"],"picked":"Eternal Feather"}],"items_purged_floors":[],"is_endless":false,"potions_floor_spawned":[7,8,14,16,22,25,28,29,33,38],"killed_by":"Giant Head","ascension_level":4}