{"gold_per_floor":[362,374,390,403,9,34,34,46,46,61,96,96,122,137,137,210,210,226,141,141,161,177,177,207,207,233,233,263,263,263,296,296,372,372,383,383,308,324,324,357,369,369,369,369,369,369,311,643,643,643],"floor_reached":51,"playtime":3193,"items_purged":["Strike_R"],"score":1865,"play_id":"faede28f-d94c-4a9b-a7c3-41ce36addd1e","local_time":"20191008223536","is_ascension_mode":true,"campfire_choices":[{"data":"Bash","floor":7,"key":"SMITH"},{"data":"Armaments","floor":15,"key":"SMITH"},{"floor":23,"key":"REST"},{"floor":25,"key":"REST"},{"floor":30,"key":"REST"},{"floor":32,"key":"REST"},{"floor":44,"key":"REST"},{"floor":49,"key":"REST"}],"neow_cost":"PERCENT_DAMAGE","seed_source_timestamp":47171205493911,"circlet_count":0,"master_deck":["AscendersBane","Strike_R","Strike_R","Strike_R","Strike_R","Defend_R","Defend_R","Defend_R","Defend_R","Bash+1","Headbutt","Cleave","Rampage","Shrug It Off","Metallicize","Offering","Armaments+1","Shrug It Off","Offering","Fiend Fire+1","Clothesline","Havoc","Flame Barrier","Offering","Impervious","Carnage+1"],"relics":["Burning Blood","Charon\u0027s Ashes","Red Skull","Blue Candle","Unceasing Top","Darkstone Periapt","Fusion Hammer","Strawberry","Nilry\u0027s Codex","Dead Branch","Juzu Bracelet","Nunchaku","Turnip","Sozu","Self Forming Clay","Shuriken","Ice Cream","Old Coin"],"potions_floor_usage":[6,16,31,33,50,50],"damage_taken":[{"damage":1,"enemies":"Cultist","floor":1,"turns":3},{"damage":7,"enemies":"Jaw Worm","floor":2,"turns":3},{"damage":7,"enemies":"2 Louse","floor":3,"turns":2},{"damage":5,"enemies":"2 Fungi Beasts","floor":4,"turns":4},{"damage":20,"enemies":"3 Sentries","floor":6,"turns":5},{"damage":6,"enemies":"Looter","floor":8,"turns":4},{"damage":12,"enemies":"Gremlin Gang","floor":10,"turns":4},{"damage":5,"enemies":"Gremlin Nob","floor":11,"turns":3},{"damage":8,"enemies":"3 Sentries","floor":13,"turns":5},{"damage":12,"enemies":"Large Slime","floor":14,"turns":3},{"damage":12,"enemies":"Slime Boss","floor":16,"turns":5},{"damage":6,"enemies":"Chosen","floor":18,"turns":3},{"damage":22,"enemies":"2 Thieves","floor":21,"turns":3},{"damage":17,"enemies":"Snake Plant","floor":22,"turns":2},{"damage":12,"enemies":"Gremlin Leader","floor":24,"turns":1},{"damage":18,"enemies":"Book of Stabbing","floor":28,"turns":4},{"damage":15,"enemies":"Slavers","floor":31,"turns":6},{"damage":59,"enemies":"Collector","floor":33,"turns":4},{"damage":6,"enemies":"Orb Walker","floor":35,"turns":1},{"damage":17,"enemies":"3 Darklings","floor":38,"turns":2},{"damage":18,"enemies":"Giant Head","floor":40,"turns":4},{"damage":12,"enemies":"Writhing Mass","floor":41,"turns":3},{"damage":6,"enemies":"Reptomancer","floor":48,"turns":2},{"damage":30,"enemies":"Awakened One","floor":50,"turns":4}],"seed_played":"3231207583010772475","potions_obtained":[{"floor":2,"key":"SpeedPotion"},{"floor":3,"key":"SteroidPotion"},{"floor":6,"key":"FearPotion"},{"floor":11,"key":"AttackPotion"},{"floor":16,"key":"Swift Potion"},{"floor":31,"key":"Ancient Potion"},{"floor":33,"key":"PowerPotion"}],"is_trial":false,"path_per_floor":["M","M","M","M","$","E","R","M","T","M","E","?","E","M","R","B",null,"M","?","?","M","M","R","E","R","T","?","E","?","R","E","R","B",null,"M","?","$","M","?","E","M","?","T","R","?","?","?","E","R","B",null],"character_chosen":"IRONCLAD","items_purchased":["Charon\u0027s Ashes","Shrug It Off"],"campfire_rested":6,"item_purchase_floors":[5,5],"current_hp_per_floor":[55,54,53,54,54,40,40,40,40,34,35,40,38,32,32,26,67,67,74,53,37,26,52,46,72,72,72,60,60,86,77,87,34,74,74,74,74,63,63,51,45,45,45,69,69,69,69,69,83,59],"gold":643,"neow_bonus":"TWO_FIFTY_GOLD","is_prod":false,"is_daily":false,"chose_seed":false,"campfire_upgraded":2,"win_rate":0,"timestamp":1570566936,"path_taken":["M","M","?","M","$","E","R","M","T","?","E","?","E","M","R","BOSS","M","?","?","M","M","R","E","R","T","?","E","?","R","E","R","BOSS","M","?","$","M","?","E","M","?","T","R","?","?","?","E","R","BOSS"],"build_version":"2019-07-17","purchased_purges":1,"victory":true,"max_hp_per_floor":[75,75,75,75,75,75,75,75,75,75,75,80,80,80,80,80,80,80,87,87,87,87,87,87,87,87,87,87,87,87,87,87,87,87,87,83,83,83,83,83,83,83,83,83,83,83,83,83,83,83],"card_choices":[{"not_picked":["Flex","Sentinel"],"picked":"Headbutt","floor":1},{"not_picked":["Clash","Armaments"],"picked":"Cleave","floor":2},{"not_picked":["Infernal Blade","True Grit","Sever Soul"],"picked":"SKIP","floor":3},{"not_picked":["Armaments","Thunderclap"],"picked":"Rampage","floor":4},{"not_picked":["Corruption","Perfected Strike"],"picked":"Metallicize","floor":6},{"not_picked":["Clothesline","Wild Strike"],"picked":"Offering","floor":8},{"not_picked":["Body Slam","Fire Breathing","Armaments"],"picked":"SKIP","floor":10},{"not_picked":["Body Slam","Fire Breathing","Armaments"],"picked":"SKIP","floor":10},{"not_picked":["Body Slam","Fire Breathing","Armaments"],"picked":"SKIP","floor":10},{"not_picked":["Body Slam","Fire Breathing"],"picked":"Armaments","floor":10},{"not_picked":["Headbutt","Body Slam"],"picked":"Shrug It Off","floor":11},{"not_picked":["Blood for Blood","Flex"],"picked":"Offering","floor":13},{"not_picked":["Armaments","Iron Wave","Perfected Strike"],"picked":"SKIP","floor":14},{"not_picked":["Berserk","Immolate"],"picked":"Fiend Fire","floor":16},{"not_picked":["Sever Soul","Thunderclap"],"picked":"Clothesline","floor":18},{"not_picked":["Pummel+1","Armaments"],"picked":"Evolve+1","floor":21},{"not_picked":["Twin Strike","Iron Wave"],"picked":"Havoc","floor":22},{"not_picked":["Anger","Spot Weakness"],"picked":"Flame Barrier","floor":24},{"not_picked":["Evolve+1","Hemokinesis","Berserk"],"picked":"SKIP","floor":28},{"not_picked":["Seeing Red","Body Slam","Blood for Blood+1"],"picked":"SKIP","floor":31},{"not_picked":["Bludgeon","Feed"],"picked":"Offering","floor":33},{"not_picked":["Headbutt+1","Heavy Blade+1","Rampage"],"picked":"SKIP","floor":35},{"not_picked":["Intimidate","Cleave","Hemokinesis"],"picked":"SKIP","floor":38},{"not_picked":["Flex","Armaments"],"picked":"Impervious","floor":40},{"not_picked":["Uppercut","True Grit"],"picked":"Carnage+1","floor":41},{"not_picked":["Sever Soul","Pommel Strike+1","Rage"],"picked":"SKIP","floor":48}],"player_experience":1168643,"relics_obtained":[{"floor":6,"key":"Red Skull"},{"floor":9,"key":"Blue Candle"},{"floor":11,"key":"Unceasing Top"},{"floor":13,"key":"Darkstone Periapt"},{"floor":20,"key":"Nilry\u0027s Codex"},{"floor":24,"key":"Dead Branch"},{"floor":26,"key":"Juzu Bracelet"},{"floor":28,"key":"Nunchaku"},{"floor":31,"key":"Turnip"},{"floor":40,"key":"Self Forming Clay"},{"floor":43,"key":"Shuriken"},{"floor":48,"key":"Old Coin"}],"event_choices":[{"damage_healed":0,"gold_gain":0,"player_choice":"Donut","damage_taken":0,"max_hp_gain":5,"max_hp_loss":0,"event_name":"Big Fish","floor":12,"gold_loss":0},{"damage_healed":0,"gold_gain":0,"player_choice":"Obtained Relic","damage_taken":0,"relics_obtained":["Strawberry"],"max_hp_gain":0,"max_hp_loss":0,"event_name":"Addict","floor":19,"gold_loss":85},{"damage_healed":0,"gold_gain":0,"player_choice":"Obtained Book","damage_taken":21,"max_hp_gain":0,"max_hp_loss":0,"event_name":"Cursed Tome","floor":20,"gold_loss":0},{"damage_healed":0,"gold_gain":0,"player_choice":"Upgraded","damage_taken":0,"max_hp_gain":0,"max_hp_loss":0,"event_name":"Upgrade Shrine","floor":27,"gold_loss":0,"cards_upgraded":["Fiend Fire"]},{"damage_healed":0,"gold_gain":0,"player_choice":"Ignored","damage_taken":0,"max_hp_gain":0,"max_hp_loss":0,"event_name":"Ghosts","floor":29,"gold_loss":0},{"damage_healed":0,"gold_gain":0,"player_choice":"Max HP","damage_taken":0,"max_hp_gain":0,"max_hp_loss":4,"event_name":"Winding Halls","floor":36,"gold_loss":0},{"damage_healed":0,"gold_gain":0,"player_choice":"Memory 1","damage_taken":0,"max_hp_gain":0,"max_hp_loss":0,"event_name":"SensoryStone","floor":39,"gold_loss":0},{"damage_healed":0,"gold_gain":0,"player_choice":"Ignored","damage_taken":0,"max_hp_gain":0,"max_hp_loss":0,"event_name":"Tomb of Lord Red Mask","floor":42,"gold_loss":0},{"damage_healed":0,"gold_gain":0,"player_choice":"Ignored","damage_taken":0,"max_hp_gain":0,"max_hp_loss":0,"event_name":"Mysterious Sphere","floor":45,"gold_loss":0},{"cards_removed":["Evolve"],"damage_healed":0,"gold_gain":0,"player_choice":"Removed Power","damage_taken":0,"max_hp_gain":0,"max_hp_loss":0,"event_name":"Falling","floor":46,"gold_loss":0},{"damage_healed":0,"gold_gain":0,"player_choice":"Paid Gold","damage_taken":0,"relics_obtained":["Ice Cream"],"max_hp_gain":0,"max_hp_loss":0,"event_name":"WeMeetAgain","floor":47,"gold_loss":58}],"is_beta":false,"boss_relics":[{"not_picked":["Busted Crown","Black Star"],"picked":"Fusion Hammer"},{"not_picked":["Philosopher\u0027s Stone","Astrolabe"],"picked":"Sozu"}],"items_purged_floors":[37],"is_endless":false,"potions_floor_spawned":[2,3,6,11,16,21,31,33,38,48],"ascension_level":19}