{"gold_per_floor":[359,359,44,55,68,68,93,93,93,93,126,144,160,26,26,98,98,116,130,180,199,199,199,234,234,258,278,294,188,188,80,80,157,157,174,184,184,55,74,86,86,32,32,32,50,50],"floor_reached":46,"playtime":3606,"items_purged":["Strike_R","Pain"],"score":1000,"play_id":"0c7c93d4-3962-4a86-bfc1-14d332bd1dd0","local_time":"20190321112308","is_ascension_mode":true,"campfire_choices":[{"data":"Uppercut","floor":6,"key":"SMITH"},{"data":"Whirlwind","floor":8,"key":"SMITH"},{"data":"Twin Strike","floor":10,"key":"SMITH"},{"floor":15,"key":"REST"},{"data":"Havoc","floor":23,"key":"SMITH"},{"data":"Pommel Strike","floor":25,"key":"SMITH"},{"floor":30,"key":"REST"},{"data":"Discovery","floor":32,"key":"SMITH"},{"floor":41,"key":"REST"},{"data":"True Grit","floor":44,"key":"SMITH"}],"neow_cost":"TEN_PERCENT_HP_LOSS","seed_source_timestamp":259094014496000,"circlet_count":0,"master_deck":["AscendersBane","Strike_R","Strike_R","Defend_R","Defend_R","Defend_R","Defend_R","Bash","Whirlwind+1","Uppercut+1","Twin Strike+1","Anger","Feed","Pommel Strike+1","Headbutt","Pommel Strike","Rage","Discovery+1","Finesse","Exhume+1","Pummel+1","Entrench+1","Shrug It Off","True Grit+1","Shrug It Off","Thunderclap"],"relics":["Burning Blood","NlothsMask","Thread and Needle","Kunai","Oddly Smooth Stone","Mark of Pain","Red Skull","Happy Flower","Astrolabe","WarpedTongs"],"potions_floor_usage":[7,18,24,24,39,46,46],"damage_taken":[{"damage":12,"enemies":"2 Louse","floor":1,"turns":3},{"damage":2,"enemies":"Cultist","floor":4,"turns":3},{"damage":3,"enemies":"Jaw Worm","floor":5,"turns":3},{"damage":35,"enemies":"3 Sentries","floor":7,"turns":7},{"damage":23,"enemies":"Lagavulin","floor":11,"turns":6},{"damage":0,"enemies":"2 Fungi Beasts","floor":12,"turns":1},{"damage":5,"enemies":"3 Louse","floor":13,"turns":2},{"damage":39,"enemies":"Slime Boss","floor":16,"turns":11},{"damage":0,"enemies":"3 Byrds","floor":18,"turns":5},{"damage":20,"enemies":"Spheric Guardian","floor":19,"turns":4},{"damage":14,"enemies":"3 Cultists","floor":21,"turns":4},{"damage":29,"enemies":"Gremlin Leader","floor":24,"turns":8},{"damage":0,"enemies":"Chosen and Byrds","floor":27,"turns":3},{"damage":13,"enemies":"Snake Plant","floor":28,"turns":3},{"damage":0,"enemies":"Champ","floor":33,"turns":29},{"damage":20,"enemies":"3 Shapes","floor":35,"turns":10},{"damage":46,"enemies":"3 Darklings","floor":36,"turns":6},{"damage":10,"enemies":"Jaw Worm Horde","floor":39,"turns":4},{"damage":16,"enemies":"Maw","floor":40,"turns":7},{"damage":17,"enemies":"Sphere and 2 Shapes","floor":45,"turns":7},{"damage":85,"enemies":"Giant Head","floor":46,"turns":10}],"seed_played":"647446994677604784","potions_obtained":[{"floor":1,"key":"Explosive Potion"},{"floor":4,"key":"SteroidPotion"},{"floor":12,"key":"Swift Potion"},{"floor":21,"key":"SkillPotion"},{"floor":33,"key":"Fire Potion"},{"floor":36,"key":"Regen Potion"},{"floor":40,"key":"AttackPotion"}],"is_trial":false,"path_per_floor":["M","?","$","M","M","R","E","R","T","R","E","M","M","$","R","B",null,"M","M","?","M","?","R","E","R","T","M","M","$","R","$","R","B",null,"M","M","?","$","M","M","R","$","T","R","M","E"],"character_chosen":"IRONCLAD","items_purchased":["Thread and Needle","Anger","Discovery","Finesse","True Grit","Shrug It Off"],"campfire_rested":3,"item_purchase_floors":[3,14,29,31,38,42],"current_hp_per_floor":[62,62,62,66,68,68,39,39,39,39,22,28,29,29,49,16,55,64,53,53,48,48,48,28,28,28,37,30,30,54,54,54,60,77,66,26,26,26,37,27,53,53,53,53,46,0],"gold":50,"neow_bonus":"TWO_FIFTY_GOLD","is_prod":false,"is_daily":false,"chose_seed":false,"campfire_upgraded":7,"win_rate":0,"timestamp":1553156588,"path_taken":["M","?","$","M","?","R","E","R","T","R","E","M","M","$","R","BOSS","M","M","?","M","?","R","E","R","T","M","M","$","R","$","R","BOSS","M","M","?","?","M","M","R","$","T","R","M","E"],"build_version":"2019-01-23","purchased_purges":2,"victory":false,"max_hp_per_floor":[68,68,68,68,68,68,68,68,68,68,68,68,68,68,68,68,68,71,74,74,77,77,77,80,80,80,83,83,83,83,83,83,83,83,86,86,86,86,89,89,89,89,89,89,93,93],"card_choices":[{"not_picked":["Combust","Warcry"],"picked":"Whirlwind","floor":1},{"not_picked":["Perfected Strike","Clash"],"picked":"Uppercut","floor":4},{"not_picked":["Sentinel","Dual Wield","Perfected Strike"],"picked":"SKIP","floor":5},{"not_picked":["Clothesline","Hemokinesis"],"picked":"Twin Strike","floor":7},{"not_picked":["Exhume","Dual Wield"],"picked":"Havoc","floor":11},{"not_picked":["Warcry","Clash","Second Wind"],"picked":"SKIP","floor":12},{"not_picked":["Burning Pact","Havoc","Sentinel"],"picked":"SKIP","floor":13},{"not_picked":["Demon Form","Berserk"],"picked":"Feed","floor":16},{"not_picked":["Cleave","Havoc","Pummel"],"picked":"SKIP","floor":18},{"not_picked":["Twin Strike","Anger+1"],"picked":"Pommel Strike","floor":19},{"not_picked":["Dual Wield","Thunderclap"],"picked":"Headbutt","floor":21},{"not_picked":["Infernal Blade","Body Slam","Bloodletting"],"picked":"SKIP","floor":24},{"not_picked":["Clothesline","Seeing Red"],"picked":"Pommel Strike","floor":27},{"not_picked":["Rampage","Armaments"],"picked":"Rage","floor":28},{"not_picked":["Feel No Pain","Clothesline"],"picked":"Shrug It Off","floor":35},{"not_picked":["Clash","Heavy Blade","Reckless Charge"],"picked":"SKIP","floor":36},{"not_picked":["Searing Blow+1","Hemokinesis","Warcry+1"],"picked":"SKIP","floor":39},{"not_picked":["Searing Blow+1","Hemokinesis","Warcry+1"],"picked":"SKIP","floor":39},{"not_picked":["Wild Strike","Sever Soul","Armaments"],"picked":"SKIP","floor":40},{"not_picked":["Clothesline+1","Metallicize"],"picked":"Thunderclap","floor":45}],"player_experience":972615,"relics_obtained":[{"floor":7,"key":"Kunai"},{"floor":11,"key":"Oddly Smooth Stone"},{"floor":24,"key":"Red Skull"},{"floor":26,"key":"Happy Flower"}],"event_choices":[{"damage_healed":0,"gold_gain":0,"player_choice":"Trade","damage_taken":0,"relics_obtained":["NlothsMask"],"max_hp_gain":0,"max_hp_loss":0,"event_name":"FaceTrader","floor":2,"gold_loss":0},{"damage_healed":0,"gold_gain":50,"player_choice":"Stole From Cult","damage_taken":0,"max_hp_gain":0,"max_hp_loss":0,"event_name":"Nest","floor":20,"gold_loss":0},{"damage_healed":0,"gold_gain":0,"player_choice":"Ignored","damage_taken":0,"max_hp_gain":0,"max_hp_loss":0,"event_name":"The Mausoleum","floor":22,"gold_loss":0},{"damage_healed":0,"gold_gain":0,"player_choice":"Rummage","damage_taken":0,"relics_obtained":["WarpedTongs"],"max_hp_gain":0,"max_hp_loss":0,"event_name":"Accursed Blacksmith","floor":37,"gold_loss":0,"cards_obtained":["Pain"]}],"is_beta":false,"boss_relics":[{"not_picked":["Fusion Hammer","Runic Dome"],"picked":"Mark of Pain"},{"not_picked":["Velvet Choker","Lizard Tail"],"picked":"Astrolabe"}],"items_purged_floors":[14,38],"is_endless":false,"potions_floor_spawned":[1,4,12,13,21,33,36,40],"killed_by":"Giant Head","ascension_level":20}