{"gold_per_floor":[115,115,115,12,31,31,60,5,58,58,58,58,58,77,77,155,155,155,75,75,75,75,75,75,75,75,75,75,75,75,75,75,75,75,75,75,75,75,75,75,75,75],"floor_reached":42,"playtime":2057,"items_purged":["Strike_G"],"score":980,"play_id":"c6627ced-e720-495c-b647-9684f6e9d537","local_time":"20190503141335","is_ascension_mode":true,"campfire_choices":[{"data":"Sucker Punch","floor":6,"key":"SMITH"},{"data":"Poisoned Stab","floor":10,"key":"SMITH"},{"data":"Neutralize","floor":12,"key":"SMITH"},{"data":"Deadly Poison","floor":15,"key":"SMITH"},{"floor":24,"key":"REST"},{"data":"Prepared","floor":27,"key":"SMITH"},{"floor":32,"key":"REST"},{"data":"Expertise","floor":41,"key":"SMITH"}],"neow_cost":"NONE","seed_source_timestamp":888144889436000,"circlet_count":0,"master_deck":["AscendersBane","Defend_G","Defend_G","Defend_G","Defend_G","Defend_G","Strike_G+1","Survivor","Neutralize+1","PiercingWail","Sucker Punch+1","PiercingWail","Poisoned Stab+1","Backflip","Deadly Poison+1","Bullet Time","Well Laid Plans","Bouncing Flask","Poisoned Stab","Prepared+1","Sucker Punch","Riddle With Holes","Dagger Throw+1","Night Terror","Catalyst","Bouncing Flask","Expertise+1"],"relics":["Ring of the Snake","NeowsBlessing","Oddly Smooth Stone","Tough Bandages","Whetstone","Ectoplasm","Red Mask","Paper Crane","Sundial","Coffee Dripper","Du-Vu Doll","Strawberry"],"potions_floor_usage":[16,21,23,23,33,33],"damage_taken":[{"damage":0,"enemies":"Jaw Worm","floor":1,"turns":1},{"damage":0,"enemies":"2 Louse","floor":5,"turns":1},{"damage":0,"enemies":"Lagavulin","floor":7,"turns":1},{"damage":0,"enemies":"Cultist","floor":14,"turns":4},{"damage":12,"enemies":"Hexaghost","floor":16,"turns":9},{"damage":8,"enemies":"Spheric Guardian","floor":18,"turns":6},{"damage":0,"enemies":"2 Thieves","floor":19,"turns":4},{"damage":45,"enemies":"Masked Bandits","floor":21,"turns":6},{"damage":7,"enemies":"Shelled Parasite and Fungi","floor":22,"turns":6},{"damage":14,"enemies":"Slavers","floor":23,"turns":8},{"damage":9,"enemies":"Chosen and Byrds","floor":25,"turns":6},{"damage":3,"enemies":"Centurion and Healer","floor":31,"turns":8},{"damage":57,"enemies":"Champ","floor":33,"turns":12},{"damage":18,"enemies":"3 Darklings","floor":35,"turns":7},{"damage":0,"enemies":"Orb Walker","floor":37,"turns":3},{"damage":11,"enemies":"Mind Bloom Boss Battle","floor":39,"turns":7},{"damage":25,"enemies":"Nemesis","floor":40,"turns":7},{"damage":24,"enemies":"Giant Head","floor":42,"turns":4}],"seed_played":"-3396118720033165261","potions_obtained":[{"floor":5,"key":"GhostInAJar"},{"floor":7,"key":"Poison Potion"},{"floor":19,"key":"Regen Potion"},{"floor":22,"key":"Regen Potion"},{"floor":23,"key":"Fire Potion"},{"floor":31,"key":"Regen Potion"},{"floor":37,"key":"Dexterity Potion"},{"floor":39,"key":"Weak Potion"}],"is_trial":false,"path_per_floor":["M","?","?","$","M","R","E","$","T","R","?","R","?","M","R","B",null,"M","M","$","?","M","E","R","M","T","R","?","?","?","M","R","B",null,"M","?","M","?","?","E","R","E"],"character_chosen":"THE_SILENT","items_purchased":["Sucker Punch","Backflip"],"campfire_rested":2,"item_purchase_floors":[4,8],"current_hp_per_floor":[59,48,44,44,44,44,44,44,44,44,49,49,42,42,42,30,61,53,53,53,23,16,17,38,29,29,29,29,29,29,26,47,5,55,37,37,37,37,26,8,8,0],"gold":75,"neow_bonus":"THREE_ENEMY_KILL","is_prod":false,"is_daily":false,"chose_seed":false,"campfire_upgraded":6,"win_rate":0,"timestamp":1556882015,"path_taken":["M","?","?","$","?","R","E","$","T","R","?","R","?","M","R","BOSS","M","M","$","?","M","E","R","M","T","R","?","?","?","M","R","BOSS","M","?","M","?","?","E","R","E"],"build_version":"2019-01-23","purchased_purges":1,"victory":false,"max_hp_per_floor":[66,66,66,66,66,66,66,66,66,66,71,71,71,71,71,71,71,71,71,71,71,71,71,71,71,71,71,71,71,71,71,71,71,71,71,71,71,71,71,78,78,78],"card_choices":[{"not_picked":["Backflip","Backstab"],"picked":"PiercingWail","floor":1},{"not_picked":["Escape Plan","Cloak And Dagger"],"picked":"PiercingWail","floor":5},{"not_picked":["Underhanded Strike","Endless Agony"],"picked":"Poisoned Stab","floor":7},{"not_picked":["Calculated Gamble","Cloak And Dagger"],"picked":"Deadly Poison","floor":14},{"not_picked":["Grand Finale","Venomology"],"picked":"Bullet Time","floor":16},{"not_picked":["Slice","Sucker Punch"],"picked":"Dagger Throw","floor":18},{"not_picked":["Dagger Spray+1","Heel Hook"],"picked":"Well Laid Plans","floor":19},{"not_picked":["Blur","Expertise"],"picked":"Bouncing Flask","floor":21},{"not_picked":["Heel Hook","Acrobatics"],"picked":"Poisoned Stab","floor":22},{"not_picked":["Terror+1","Infinite Blades","Blade Dance"],"picked":"SKIP","floor":23},{"not_picked":["A Thousand Cuts","Deflect"],"picked":"Prepared","floor":25},{"not_picked":["Deflect","Dagger Spray"],"picked":"Dagger Throw+1","floor":31},{"not_picked":["Bullet Time","A Thousand Cuts"],"picked":"Night Terror","floor":33},{"not_picked":["Dagger Throw","Cloak And Dagger"],"picked":"Catalyst","floor":35},{"not_picked":["Distraction","Quick Slash","Terror"],"picked":"SKIP","floor":37},{"not_picked":["Quick Slash","Poisoned Stab"],"picked":"Bouncing Flask","floor":39},{"not_picked":["Endless Agony","Deflect"],"picked":"Expertise","floor":40}],"player_experience":1291516,"relics_obtained":[{"floor":7,"key":"Tough Bandages"},{"floor":9,"key":"Whetstone"},{"floor":21,"key":"Red Mask"},{"floor":23,"key":"Paper Crane"},{"floor":26,"key":"Sundial"},{"floor":39,"key":"Du-Vu Doll"},{"floor":40,"key":"Strawberry"}],"event_choices":[{"damage_healed":0,"gold_gain":0,"player_choice":"Success","damage_taken":11,"relics_obtained":["Oddly Smooth Stone"],"max_hp_gain":0,"max_hp_loss":0,"event_name":"Scrap Ooze","floor":2,"gold_loss":0},{"damage_healed":0,"gold_gain":0,"player_choice":"Bought 0 Potions","damage_taken":0,"max_hp_gain":0,"max_hp_loss":0,"event_name":"The Woman in Blue","floor":3,"gold_loss":0},{"damage_healed":0,"gold_gain":0,"player_choice":"Donut","damage_taken":0,"max_hp_gain":5,"max_hp_loss":0,"event_name":"Big Fish","floor":11,"gold_loss":0},{"cards_removed":["Strike_G"],"damage_healed":0,"gold_gain":0,"player_choice":"Card Removal","damage_taken":7,"max_hp_gain":0,"max_hp_loss":0,"event_name":"Golden Wing","floor":13,"gold_loss":0},{"damage_healed":0,"gold_gain":0,"player_choice":"Fought Bandits","damage_taken":0,"max_hp_gain":0,"max_hp_loss":0,"event_name":"Masked Bandits","floor":21,"gold_loss":0},{"damage_healed":0,"gold_gain":0,"cards_transformed":["Strike_G","Strike_G"],"player_choice":"Became Test Subject","damage_taken":0,"max_hp_gain":0,"max_hp_loss":0,"event_name":"Drug Dealer","floor":28,"gold_loss":0,"cards_obtained":["Sucker Punch","Riddle With Holes"]},{"damage_healed":0,"gold_gain":0,"player_choice":"Ignored","damage_taken":0,"max_hp_gain":0,"max_hp_loss":0,"event_name":"The Mausoleum","floor":29,"gold_loss":0},{"damage_healed":0,"gold_gain":0,"player_choice":"Ignored","damage_taken":0,"max_hp_gain":0,"max_hp_loss":0,"event_name":"Vampires","floor":30,"gold_loss":0},{"damage_healed":0,"gold_gain":222,"player_choice":"Wore Mask","damage_taken":0,"max_hp_gain":0,"max_hp_loss":0,"event_name":"Tomb of Lord Red Mask","floor":36,"gold_loss":0},{"cards_removed":["Dagger Throw"],"damage_healed":0,"gold_gain":0,"player_choice":"Removed Attack","damage_taken":0,"max_hp_gain":0,"max_hp_loss":0,"event_name":"Falling","floor":38,"gold_loss":0},{"damage_healed":0,"gold_gain":0,"player_choice":"Fight","damage_taken":0,"max_hp_gain":0,"max_hp_loss":0,"event_name":"MindBloom","floor":39,"gold_loss":0}],"is_beta":false,"boss_relics":[{"not_picked":["WristBlade","Fusion Hammer"],"picked":"Ectoplasm"},{"not_picked":["Velvet Choker","Runic Dome"],"picked":"Coffee Dripper"}],"items_purged_floors":[4],"is_endless":false,"potions_floor_spawned":[5,7,14,19,22,23,31,37,39],"killed_by":"Giant Head","ascension_level":20}