{"gold_per_floor":[118,34,5,5,20,51,63,40,97,109,121,133,158,198,210,296,308,331,442,301,301,316,341,15,15,84,84,116,116],"floor_reached":29,"playtime":1146,"items_purged":["Strike_B"],"score":451,"play_id":"742730fd-35cb-4c19-906e-e785fd36f4e2","local_time":"20191004233101","is_ascension_mode":true,"campfire_choices":[{"data":"Static Discharge","floor":7,"key":"SMITH"},{"data":"Loop","floor":10,"key":"SMITH"},{"data":"Dualcast","floor":12,"key":"SMITH"},{"data":"Consume","floor":15,"key":"SMITH"},{"floor":25,"key":"REST"}],"neow_cost":"NONE","seed_source_timestamp":51249901715453,"circlet_count":0,"master_deck":["AscendersBane","Strike_B","Strike_B","Defend_B","Defend_B","Defend_B","Defend_B","Zap","Dualcast+1","Ball Lightning","Static Discharge+1","Loop+1","Auto Shields","Consume+1","All For One","Defragment","Steam","Hologram","Cold Snap","Chill","Decay","Reboot"],"relics":["Cracked Core","Sundial","MawBank","Ancient Tea Set","Oddly Smooth Stone","Black Star","Frozen Egg 2","Juzu Bracelet","Blood Vial","Gremlin Horn","Shovel","FossilizedHelix"],"potions_floor_usage":[16,18,23,23,28,29,29],"damage_taken":[{"damage":1,"enemies":"2 Louse","floor":1,"turns":2},{"damage":2,"enemies":"Jaw Worm","floor":5,"turns":3},{"damage":20,"enemies":"Lagavulin","floor":6,"turns":6},{"damage":1,"enemies":"Cultist","floor":13,"turns":3},{"damage":17,"enemies":"Gremlin Nob","floor":14,"turns":3},{"damage":14,"enemies":"Slime Boss","floor":16,"turns":6},{"damage":5,"enemies":"3 Byrds","floor":18,"turns":1},{"damage":20,"enemies":"Shell Parasite","floor":22,"turns":3},{"damage":23,"enemies":"Book of Stabbing","floor":23,"turns":5},{"damage":21,"enemies":"Slavers","floor":28,"turns":6},{"damage":20,"enemies":"Centurion and Healer","floor":29,"turns":7}],"seed_played":"6555177338659030512","potions_obtained":[{"floor":1,"key":"Energy Potion"},{"floor":6,"key":"SteroidPotion"},{"floor":13,"key":"Energy Potion"},{"floor":18,"key":"EssenceOfSteel"},{"floor":23,"key":"Weak Potion"},{"floor":28,"key":"EssenceOfSteel"}],"is_trial":false,"path_per_floor":["M","$","?","?","M","E","R","?","T","R","?","R","M","E","R","B",null,"M","?","$","?","M","E","$","R","T","?","E","M"],"character_chosen":"DEFECT","items_purchased":["Static Discharge","Conserve Battery","FocusPotion","Blood Vial","Cold Snap","Chill","Swift Potion"],"campfire_rested":1,"item_purchase_floors":[2,2,20,24,24,24,24],"current_hp_per_floor":[70,70,70,70,68,48,48,67,67,67,67,67,66,49,49,35,67,62,62,62,55,35,12,12,35,35,35,16,0],"gold":116,"neow_bonus":"TEN_PERCENT_HP_BONUS","is_prod":false,"is_daily":false,"chose_seed":false,"campfire_upgraded":4,"win_rate":0,"timestamp":1570224661,"path_taken":["M","$","?","?","?","E","R","?","T","R","?","R","?","E","R","BOSS","M","?","$","?","M","E","$","R","T","?","E","M"],"build_version":"2019-07-17","purchased_purges":1,"victory":false,"max_hp_per_floor":[78,78,78,78,78,78,78,78,78,78,78,78,78,78,78,78,78,78,78,78,78,78,78,78,78,78,78,78,78],"card_choices":[{"not_picked":["Glacier","Heatsinks"],"picked":"Ball Lightning","floor":1},{"not_picked":["Rebound","Sweeping Beam"],"picked":"Loop","floor":5},{"not_picked":["Loop","Barrage"],"picked":"Auto Shields","floor":6},{"not_picked":["Redo","Darkness"],"picked":"Consume","floor":13},{"not_picked":["Barrage","Auto Shields","Force Field"],"picked":"SKIP","floor":14},{"not_picked":["Hyperbeam","Machine Learning"],"picked":"All For One","floor":16},{"not_picked":["Leap","Hologram"],"picked":"Defragment","floor":18},{"not_picked":["Beam Cell","Tempest"],"picked":"Steam","floor":22},{"not_picked":["Conserve Battery","Reprogram"],"picked":"Hologram","floor":23},{"not_picked":["Redo","Conserve Battery"],"picked":"Reboot","floor":28}],"player_experience":1136358,"relics_obtained":[{"floor":6,"key":"MawBank"},{"floor":9,"key":"Ancient Tea Set"},{"floor":14,"key":"Oddly Smooth Stone"},{"floor":23,"key":"Frozen Egg 2"},{"floor":23,"key":"Juzu Bracelet"},{"floor":26,"key":"Gremlin Horn"},{"floor":28,"key":"Shovel"},{"floor":28,"key":"FossilizedHelix"}],"event_choices":[{"damage_healed":0,"gold_gain":0,"player_choice":"Left Gold","damage_taken":0,"max_hp_gain":0,"max_hp_loss":0,"event_name":"World of Goop","floor":3,"gold_loss":29},{"cards_removed":["Conserve Battery"],"damage_healed":0,"gold_gain":0,"player_choice":"Gave Card","damage_taken":0,"relics_obtained":["Sundial"],"max_hp_gain":0,"max_hp_loss":0,"event_name":"WeMeetAgain","floor":4,"gold_loss":0},{"damage_healed":19,"gold_gain":0,"player_choice":"Healed","damage_taken":0,"max_hp_gain":0,"max_hp_loss":0,"event_name":"The Cleric","floor":8,"gold_loss":35},{"cards_removed":["Strike_B"],"damage_healed":0,"gold_gain":0,"player_choice":"Purged","damage_taken":0,"max_hp_gain":0,"max_hp_loss":0,"event_name":"Purifier","floor":11,"gold_loss":0},{"damage_healed":0,"gold_gain":99,"player_choice":"Stole From Cult","damage_taken":0,"max_hp_gain":0,"max_hp_loss":0,"event_name":"Nest","floor":19,"gold_loss":0},{"damage_healed":0,"gold_gain":0,"player_choice":"Damaged","damage_taken":7,"max_hp_gain":0,"max_hp_loss":0,"event_name":"Wheel of Change","floor":21,"gold_loss":0},{"damage_healed":0,"gold_gain":0,"player_choice":"Smashed Altar","damage_taken":0,"max_hp_gain":0,"max_hp_loss":0,"event_name":"Forgotten Altar","floor":27,"gold_loss":0,"cards_obtained":["Decay"]}],"is_beta":false,"boss_relics":[{"not_picked":["Lizard Tail","Runic Dome"],"picked":"Black Star"}],"items_purged_floors":[20],"is_endless":false,"potions_floor_spawned":[1,6,13,18,23,28],"killed_by":"Centurion and Healer","ascension_level":14}