{"gold_per_floor":[117,10,10,21,21,47,47,70,70,97,159,174,203,219,219,315,315,333,433,446,446,446,478,478,508,508,173,173,173,173,200,200,295,345,361,371,371,425,425,425,444,17,41,56,76,93,106,122,122,122],"floor_reached":51,"playtime":3022,"items_purged":["Strike_G"],"score":848,"play_id":"6389de1d-c504-4d89-8f68-848c106735c9","local_time":"20190420174923","is_ascension_mode":false,"campfire_choices":[{"data":"Bouncing Flask","floor":7,"key":"SMITH"},{"data":"Bouncing Flask","floor":15,"key":"SMITH"},{"data":"Leg Sweep","floor":24,"key":"SMITH"},{"data":"Leg Sweep","floor":28,"key":"SMITH"},{"data":"Deadly Poison","floor":30,"key":"SMITH"},{"floor":32,"key":"REST"},{"data":"Discovery","floor":40,"key":"SMITH"},{"floor":49,"key":"REST"}],"neow_cost":"NONE","seed_source_timestamp":1073819648107700,"circlet_count":0,"master_deck":["Defend_G","Defend_G","Defend_G","Defend_G","Defend_G","Strike_G","Strike_G","Strike_G","Survivor","Neutralize+1","Sucker Punch","Dagger Spray","Leg Sweep+1","Bouncing Flask+1","Poisoned Stab","Deadly Poison+1","Backflip","Bouncing Flask+1","Leg Sweep+1","Bullet Time","Tools of the Trade","Burst","Chrysalis","Discovery+1","Corpse Explosion","Backflip","Concentrate","Quick Slash","Quick Slash","Concentrate","Deadly Poison","Footwork+1"],"relics":["Ring of the Snake","Anchor","Pear","Bag of Preparation","Odd Mushroom","Ancient Tea Set","Matryoshka","Juzu Bracelet","Snake Skull","Snecko Eye","Singing Bowl","Ginger","Art of War","Ice Cream","Bronze Scales","Sundial","Paper Crane","PreservedInsect","Tiny House","Nunchaku","The Courier","Blue Candle","Dream Catcher"],"potions_floor_usage":[11,19,33,50,50],"damage_taken":[{"damage":1,"enemies":"Cultist","floor":1,"turns":5},{"damage":0,"enemies":"2 Louse","floor":4,"turns":2},{"damage":11,"enemies":"Gremlin Nob","floor":6,"turns":4},{"damage":9,"enemies":"The Mushroom Lair","floor":8,"turns":3},{"damage":18,"enemies":"Lagavulin","floor":10,"turns":7},{"damage":5,"enemies":"3 Sentries","floor":11,"turns":7},{"damage":0,"enemies":"Jaw Worm","floor":12,"turns":3},{"damage":20,"enemies":"3 Sentries","floor":13,"turns":8},{"damage":0,"enemies":"2 Fungi Beasts","floor":14,"turns":2},{"damage":3,"enemies":"Hexaghost","floor":16,"turns":6},{"damage":0,"enemies":"2 Thieves","floor":18,"turns":3},{"damage":2,"enemies":"Colosseum Slavers","floor":19,"turns":4},{"damage":1,"enemies":"Colosseum Nobs","floor":19,"turns":3},{"damage":0,"enemies":"Chosen","floor":20,"turns":3},{"damage":0,"enemies":"Gremlin Leader","floor":23,"turns":5},{"damage":16,"enemies":"Book of Stabbing","floor":25,"turns":5},{"damage":0,"enemies":"Gremlin Leader","floor":31,"turns":4},{"damage":8,"enemies":"Automaton","floor":33,"turns":8},{"damage":0,"enemies":"Orb Walker","floor":35,"turns":2},{"damage":8,"enemies":"3 Darklings","floor":36,"turns":4},{"damage":0,"enemies":"2 Orb Walkers","floor":38,"turns":5},{"damage":0,"enemies":"4 Shapes","floor":41,"turns":4},{"damage":0,"enemies":"Sphere and 2 Shapes","floor":44,"turns":4},{"damage":4,"enemies":"Jaw Worm Horde","floor":45,"turns":2},{"damage":8,"enemies":"Writhing Mass","floor":46,"turns":4},{"damage":10,"enemies":"Sphere and 2 Shapes","floor":47,"turns":3},{"damage":9,"enemies":"Spire Growth","floor":48,"turns":4},{"damage":0,"enemies":"Time Eater","floor":50,"turns":11}],"seed_played":"-5040127983581406739","potions_obtained":[{"floor":8,"key":"SteroidPotion"},{"floor":12,"key":"Ancient Potion"},{"floor":13,"key":"Dexterity Potion"},{"floor":14,"key":"Poison Potion"},{"floor":19,"key":"Regen Potion"},{"floor":23,"key":"PowerPotion"},{"floor":34,"key":"SteroidPotion"},{"floor":35,"key":"PowerPotion"},{"floor":38,"key":"Regen Potion"}],"is_trial":false,"path_per_floor":["M","$","T","M","?","E","R","?","T","E","?","M","E","M","R","B",null,"M","?","M","?","?","E","R","E","T","$","R","?","R","E","R","B",null,"M","M","?","?","T","R","M","$","T","M","M","M","M","M","R","B",null],"character_chosen":"THE_SILENT","items_purchased":["Dagger Spray","Leg Sweep","Paper Crane","Corpse Explosion","Backflip","Concentrate","Quick Slash","Quick Slash","Concentrate","Deadly Poison","PowerPotion"],"campfire_rested":2,"item_purchase_floors":[2,2,27,42,42,42,42,42,42,42,42],"current_hp_per_floor":[69,69,79,79,84,73,73,64,64,46,41,41,21,21,21,18,85,85,84,86,86,69,69,69,55,55,55,55,55,55,57,86,93,105,107,101,93,95,95,95,97,97,97,99,97,91,83,74,112,112],"gold":122,"neow_bonus":"RANDOM_COMMON_RELIC","is_prod":false,"is_daily":false,"chose_seed":false,"campfire_upgraded":6,"win_rate":0,"timestamp":1555771763,"path_taken":["M","$","?","M","?","E","R","?","T","E","?","M","E","M","R","BOSS","M","?","M","?","?","E","R","E","T","$","R","?","R","E","R","BOSS","M","M","?","?","?","R","M","$","T","M","M","M","M","M","R","BOSS"],"build_version":"2019-01-23","purchased_purges":1,"victory":true,"max_hp_per_floor":[70,70,80,80,85,85,85,85,85,85,85,85,85,85,85,85,85,85,87,89,89,94,94,94,96,96,96,96,96,96,98,98,98,105,107,109,111,113,113,113,115,115,115,117,119,121,123,123,125,125],"card_choices":[{"not_picked":["Blade Dance","Expertise"],"picked":"Sucker Punch","floor":1},{"not_picked":["Blade Dance","Underhanded Strike"],"picked":"Bouncing Flask","floor":4},{"not_picked":["Skewer","Caltrops"],"picked":"Poisoned Stab","floor":6},{"not_picked":["Outmaneuver","Poisoned Stab"],"picked":"Deadly Poison","floor":8},{"not_picked":["Prepared","Quick Slash"],"picked":"Backflip","floor":10},{"not_picked":["Dagger Throw","Backstab"],"picked":"Bouncing Flask","floor":12},{"not_picked":["Masterful Stab","Expertise","Accuracy"],"picked":"SKIP","floor":13},{"not_picked":["Sucker Punch","All Out Attack"],"picked":"Leg Sweep","floor":14},{"not_picked":["A Thousand Cuts","Unload"],"picked":"Bullet Time","floor":16},{"not_picked":["PiercingWail","Riddle With Holes","Deadly Poison"],"picked":"SKIP","floor":18},{"not_picked":["Choke","Dagger Spray","PiercingWail"],"picked":"Singing Bowl","floor":19},{"not_picked":["Deadly Poison","Cloak And Dagger","Outmaneuver"],"picked":"Singing Bowl","floor":20},{"not_picked":["Slice+1","Dash"],"picked":"Tools of the Trade","floor":23},{"not_picked":["Finisher","Skewer","Quick Slash"],"picked":"Singing Bowl","floor":25},{"not_picked":["Bane","Concentrate","Dodge and Roll+1"],"picked":"Singing Bowl","floor":31},{"not_picked":["Unload","Phantasmal Killer"],"picked":"Burst","floor":33},{"not_picked":["Deflect","Cloak And Dagger","Poisoned Stab+1"],"picked":"Singing Bowl","floor":34},{"not_picked":["Underhanded Strike+1","Backflip+1","Cloak And Dagger"],"picked":"Singing Bowl","floor":35},{"not_picked":["Endless Agony+1","Underhanded Strike","Blur"],"picked":"Singing Bowl","floor":36},{"not_picked":["Flash of Steel","Violence"],"picked":"Chrysalis","floor":37},{"not_picked":["Violence","Good Instincts"],"picked":"Discovery","floor":37},{"not_picked":["PanicButton","Trip","HandOfGreed"],"picked":"Singing Bowl","floor":37},{"not_picked":["Dagger Throw","Distraction+1","Blade Dance"],"picked":"Singing Bowl","floor":38},{"not_picked":["All Out Attack","Calculated Gamble+1","Deadly Poison+1"],"picked":"Singing Bowl","floor":41},{"not_picked":["Prepared","Sucker Punch","Underhanded Strike"],"picked":"Singing Bowl","floor":44},{"not_picked":["Slice","Accuracy+1","Choke"],"picked":"Singing Bowl","floor":45},{"not_picked":["Blade Dance+1","Acrobatics+1","Outmaneuver+1"],"picked":"Singing Bowl","floor":46},{"not_picked":["Wraith Form v2","PiercingWail+1","Riddle With Holes+1"],"picked":"Singing Bowl","floor":47},{"not_picked":["Acrobatics+1","Cloak And Dagger"],"picked":"Footwork+1","floor":48},{"not_picked":["PiercingWail","Backstab","Terror"],"picked":"Singing Bowl","floor":49}],"player_experience":1201894,"relics_obtained":[{"floor":3,"key":"Pear"},{"floor":6,"key":"Bag of Preparation"},{"floor":8,"key":"Odd Mushroom"},{"floor":9,"key":"Ancient Tea Set"},{"floor":10,"key":"Matryoshka"},{"floor":11,"key":"Juzu Bracelet"},{"floor":13,"key":"Snake Skull"},{"floor":19,"key":"Singing Bowl"},{"floor":19,"key":"Ginger"},{"floor":23,"key":"Art of War"},{"floor":25,"key":"Ice Cream"},{"floor":26,"key":"Bronze Scales"},{"floor":26,"key":"Sundial"},{"floor":31,"key":"PreservedInsect"},{"floor":38,"key":"Nunchaku"},{"floor":39,"key":"The Courier"},{"floor":39,"key":"Blue Candle"},{"floor":43,"key":"Dream Catcher"}],"event_choices":[{"damage_healed":0,"gold_gain":0,"player_choice":"Donut","damage_taken":0,"max_hp_gain":5,"max_hp_loss":0,"event_name":"Big Fish","floor":5,"gold_loss":0},{"damage_healed":0,"gold_gain":0,"player_choice":"Fought Mushrooms","damage_taken":0,"max_hp_gain":0,"max_hp_loss":0,"event_name":"Mushrooms","floor":8,"gold_loss":0},{"damage_healed":0,"gold_gain":0,"player_choice":"Searched \u00272\u0027 times","damage_taken":0,"max_hp_gain":0,"max_hp_loss":0,"event_name":"Dead Adventurer","floor":11,"gold_loss":0},{"damage_healed":0,"gold_gain":0,"player_choice":"Fight","damage_taken":0,"max_hp_gain":0,"max_hp_loss":0,"event_name":"Colosseum","floor":19,"gold_loss":0},{"damage_healed":0,"gold_gain":0,"player_choice":"Fought Nobs","damage_taken":0,"max_hp_gain":0,"max_hp_loss":0,"event_name":"Colosseum","floor":19,"gold_loss":0},{"damage_healed":0,"gold_gain":0,"player_choice":"Ignored","damage_taken":0,"max_hp_gain":0,"max_hp_loss":0,"event_name":"Ghosts","floor":21,"gold_loss":0},{"damage_healed":0,"gold_gain":0,"player_choice":"Shed Blood","damage_taken":22,"max_hp_gain":5,"max_hp_loss":0,"event_name":"Forgotten Altar","floor":22,"gold_loss":0},{"cards_removed":["Strike_G"],"damage_healed":0,"gold_gain":0,"player_choice":"Elegance","damage_taken":0,"max_hp_gain":0,"max_hp_loss":0,"event_name":"Back to Basics","floor":29,"gold_loss":0},{"damage_healed":0,"gold_gain":0,"player_choice":"Memory 3","damage_taken":10,"max_hp_gain":0,"max_hp_loss":0,"event_name":"SensoryStone","floor":37,"gold_loss":0},{"damage_healed":0,"gold_gain":0,"player_choice":"Fight","damage_taken":0,"max_hp_gain":0,"max_hp_loss":0,"event_name":"Mysterious Sphere","floor":38,"gold_loss":0}],"is_beta":false,"boss_relics":[{"not_picked":["Runic Pyramid","Ectoplasm"],"picked":"Snecko Eye"},{"not_picked":["HoveringKite","Busted Crown"],"picked":"Tiny House"}],"items_purged_floors":[27],"is_endless":false,"potions_floor_spawned":[8,12,13,14,19,23,25,35,38,44,45,47],"ascension_level":0}