{"gold_per_floor":[116,116,129,129,140,140,152,152,179,198,229,259,271,333,345,434,446,473,496,508,61,61],"floor_reached":22,"playtime":1489,"items_purged":[],"score":380,"play_id":"269c6482-bc01-4204-b5a2-9a4ca5ec78a1","local_time":"20190808220034","is_ascension_mode":true,"campfire_choices":[{"data":"Neutralize","floor":6,"key":"SMITH"},{"data":"Cloak And Dagger","floor":8,"key":"SMITH"},{"data":"Finisher","floor":13,"key":"SMITH"},{"data":"Cloak And Dagger","floor":15,"key":"SMITH"}],"neow_cost":"TEN_PERCENT_HP_LOSS","seed_source_timestamp":40596523918677,"circlet_count":0,"master_deck":["AscendersBane","Strike_G","Strike_G","Strike_G","Strike_G","Strike_G","Defend_G","Defend_G","Defend_G","Defend_G+1","Defend_G","Survivor","Neutralize+1","Quick Slash+1","Cloak And Dagger+1","Backstab","Cloak And Dagger+1","Dodge and Roll","Finisher+1","Slice","Bullet Time","Sucker Punch","Expertise","Well Laid Plans"],"relics":["Ring of the Snake","FossilizedHelix","PreservedInsect","MawBank","Fusion Hammer","Nilry\u0027s Codex","MealTicket","Bronze Scales"],"potions_floor_usage":[11,16],"damage_taken":[{"damage":0,"enemies":"2 Louse","floor":1,"turns":4},{"damage":0,"enemies":"Jaw Worm","floor":3,"turns":3},{"damage":0,"enemies":"Cultist","floor":5,"turns":4},{"damage":0,"enemies":"Exordium Wildlife","floor":7,"turns":5},{"damage":0,"enemies":"3 Louse","floor":10,"turns":2},{"damage":0,"enemies":"Gremlin Nob","floor":11,"turns":3},{"damage":0,"enemies":"Looter","floor":12,"turns":2},{"damage":30,"enemies":"The Guardian","floor":16,"turns":16},{"damage":10,"enemies":"Shell Parasite","floor":18,"turns":7},{"damage":0,"enemies":"Chosen","floor":19,"turns":5},{"damage":24,"enemies":"Snake Plant","floor":22,"turns":4}],"seed_played":"6806919201516992091","potions_obtained":[{"floor":7,"key":"AttackPotion"},{"floor":11,"key":"GamblersBrew"}],"is_trial":false,"path_per_floor":["M","?","M","?","M","R","M","R","T","M","E","M","R","?","R","B",null,"M","M","?","$","M"],"character_chosen":"THE_SILENT","items_purchased":["Well Laid Plans","MealTicket","Bronze Scales"],"campfire_rested":0,"item_purchase_floors":[21,21,21],"current_hp_per_floor":[59,64,64,44,44,44,44,44,44,44,44,44,44,44,44,14,52,42,42,21,21,0],"gold":61,"neow_bonus":"ONE_RARE_RELIC","is_prod":false,"is_daily":false,"chose_seed":false,"campfire_upgraded":4,"win_rate":0,"timestamp":1565294434,"path_taken":["M","?","M","?","M","R","M","R","T","M","E","M","R","?","R","BOSS","M","?","?","$","M"],"build_version":"2019-07-17","purchased_purges":0,"victory":false,"max_hp_per_floor":[60,65,65,65,65,65,65,65,65,65,65,65,65,65,65,65,65,65,65,65,65,65],"card_choices":[{"not_picked":["Flying Knee","Predator"],"picked":"Quick Slash","floor":1},{"not_picked":["Underhanded Strike","Choke"],"picked":"Cloak And Dagger","floor":3},{"not_picked":["Cloak And Dagger","Bane"],"picked":"Backstab","floor":5},{"not_picked":["Calculated Gamble","Bane"],"picked":"Cloak And Dagger","floor":7},{"not_picked":["Expertise","Outmaneuver"],"picked":"Dodge and Roll","floor":10},{"not_picked":["Storm of Steel","Terror"],"picked":"Finisher","floor":11},{"not_picked":["Backflip","Dagger Throw"],"picked":"Slice","floor":12},{"not_picked":["Grand Finale","Venomology"],"picked":"Bullet Time","floor":16},{"not_picked":["Catalyst","Poisoned Stab"],"picked":"Sucker Punch","floor":18},{"not_picked":["Outmaneuver","Poisoned Stab"],"picked":"Expertise","floor":19}],"player_experience":782089,"relics_obtained":[{"floor":9,"key":"PreservedInsect"},{"floor":11,"key":"MawBank"},{"floor":20,"key":"Nilry\u0027s Codex"}],"event_choices":[{"damage_healed":0,"gold_gain":0,"player_choice":"Donut","damage_taken":0,"max_hp_gain":5,"max_hp_loss":0,"event_name":"Big Fish","floor":2,"gold_loss":0},{"damage_healed":0,"gold_gain":0,"player_choice":"Entered Light","damage_taken":20,"max_hp_gain":0,"max_hp_loss":0,"event_name":"Shining Light","floor":4,"gold_loss":0,"cards_upgraded":["Quick Slash","Defend_G"]},{"damage_healed":0,"gold_gain":50,"player_choice":"Pray","damage_taken":0,"max_hp_gain":0,"max_hp_loss":0,"event_name":"Golden Shrine","floor":14,"gold_loss":0},{"damage_healed":0,"gold_gain":0,"player_choice":"Obtained Book","damage_taken":21,"max_hp_gain":0,"max_hp_loss":0,"event_name":"Cursed Tome","floor":20,"gold_loss":0}],"is_beta":false,"boss_relics":[{"not_picked":["Philosopher\u0027s Stone","Pandora\u0027s Box"],"picked":"Fusion Hammer"}],"items_purged_floors":[],"is_endless":false,"potions_floor_spawned":[7,11],"killed_by":"Snake Plant","ascension_level":16}