{"gold_per_floor":[12,12,12,24,42,42,59,74,98,127,137,62,62,62,62,160,160,176,76,87,98,110,110,110],"floor_reached":24,"playtime":1803,"items_purged":["Strike_B","Genetic Algorithm"],"score":200,"play_id":"b9848df5-40ff-4305-ae5d-f6dfe1b27c10","local_time":"20180623220634","is_ascension_mode":false,"campfire_choices":[{"data":"Redo","floor":6,"key":"SMITH"},{"floor":15,"key":"REST"},{"data":"Reboot","floor":23,"key":"SMITH"}],"neow_cost":"NO_GOLD","seed_source_timestamp":31229743741872,"circlet_count":0,"master_deck":["Zap+1","Dualcast","Amplify","Redo+1","Gash","Gash","Go for the Eyes","Reboot+1","Go for the Eyes","Echo Form","Reinforced Body","Cold Snap","Ball Lightning","Hologram","Ball Lightning","Skim"],"relics":["Cracked Core","Potion Belt","Dream Catcher","Pandora\u0027s Box"],"potions_floor_usage":[16,16,18,21,22],"damage_taken":[{"damage":0,"enemies":"Small Slimes","floor":1,"turns":3},{"damage":0,"enemies":"2 Louse","floor":4,"turns":2},{"damage":0,"enemies":"Cultist","floor":5,"turns":3},{"damage":7,"enemies":"3 Louse","floor":7,"turns":3},{"damage":5,"enemies":"Looter","floor":8,"turns":3},{"damage":16,"enemies":"Gremlin Nob","floor":10,"turns":4},{"damage":4,"enemies":"Exordium Thugs","floor":11,"turns":4},{"damage":42,"enemies":"The Guardian","floor":16,"turns":10},{"damage":8,"enemies":"Shell Parasite","floor":18,"turns":5},{"damage":7,"enemies":"Chosen","floor":20,"turns":3},{"damage":26,"enemies":"Snecko","floor":21,"turns":7},{"damage":14,"enemies":"Snake Plant","floor":22,"turns":4},{"damage":26,"enemies":"Cultist and Chosen","floor":24,"turns":4}],"seed_played":"4376659161796160227","potions_obtained":[{"floor":4,"key":"Block Potion"},{"floor":7,"key":"PowerPotion"},{"floor":8,"key":"Swift Potion"},{"floor":11,"key":"Poison Potion"},{"floor":18,"key":"Block Potion"},{"floor":22,"key":"Dexterity Potion"}],"is_trial":false,"path_per_floor":["M","?","?","M","M","R","M","M","T","E","M","$","?","T","R","B",null,"M","$","M","M","M","R"],"character_chosen":"DEFECT","items_purchased":[],"campfire_rested":1,"item_purchase_floors":[],"current_hp_per_floor":[75,68,68,68,68,68,61,56,56,40,36,36,36,36,58,16,75,67,67,60,34,20,20,0],"gold":110,"neow_bonus":"THREE_RARE_CARDS","is_prod":false,"is_daily":false,"chose_seed":false,"campfire_upgraded":2,"win_rate":0,"timestamp":1529784394,"path_taken":["M","?","?","M","M","R","?","M","T","E","M","$","?","?","R","BOSS","M","$","M","M","M","R","M"],"build_version":"2018-06-21v2","purchased_purges":2,"victory":false,"max_hp_per_floor":[75,75,75,75,75,75,75,75,75,75,75,75,75,75,75,75,75,75,75,75,75,75,75,75],"card_choices":[{"not_picked":["Thunder Strike","Core Surge"],"picked":"Amplify","floor":0},{"not_picked":["Stack","Conserve Battery","Rip and Tear"],"picked":"SKIP","floor":1},{"not_picked":["Darkness","Compile Driver"],"picked":"Redo","floor":4},{"not_picked":["Beam Cell","Self Repair"],"picked":"Gash","floor":5},{"not_picked":["Compile Driver","Leap"],"picked":"Gash","floor":7},{"not_picked":["Steam Power","Ball Lightning"],"picked":"Go for the Eyes","floor":8},{"not_picked":["Redo","Blizzard"],"picked":"Reboot","floor":10},{"not_picked":["Loop","Recycle"],"picked":"Go for the Eyes","floor":11},{"not_picked":["Meteor Strike","Electrodynamics"],"picked":"Echo Form","floor":16},{"not_picked":["Conserve Battery","Stack","Hologram+1"],"picked":"SKIP","floor":18},{"not_picked":["Go for the Eyes","Self Repair","Ball Lightning"],"picked":"SKIP","floor":20},{"not_picked":["Reprogram","Undo"],"picked":"Skim","floor":21},{"not_picked":["Aggregate","Rebound+1","Multi-Cast"],"picked":"SKIP","floor":22}],"player_experience":249113,"relics_obtained":[{"floor":9,"key":"Potion Belt"},{"floor":10,"key":"Dream Catcher"}],"event_choices":[{"event_name":"Golden Wing","player_choice":"Card Removal","floor":2,"damage_taken":0},{"event_name":"Upgrade Shrine","player_choice":"Upgraded","floor":3,"damage_taken":0},{"event_name":"Liars Game","player_choice":"disagreed","floor":13,"damage_taken":0}],"boss_relics":[{"not_picked":["Snecko Eye","Nuclear Battery"],"picked":"Pandora\u0027s Box"}],"items_purged_floors":[12,19],"is_endless":false,"potions_floor_spawned":[4,7,8,11,18,22],"killed_by":"Cultist and Chosen","ascension_level":0}