{"gold_per_floor":[116,129,144,161,181,181,208,218,218,246,246,278,294,304,304,380,380,390,400,400,186,111,111,137,155,155,70,81,95,95,109,109,182,182,195,212,2,2,2,2,16,16,16,16,28,28,41,41],"floor_reached":48,"playtime":3573,"items_purged":["Strike_B","Strike_B"],"score":957,"play_id":"c151c332-0e76-4031-b3ce-419cecec9b47","local_time":"20190924001019","is_ascension_mode":true,"campfire_choices":[{"data":"Zap","floor":6.0,"key":"SMITH"},{"floor":15.0,"key":"REST"},{"floor":23.0,"key":"REST"},{"floor":30.0,"key":"REST"},{"floor":32.0,"key":"REST"},{"floor":40.0,"key":"REST"},{"floor":42.0,"key":"REST"},{"floor":46.0,"key":"REST"}],"neow_cost":"NONE","seed_source_timestamp":105342429907300,"circlet_count":0,"master_deck":["AscendersBane","Strike_B","Defend_B","Defend_B","Defend_B","Defend_B","Zap+1","Dualcast","Capacitor","Glacier","Conserve Battery","Capacitor","Compile Driver","Core Surge","Rip and Tear","Sweeping Beam","Ball Lightning","Leap","Echo Form+1","Defragment+1","Barrage","Chill+1","Auto Shields+1","Undo","Fusion","Buffer+1","BootSequence","Defragment+1","Cold Snap","Leap","Redo+1","Skim+1","Decay","Parasite","Force Field+1","FTL+1","Cold Snap+1"],"special_seed":0,"relics":["Cracked Core","NeowsBlessing","Strawberry","Frozen Egg 2","Mango","Orichalcum","Nuclear Battery","Peace Pipe","Blood Vial","Sundial","Orrery","Molten Egg 2"],"potions_floor_usage":[48],"damage_taken":[{"damage":0.0,"enemies":"Jaw Worm","floor":1.0,"turns":1.0},{"damage":0.0,"enemies":"Cultist","floor":2.0,"turns":1.0},{"damage":0.0,"enemies":"Small Slimes","floor":3.0,"turns":1.0},{"damage":1.0,"enemies":"3 Louse","floor":4.0,"turns":5.0},{"damage":7.0,"enemies":"2 Fungi Beasts","floor":5.0,"turns":6.0},{"damage":10.0,"enemies":"Lagavulin","floor":7.0,"turns":9.0},{"damage":21.0,"enemies":"Exordium Wildlife","floor":8.0,"turns":6.0},{"damage":30.0,"enemies":"Gremlin Nob","floor":10.0,"turns":4.0},{"damage":11.0,"enemies":"Lagavulin","floor":12.0,"turns":7.0},{"damage":0.0,"enemies":"Blue Slaver","floor":13.0,"turns":3.0},{"damage":5.0,"enemies":"Red Slaver","floor":14.0,"turns":3.0},{"damage":28.0,"enemies":"The Guardian","floor":16.0,"turns":14.0},{"damage":17.0,"enemies":"3 Byrds","floor":18.0,"turns":6.0},{"damage":15.0,"enemies":"Shell Parasite","floor":19.0,"turns":6.0},{"damage":34.0,"enemies":"Slavers","floor":24.0,"turns":5.0},{"damage":16.0,"enemies":"Snake Plant","floor":25.0,"turns":7.0},{"damage":0.0,"enemies":"Snecko","floor":28.0,"turns":7.0},{"damage":10.0,"enemies":"Shelled Parasite and Fungi","floor":29.0,"turns":6.0},{"damage":5.0,"enemies":"Centurion and Healer","floor":31.0,"turns":9.0},{"damage":50.0,"enemies":"Automaton","floor":33.0,"turns":13.0},{"damage":47.0,"enemies":"3 Darklings","floor":35.0,"turns":10.0},{"damage":11.0,"enemies":"3 Shapes","floor":36.0,"turns":11.0},{"damage":21.0,"enemies":"Writhing Mass","floor":41.0,"turns":11.0},{"damage":36.0,"enemies":"Maw","floor":45.0,"turns":12.0},{"damage":36.0,"enemies":"3 Darklings","floor":47.0,"turns":11.0},{"damage":20,"enemies":"Transient","floor":48,"turns":3}],"seed_played":"7422267284794359570","potions_obtained":[{"floor":1.0,"key":"SpeedPotion"},{"floor":4.0,"key":"FairyPotion"},{"floor":7.0,"key":"FairyPotion"},{"floor":18.0,"key":"Fire Potion"},{"floor":25.0,"key":"Weak Potion"},{"floor":29.0,"key":"Regen Potion"},{"floor":33.0,"key":"SkillPotion"}],"is_trial":false,"path_per_floor":["M","M","M","M","M","R","E","M","T","E","?","E","M","M","R","B",null,"M","M","?","$","?","R","E","M","T","?","M","M","R","M","R","B",null,"M","M","$","?","?","R","M","R","T","$","M","R","M","M"],"character_chosen":"DEFECT","items_purchased":["Defragment+1","Barrage","Block Potion","Fire Potion"],"campfire_rested":7,"item_purchase_floors":[21,21,37,37],"current_hp_per_floor":[64,64,64,63,56,56,53,32,32,16,16,5,5,9,36,8,71,54,39,18,18,18,45,11,9,9,9,11,3,30,27,54,21,74,29,20,20,20,20,46,27,53,53,53,19,45,11,0],"gold":41,"neow_bonus":"THREE_ENEMY_KILL","is_prod":false,"is_daily":false,"chose_seed":false,"campfire_upgraded":1,"win_rate":0,"timestamp":1569251419,"path_taken":["M","M","M","M","M","R","E","M","T","E","?","E","M","?","R","BOSS","M","M","?","$","?","R","E","M","T","?","M","M","R","M","R","BOSS","M","M","$","?","?","R","M","R","T","$","M","R","M","M"],"build_version":"2019-07-17","purchased_purges":2,"victory":false,"max_hp_per_floor":[71,71,71,71,71,71,78,78,78,92,92,92,92,92,92,92,92,92,92,92,92,92,92,92,92,92,92,92,92,92,92,92,92,92,92,92,92,87,87,87,87,87,87,87,87,87,87,87],"card_choices":[{"not_picked":["Skim","Barrage"],"picked":"Capacitor","floor":1.0},{"not_picked":["Steam","Turbo"],"picked":"Glacier","floor":2.0},{"not_picked":["Leap","Heatsinks"],"picked":"Conserve Battery","floor":3.0},{"not_picked":["Steam","Rebound"],"picked":"Capacitor","floor":4.0},{"not_picked":["Aggregate","Beam Cell"],"picked":"Compile Driver","floor":5.0},{"not_picked":["Force Field","Hologram"],"picked":"Core Surge","floor":7.0},{"not_picked":["Darkness","Stack"],"picked":"Rip and Tear","floor":8.0},{"not_picked":["Compile Driver","Tempest"],"picked":"Sweeping Beam","floor":10.0},{"not_picked":["Static Discharge+1","Redo"],"picked":"Ball Lightning","floor":12.0},{"not_picked":["Steam Power","Compile Driver","Hyperbeam"],"picked":"SKIP","floor":13.0},{"not_picked":["Hologram","Static Discharge+1"],"picked":"Leap","floor":14.0},{"not_picked":["All For One","Machine Learning+1"],"picked":"Echo Form+1","floor":16.0},{"not_picked":["Compile Driver","Redo","Hologram"],"picked":"SKIP","floor":18.0},{"not_picked":["Sweeping Beam","Capacitor+1","Hologram"],"picked":"SKIP","floor":19.0},{"not_picked":["Turbo","Sunder"],"picked":"Chill+1","floor":24.0},{"not_picked":["Sweeping Beam","Cold Snap","Steam"],"picked":"SKIP","floor":25.0},{"not_picked":["Darkness","Chill"],"picked":"Auto Shields+1","floor":28.0},{"not_picked":["Leap","FTL"],"picked":"Undo","floor":29.0},{"not_picked":["Go for the Eyes","Heatsinks+1"],"picked":"Fusion","floor":31.0},{"not_picked":["Seek","Thunder Strike"],"picked":"Buffer+1","floor":33.0},{"not_picked":["Steam","Compile Driver"],"picked":"BootSequence","floor":34.0},{"not_picked":["Gash","Fission"],"picked":"Defragment+1","floor":34.0},{"not_picked":["Steam+1","Sweeping Beam"],"picked":"Cold Snap","floor":34.0},{"not_picked":["Doom and Gloom","Skim"],"picked":"Leap","floor":34.0},{"not_picked":["Sweeping Beam","Barrage"],"picked":"Redo+1","floor":35.0},{"not_picked":["Rebound","Cold Snap"],"picked":"Skim+1","floor":36.0},{"not_picked":["Genetic Algorithm","Cold Snap"],"picked":"Force Field+1","floor":41.0},{"not_picked":["Beam Cell+1","Static Discharge+1"],"picked":"FTL+1","floor":45.0},{"not_picked":["Rainbow","Gash+1"],"picked":"Cold Snap+1","floor":47.0}],"player_experience":439315,"relics_obtained":[{"floor":7.0,"key":"Strawberry"},{"floor":9.0,"key":"Frozen Egg 2"},{"floor":10.0,"key":"Mango"},{"floor":12.0,"key":"Orichalcum"},{"floor":24.0,"key":"Peace Pipe"},{"floor":26.0,"key":"Blood Vial"},{"floor":43.0,"key":"Molten Egg 2"}],"event_choices":[{"damage_healed":0.0,"max_hp_gain":0.0,"max_hp_loss":0.0,"gold_gain":0.0,"event_name":"Lab","player_choice":"Got Potions","floor":11.0,"gold_loss":0.0,"damage_taken":0.0},{"damage_healed":0.0,"max_hp_gain":0.0,"max_hp_loss":0.0,"gold_gain":0.0,"event_name":"Cursed Tome","player_choice":"Obtained Book","floor":20.0,"gold_loss":0.0,"damage_taken":21.0},{"cards_removed":["Strike_B"],"damage_healed":0.0,"max_hp_gain":0.0,"max_hp_loss":0.0,"gold_gain":0.0,"event_name":"Beggar","player_choice":"Gave Gold","floor":22.0,"gold_loss":75.0,"damage_taken":0.0},{"damage_healed":0.0,"max_hp_gain":0.0,"max_hp_loss":0.0,"gold_gain":0.0,"event_name":"Addict","player_choice":"Obtained Relic","floor":27.0,"gold_loss":85.0,"damage_taken":0.0,"relics_obtained":["Sundial"]},{"damage_healed":0.0,"max_hp_gain":0.0,"max_hp_loss":5.0,"gold_gain":0.0,"event_name":"Winding Halls","player_choice":"Max HP","floor":38.0,"gold_loss":0.0,"damage_taken":0.0},{"damage_healed":0.0,"max_hp_gain":0.0,"max_hp_loss":0.0,"gold_gain":0.0,"event_name":"Wheel of Change","player_choice":"Cursed","floor":39.0,"gold_loss":0.0,"damage_taken":0.0,"cards_obtained":["Decay"]}],"is_beta":false,"boss_relics":[{"not_picked":["FrozenCore","Fusion Hammer"],"picked":"Nuclear Battery"},{"not_picked":["Philosopher\u0027s Stone","Astrolabe"],"picked":"Orrery"}],"items_purged_floors":[21,37],"is_endless":false,"potions_floor_spawned":[1,4,5,7,8,12,18,25,29,33,41],"killed_by":"Transient","ascension_level":19}