{"gold_per_floor":[109,184,184,194,204,204,218,249,274,274],"floor_reached":10,"playtime":293,"items_purged":[],"score":102,"play_id":"899d8e79-c3ef-4a22-9d94-d0e6e782a145","local_time":"20180812185914","is_ascension_mode":true,"campfire_choices":[{"data":"Hologram","floor":6,"key":"SMITH"}],"neow_cost":"NONE","seed_source_timestamp":345923292428785,"circlet_count":0,"master_deck":["Strike_B","Strike_B","Strike_B","Strike_B","Defend_B","Defend_B","Defend_B","Defend_B","Zap+1","Dualcast","AscendersBane","Skim","Injury","Ball Lightning","Hologram+1","Genetic Algorithm","Recycle"],"relics":["Cracked Core","NeowsBlessing","Ancient Tea Set","Art of War"],"potions_floor_usage":[10,10,10],"damage_taken":[{"damage":0,"enemies":"2 Louse","floor":1,"turns":1},{"damage":0,"enemies":"Small Slimes","floor":4,"turns":1},{"damage":0,"enemies":"Cultist","floor":5,"turns":1},{"damage":12,"enemies":"Looter","floor":7,"turns":3},{"damage":49,"enemies":"3 Sentries","floor":8,"turns":9},{"damage":28,"enemies":"Gremlin Nob","floor":10,"turns":3}],"seed_played":"-7229569423770109597","potions_obtained":[{"floor":1,"key":"Ancient Potion"},{"floor":4,"key":"Ancient Potion"},{"floor":5,"key":"FairyPotion"},{"floor":8,"key":"Strength Potion"}],"is_trial":false,"path_per_floor":["M","?","?","M","M","R","M","E","T"],"character_chosen":"DEFECT","items_purchased":[],"campfire_rested":0,"item_purchase_floors":[],"current_hp_per_floor":[68,57,57,57,57,57,45,7,7,0],"gold":274,"neow_bonus":"THREE_ENEMY_KILL","is_prod":false,"is_daily":false,"chose_seed":false,"campfire_upgraded":1,"win_rate":0,"timestamp":1534067954,"path_taken":["M","?","?","M","M","R","M","E","T","E"],"build_version":"2018-08-09","purchased_purges":0,"victory":false,"max_hp_per_floor":[75,75,75,75,75,75,75,75,75,75],"card_choices":[{"not_picked":["Reinforced Body","Stack"],"picked":"Skim","floor":1},{"not_picked":["Hologram","Leap"],"picked":"Ball Lightning","floor":4},{"not_picked":["Darkness","Reboot"],"picked":"Hologram","floor":5},{"not_picked":["Beam Cell","Steam Power"],"picked":"Genetic Algorithm","floor":7},{"not_picked":["Core Surge","Barrage"],"picked":"Recycle","floor":8}],"player_experience":191775,"relics_obtained":[{"floor":8,"key":"Ancient Tea Set"},{"floor":9,"key":"Art of War"}],"event_choices":[{"event_name":"World of Goop","player_choice":"Gather Gold","floor":2,"damage_taken":0},{"event_name":"Accursed Blacksmith","player_choice":"Forge","floor":3,"damage_taken":0}],"is_beta":false,"boss_relics":[],"items_purged_floors":[],"is_endless":false,"potions_floor_spawned":[1,4,5,8],"killed_by":"Gremlin Nob","ascension_level":10}