{"gold_per_floor":[114,13,32,32,32,64,64,214,261,32,67,67,26,44,44,121,121,139,14,25,25],"floor_reached":21,"playtime":974,"items_purged":["Strike_B","Doubt","Strike_B"],"score":370,"play_id":"e15d5fdb-b036-4ea6-bbdf-560c30a9b3ff","local_time":"20190501141430","is_ascension_mode":true,"campfire_choices":[{"floor":7,"key":"REST"},{"data":"Chaos","floor":12,"key":"SMITH"},{"data":"Darkness","floor":15,"key":"SMITH"}],"neow_cost":"NONE","seed_source_timestamp":716474055509300,"circlet_count":0,"master_deck":["AscendersBane","Strike_B","Strike_B","Defend_B+1","Defend_B","Defend_B","Defend_B","Zap","Dualcast+1","Chaos+1","Cold Snap","Darkness+1","Rebound","Glacier","Genetic Algorithm","Self Repair","Buffer","Fusion"],"relics":["Eternal Feather","Vajra","Boot","War Paint","Torii","Sozu"],"potions_floor_usage":[6,11],"damage_taken":[{"damage":11,"enemies":"Jaw Worm","floor":1,"turns":6},{"damage":13,"enemies":"2 Louse","floor":3,"turns":4},{"damage":53,"enemies":"Gremlin Nob","floor":6,"turns":5},{"damage":2,"enemies":"3 Sentries","floor":11,"turns":7},{"damage":13,"enemies":"Small Slimes","floor":14,"turns":5},{"damage":35,"enemies":"Hexaghost","floor":16,"turns":11},{"damage":12,"enemies":"Chosen","floor":18,"turns":6},{"damage":20,"enemies":"Shell Parasite","floor":20,"turns":7},{"damage":53,"enemies":"Cultist and Chosen","floor":21,"turns":7}],"seed_played":"-7946018336527858970","potions_obtained":[{"floor":1,"key":"SkillPotion"},{"floor":6,"key":"Fire Potion"},{"floor":11,"key":"SteroidPotion"},{"floor":16,"key":"SteroidPotion"}],"is_trial":false,"path_per_floor":["M","$","M","?","?","E","R","?","T","$","E","R","$","M","R","B",null,"M","$","M","M"],"character_chosen":"DEFECT","items_purchased":["Cold Snap","Rebound","Glacier","Self Repair"],"campfire_rested":1,"item_purchase_floors":[2,10,10,13],"current_hp_per_floor":[53,53,40,63,58,5,32,32,32,32,30,39,39,33,42,14,57,52,52,39,0],"gold":25,"neow_bonus":"BOSS_RELIC","is_prod":false,"is_daily":false,"chose_seed":false,"campfire_upgraded":2,"win_rate":0,"timestamp":1556709270,"path_taken":["M","$","M","?","?","E","R","?","T","$","E","R","?","M","R","BOSS","M","$","?","M"],"build_version":"2019-01-23","purchased_purges":3,"victory":false,"max_hp_per_floor":[71,71,71,71,71,71,71,71,71,71,71,71,71,71,71,71,71,71,71,71,71],"card_choices":[{"not_picked":["Go for the Eyes","Reprogram"],"picked":"Chaos","floor":1},{"not_picked":["Redo","Streamline"],"picked":"Darkness","floor":3},{"not_picked":["Reprogram","Hello World","Force Field"],"picked":"SKIP","floor":6},{"not_picked":["BootSequence","Hologram"],"picked":"Genetic Algorithm","floor":11},{"not_picked":["Conserve Battery","Rebound","Steam"],"picked":"SKIP","floor":14},{"not_picked":["All For One","Seek"],"picked":"Buffer","floor":16},{"not_picked":["Double Energy","Storm","Sweeping Beam"],"picked":"SKIP","floor":18},{"not_picked":["Self Repair","Coolheaded"],"picked":"Fusion","floor":20}],"player_experience":1278865,"relics_obtained":[{"floor":6,"key":"Boot"},{"floor":9,"key":"War Paint"},{"floor":11,"key":"Torii"}],"event_choices":[{"damage_healed":23,"gold_gain":0,"player_choice":"Banana","damage_taken":0,"max_hp_gain":0,"max_hp_loss":0,"event_name":"Big Fish","floor":4,"gold_loss":0},{"damage_healed":0,"gold_gain":0,"player_choice":"Success","damage_taken":5,"relics_obtained":["Vajra"],"max_hp_gain":0,"max_hp_loss":0,"event_name":"Scrap Ooze","floor":5,"gold_loss":0},{"damage_healed":0,"gold_gain":150,"player_choice":"AGREE","damage_taken":0,"max_hp_gain":0,"max_hp_loss":0,"event_name":"Liars Game","floor":8,"gold_loss":0,"cards_obtained":["Doubt"]}],"is_beta":false,"boss_relics":[{"not_picked":["Calling Bell","Runic Dome"],"picked":"Sozu"}],"items_purged_floors":[2,10,19],"is_endless":false,"potions_floor_spawned":[1,6,11,16,18],"killed_by":"Cultist and Chosen","ascension_level":20}