{"path_per_floor":["M","M","M","$","M","R","?","E","T","R","?","$","M","?","R"],"character_chosen":"DEFECT","items_purchased":[],"gold_per_floor":[111,125,141,66,85,85,85,120,143,143,143,43,53,53,53,53],"floor_reached":16,"campfire_rested":1,"playtime":1108,"item_purchase_floors":[],"current_hp_per_floor":[75,75,75,75,75,75,75,46,46,46,39,39,39,39,61,0],"items_purged":["Strike_B","Defend_B"],"gold":53,"score":100,"play_id":"17857427-a98b-44f6-9b71-7f6cbc64d789","local_time":"20180603221604","is_prod":false,"is_daily":false,"chose_seed":false,"is_ascension_mode":false,"campfire_upgraded":2,"win_rate":0.0,"timestamp":1528056964,"campfire_choices":[{"data":"Zap","floor":6,"key":"SMITH"},{"data":"Dualcast","floor":10,"key":"SMITH"},{"floor":15,"key":"REST"}],"path_taken":["M","M","M","$","M","R","?","E","T","R","?","$","M","?","R","BOSS"],"build_version":"2018-05-31","seed_source_timestamp":45811190913771,"purchased_purges":2,"victory":false,"master_deck":["Strike_B","Strike_B","Defend_B","Defend_B","Defend_B","Zap+1","Dualcast+1","BootSequence","Cold Snap","Conserve Battery","Hologram","Redo+1"],"max_hp_per_floor":[75,75,75,75,75,75,75,75,75,75,75,75,75,75,75,75],"relics":["Cracked Core","Oddly Smooth Stone","Lantern","Ancient Tea Set"],"card_choices":[{"not_picked":["Self Repair","Undo"],"picked":"Cold Snap","floor":1},{"not_picked":["Ball Lightning","Go for the Eyes","Compile Driver"],"picked":"SKIP","floor":2},{"not_picked":["Ball Lightning","Stack","Reprogram"],"picked":"SKIP","floor":3},{"not_picked":["Lockon","Compile Driver"],"picked":"Conserve Battery","floor":5},{"not_picked":["FTL","Ball Lightning"],"picked":"Hologram","floor":8},{"not_picked":["Streamline","Sweeping Beam"],"picked":"Redo","floor":13}],"player_experience":221546,"potions_floor_usage":[16],"damage_taken":[{"damage":0,"enemies":"Jaw Worm","floor":1,"turns":2},{"damage":0,"enemies":"2 Louse","floor":2,"turns":3},{"damage":0,"enemies":"Cultist","floor":3,"turns":3},{"damage":0,"enemies":"3 Louse","floor":5,"turns":3},{"damage":29,"enemies":"Gremlin Nob","floor":8,"turns":5},{"damage":0,"enemies":"Lots of Slimes","floor":13,"turns":3},{"damage":68,"enemies":"Slime Boss","floor":16,"turns":14}],"relics_obtained":[{"floor":8,"key":"Oddly Smooth Stone"},{"floor":9,"key":"Lantern"}],"event_choices":[{"event_name":"Liars Game","player_choice":"disagreed","floor":7,"damage_taken":0},{"event_name":"Scrap Ooze","player_choice":"success","floor":11,"damage_taken":7},{"event_name":"Upgrade Shrine","player_choice":"Upgraded","floor":14,"damage_taken":0}],"boss_relics":[],"items_purged_floors":[4,12],"potions_floor_spawned":[1,8,13],"seed_played":"-6778926136440870719","killed_by":"Slime Boss","ascension_level":0,"potions_obtained":[{"floor":1,"key":"EssenceOfSteel"},{"floor":8,"key":"FearPotion"},{"floor":13,"key":"Ancient Potion"}],"is_trial":false}