{"gold_per_floor":[115,133,145,164,181,207,207,219,271,271,66,66,79,110,110,208,208,219,235,248,263,35,54,68,96,126,126,126],"floor_reached":28,"playtime":1767,"items_purged":["Strike_B"],"score":451,"play_id":"0d48be03-9e12-43a3-a2a9-aa370b1953db","local_time":"20190205234149","is_ascension_mode":true,"campfire_choices":[{"floor":7,"key":"REST"},{"floor":10,"key":"REST"},{"data":"Hologram","floor":15,"key":"SMITH"}],"neow_cost":"NONE","seed_source_timestamp":56442651530092,"circlet_count":0,"master_deck":["AscendersBane","Defend_B","Defend_B","Defend_B","Defend_B","Zap","Dualcast","Panacea","Rebound","Leap","Cold Snap","Leap","Conserve Battery","Conserve Battery","Conserve Battery","Hologram+1","Self Repair+1","Electrodynamics+1","Darkness+1","Coolheaded+1","White Noise+1","Thunder Strike","Capacitor+1","Melter","Ball Lightning+1","Defragment+1","Skim+1","Bite","Bite","Bite","Bite","Bite"],"relics":["Cracked Core","Frozen Egg 2","Regal Pillow","Bronze Scales","Toxic Egg 2","Sozu","Oddly Smooth Stone","Tiny Chest"],"potions_floor_usage":[12,16],"damage_taken":[{"damage":1,"enemies":"Cultist","floor":1,"turns":3},{"damage":8,"enemies":"Small Slimes","floor":2,"turns":3},{"damage":1,"enemies":"2 Louse","floor":3,"turns":3},{"damage":18,"enemies":"Gremlin Gang","floor":4,"turns":4},{"damage":13,"enemies":"Exordium Wildlife","floor":5,"turns":7},{"damage":26,"enemies":"Lagavulin","floor":6,"turns":10},{"damage":0,"enemies":"3 Louse","floor":8,"turns":3},{"damage":0,"enemies":"Gremlin Nob","floor":12,"turns":1},{"damage":3,"enemies":"Exordium Thugs","floor":13,"turns":5},{"damage":10,"enemies":"Lagavulin","floor":14,"turns":9},{"damage":11,"enemies":"The Guardian","floor":16,"turns":15},{"damage":19,"enemies":"Shell Parasite","floor":18,"turns":9},{"damage":0,"enemies":"Chosen","floor":19,"turns":5},{"damage":13,"enemies":"Centurion and Healer","floor":20,"turns":10},{"damage":5,"enemies":"3 Cultists","floor":21,"turns":3},{"damage":11,"enemies":"Snecko","floor":23,"turns":5},{"damage":13,"enemies":"Snake Plant","floor":24,"turns":5},{"damage":43,"enemies":"Book of Stabbing","floor":25,"turns":5},{"damage":38,"enemies":"Slavers","floor":28,"turns":3}],"seed_played":"-8303797121611329993","potions_obtained":[{"floor":1,"key":"EssenceOfSteel"},{"floor":2,"key":"Energy Potion"},{"floor":8,"key":"SmokeBomb"},{"floor":14,"key":"LiquidBronze"},{"floor":16,"key":"Energy Potion"}],"is_trial":false,"path_per_floor":["M","M","M","M","M","E","R","M","T","R","$","E","M","E","R","B",null,"M","M","M","M","$","M","M","E","T","?","E"],"character_chosen":"DEFECT","items_purchased":["Bronze Scales","Conserve Battery","Capacitor+1","Melter"],"campfire_rested":2,"item_purchase_floors":[11,11,22,22],"current_hp_per_floor":[67,59,58,40,27,1,23,23,23,60,60,60,57,47,47,46,68,59,69,66,71,71,70,67,34,34,34,0],"gold":126,"neow_bonus":"RANDOM_COLORLESS","is_prod":false,"is_daily":false,"chose_seed":false,"campfire_upgraded":1,"win_rate":0,"timestamp":1549377709,"path_taken":["M","M","M","M","M","E","R","?","T","R","$","E","M","E","R","BOSS","M","M","M","M","$","M","M","E","T","?","E"],"build_version":"2019-01-23","purchased_purges":1,"victory":false,"max_hp_per_floor":[75,75,75,75,75,75,75,75,75,75,75,75,75,75,75,75,75,75,75,75,75,75,75,75,75,75,52,52],"card_choices":[{"not_picked":["Rip and Tear","Barrage"],"picked":"Rebound","floor":1},{"not_picked":["Redo","Gash"],"picked":"Leap","floor":2},{"not_picked":["Rip and Tear","Go for the Eyes"],"picked":"Cold Snap","floor":3},{"not_picked":["Compile Driver","Undo"],"picked":"Leap","floor":4},{"not_picked":["Blizzard","Steam Power"],"picked":"Conserve Battery","floor":5},{"not_picked":["BootSequence","Stack"],"picked":"Conserve Battery","floor":6},{"not_picked":["Darkness","Go for the Eyes","Rebound"],"picked":"SKIP","floor":8},{"not_picked":["Compile Driver","Leap"],"picked":"Hologram","floor":13},{"not_picked":["Redo","Scrape"],"picked":"Self Repair+1","floor":14},{"not_picked":["Meteor Strike","Seek+1"],"picked":"Electrodynamics+1","floor":16},{"not_picked":["Redo+1","Gash"],"picked":"Darkness+1","floor":18},{"not_picked":["Leap+1","Cold Snap"],"picked":"Coolheaded+1","floor":19},{"not_picked":["Coolheaded+1","Self Repair+1"],"picked":"White Noise+1","floor":20},{"not_picked":["Gash","Barrage"],"picked":"Thunder Strike","floor":21},{"not_picked":["Redo+1","Go for the Eyes"],"picked":"Ball Lightning+1","floor":23},{"not_picked":["Conserve Battery+1","BootSequence+1"],"picked":"Defragment+1","floor":24},{"not_picked":["Turbo+1","Stack+1"],"picked":"Skim+1","floor":25}],"player_experience":311048,"relics_obtained":[{"floor":6,"key":"Frozen Egg 2"},{"floor":9,"key":"Regal Pillow"},{"floor":14,"key":"Toxic Egg 2"},{"floor":25,"key":"Oddly Smooth Stone"},{"floor":26,"key":"Tiny Chest"}],"event_choices":[{"damage_healed":0,"gold_gain":0,"player_choice":"Became a vampire","damage_taken":0,"max_hp_gain":0,"max_hp_loss":23,"event_name":"Vampires","floor":27,"gold_loss":0,"cards_obtained":["Bite","Bite","Bite","Bite","Bite"]}],"is_beta":false,"boss_relics":[{"not_picked":["Snecko Eye","Fusion Hammer"],"picked":"Sozu"}],"items_purged_floors":[22],"is_endless":false,"potions_floor_spawned":[1,2,6,8,14,16,18,23],"killed_by":"Slavers","ascension_level":12}