{"gold_per_floor":[114,129,139,149,149,149,174,64,64,64],"floor_reached":10,"playtime":428,"items_purged":["Defend_B"],"score":109,"play_id":"c0bb5304-9b75-4939-84e5-a3e96b56fd54","local_time":"20180816121414","is_ascension_mode":true,"campfire_choices":[{"data":"Zap","floor":6.0,"key":"SMITH"}],"neow_cost":"PERCENT_DAMAGE","seed_source_timestamp":82363165885719,"circlet_count":0,"master_deck":["Strike_B+1","Defend_B","Defend_B","Defend_B","Zap+1","Dualcast","AscendersBane","Go for the Eyes+1","Sweeping Beam","Steam","Biased Cognition","Darkness"],"special_seed":0,"relics":["Cracked Core","Whetstone","Blood Vial"],"potions_floor_usage":[10],"damage_taken":[{"damage":0.0,"enemies":"2 Louse","floor":1.0,"turns":2.0},{"damage":6.0,"enemies":"Cultist","floor":2.0,"turns":4.0},{"damage":2.0,"enemies":"Jaw Worm","floor":3.0,"turns":4.0},{"damage":17.0,"enemies":"Exordium Thugs","floor":4.0,"turns":4.0},{"damage":20.0,"enemies":"Lagavulin","floor":7.0,"turns":8.0},{"damage":7,"enemies":"Red Slaver","floor":10,"turns":1}],"seed_played":"8095473528728080403","potions_obtained":[{"floor":2.0,"key":"AttackPotion"},{"floor":3.0,"key":"Weak Potion"},{"floor":4.0,"key":"AttackPotion"},{"floor":7.0,"key":"Dexterity Potion"}],"is_trial":false,"path_per_floor":["M","M","M","M","?","R","E","$","T"],"character_chosen":"DEFECT","items_purchased":["Darkness"],"campfire_rested":0,"item_purchase_floors":[8],"current_hp_per_floor":[50,44,42,25,25,25,5,5,5,0],"gold":64,"neow_bonus":"REMOVE_TWO","is_prod":false,"is_daily":false,"chose_seed":false,"campfire_upgraded":1,"win_rate":0,"timestamp":1534389254,"path_taken":["M","M","M","M","?","R","E","$","T","M"],"build_version":"2018-08-09","purchased_purges":1,"victory":false,"max_hp_per_floor":[75,75,75,75,75,75,75,75,75,75],"card_choices":[{"not_picked":["Gash","Stack"],"picked":"Go for the Eyes","floor":1.0},{"not_picked":["Storm","Loop","Compile Driver"],"picked":"SKIP","floor":2.0},{"not_picked":["Compile Driver","Steam"],"picked":"Sweeping Beam","floor":3.0},{"not_picked":["Recycle","Sweeping Beam"],"picked":"Steam","floor":4.0},{"not_picked":["Coolheaded","Redo"],"picked":"Biased Cognition","floor":7.0}],"player_experience":229015,"relics_obtained":[{"floor":7.0,"key":"Whetstone"},{"floor":9.0,"key":"Blood Vial"}],"event_choices":[{"event_name":"Purifier","player_choice":"One Purge","floor":5.0,"damage_taken":0.0}],"is_beta":false,"boss_relics":[],"items_purged_floors":[8],"is_endless":false,"potions_floor_spawned":[2,3,4,7],"killed_by":"Red Slaver","ascension_level":12}