{"gold_per_floor":[118,136,17,17,35,68,68,96,148,177,42,42,54,68,68,167,167,183,202,117,117,0,0,31,31,31,31,66,84,18,44,44,144,144,157,157,157,157,177,177,277,305,305,24,50,66,101,1,1,1],"floor_reached":51,"playtime":3252,"items_purged":["Fire Breathing","Combust","Strike_R"],"score":1230,"play_id":"e365698e-e80d-4182-8919-0a6469b6f1f1","local_time":"20190804221932","is_ascension_mode":true,"campfire_choices":[{"data":"Bash","floor":7,"key":"SMITH"},{"floor":12,"key":"REST"},{"data":"Demon Form","floor":15,"key":"SMITH"},{"data":"Heavy Blade","floor":23,"key":"SMITH"},{"data":"Corruption","floor":25,"key":"SMITH"},{"floor":32,"key":"REST"},{"floor":40,"key":"REST"},{"floor":49,"key":"REST"}],"neow_cost":"NONE","seed_source_timestamp":14246615566715,"circlet_count":0,"master_deck":["Strike_R+1","Defend_R","Defend_R","Defend_R","Defend_R","Bash+1","Spot Weakness","Rampage","Shrug It Off","Sword Boomerang","Heavy Blade+1","Demon Form+1","Shrug It Off","Shrug It Off","Anger","Impervious","Headbutt","Exhume","Corruption+1","True Grit","Immolate+1","Uppercut+1","Intimidate+1","Madness","Madness","Shrug It Off","Flame Barrier+1","Reaper"],"relics":["Burning Blood","FaceOfCleric","The Courier","Lantern","Pen Nib","Oddly Smooth Stone","Sozu","Pear","Shuriken","Frozen Egg 2","Nilry\u0027s Codex","Nunchaku","Gremlin Horn","Fusion Hammer","Mercury Hourglass","Thread and Needle","Whetstone","Pantograph","Bottled Tornado","Mummified Hand","Bag of Marbles"],"potions_floor_usage":[10,16,16,24],"damage_taken":[{"damage":6,"enemies":"Cultist","floor":1,"turns":3},{"damage":1,"enemies":"Small Slimes","floor":2,"turns":5},{"damage":3,"enemies":"2 Louse","floor":5,"turns":3},{"damage":32,"enemies":"Gremlin Nob","floor":6,"turns":4},{"damage":37,"enemies":"3 Sentries","floor":8,"turns":7},{"damage":20,"enemies":"Lagavulin","floor":10,"turns":4},{"damage":0,"enemies":"Blue Slaver","floor":13,"turns":3},{"damage":3,"enemies":"Large Slime","floor":14,"turns":4},{"damage":30,"enemies":"Hexaghost","floor":16,"turns":6},{"damage":3,"enemies":"3 Byrds","floor":18,"turns":5},{"damage":0,"enemies":"Spheric Guardian","floor":19,"turns":4},{"damage":15,"enemies":"Gremlin Leader","floor":24,"turns":6},{"damage":13,"enemies":"Slavers","floor":28,"turns":6},{"damage":21,"enemies":"Centurion and Healer","floor":29,"turns":5},{"damage":42,"enemies":"Gremlin Leader","floor":31,"turns":4},{"damage":55,"enemies":"Champ","floor":33,"turns":9},{"damage":10,"enemies":"3 Darklings","floor":35,"turns":3},{"damage":31,"enemies":"3 Shapes","floor":39,"turns":4},{"damage":0,"enemies":"Mind Bloom Boss Battle","floor":41,"turns":5},{"damage":17,"enemies":"Reptomancer","floor":42,"turns":5},{"damage":6,"enemies":"Nemesis","floor":45,"turns":5},{"damage":6,"enemies":"Maw","floor":46,"turns":5},{"damage":11,"enemies":"Giant Head","floor":47,"turns":6},{"damage":51,"enemies":"Awakened One","floor":50,"turns":8}],"seed_played":"3979231713111350188","potions_obtained":[{"floor":1,"key":"LiquidBronze"},{"floor":2,"key":"Poison Potion"},{"floor":10,"key":"PowerPotion"},{"floor":16,"key":"Fruit Juice"}],"is_trial":false,"path_per_floor":["M","M","$","?","M","E","R","E","T","E","$","R","M","M","R","B",null,"M","M","?","?","$","R","E","R","T","?","E","M","$","E","R","B",null,"M","?","?","?","M","R","?","E","T","$","E","M","E","$","R","B",null],"character_chosen":"IRONCLAD","items_purchased":["Strength Potion","Shrug It Off","Sword Boomerang","Shrug It Off","Shrug It Off","Evolve","Corruption","Immolate","Bottled Tornado"],"campfire_rested":4,"item_purchase_floors":[3,3,3,11,11,11,22,30,44],"current_hp_per_floor":[80,85,85,85,89,64,64,34,34,21,21,48,55,59,59,41,85,89,96,106,106,106,106,98,98,98,82,76,62,62,27,61,13,91,88,88,73,73,49,84,91,81,81,81,82,83,79,79,116,117],"gold":1,"neow_bonus":"TEN_PERCENT_HP_BONUS","is_prod":false,"is_daily":false,"chose_seed":false,"campfire_upgraded":4,"win_rate":0,"timestamp":1564949972,"path_taken":["M","M","$","?","M","E","R","E","T","E","?","R","?","M","R","BOSS","M","M","?","?","$","R","E","R","T","?","E","M","?","E","R","BOSS","M","?","?","?","?","R","?","E","T","$","E","M","E","$","R","BOSS"],"build_version":"2019-07-17","purchased_purges":3,"victory":true,"max_hp_per_floor":[88,88,88,88,89,90,90,91,91,92,92,92,93,94,94,100,100,101,102,112,112,112,112,113,113,113,113,114,115,115,116,116,117,117,118,118,118,118,119,119,120,121,121,121,122,123,124,124,124,125],"card_choices":[{"not_picked":["Dropkick","Power Through"],"picked":"Spot Weakness","floor":1},{"not_picked":["Havoc","Twin Strike"],"picked":"Rampage","floor":2},{"not_picked":["Perfected Strike","Evolve"],"picked":"Heavy Blade","floor":5},{"not_picked":["Sword Boomerang","Cleave","Sentinel"],"picked":"SKIP","floor":6},{"not_picked":["Sever Soul","Ghostly Armor"],"picked":"Demon Form","floor":8},{"not_picked":["Wild Strike","Cleave"],"picked":"Combust","floor":10},{"not_picked":["Heavy Blade","Bloodletting"],"picked":"Anger","floor":13},{"not_picked":["Hemokinesis","Heavy Blade","Thunderclap"],"picked":"SKIP","floor":14},{"not_picked":["Hemokinesis","Heavy Blade","Thunderclap"],"picked":"SKIP","floor":14},{"not_picked":["Juggernaut","Demon Form"],"picked":"Impervious","floor":16},{"not_picked":["Flex","Warcry+1"],"picked":"Headbutt","floor":18},{"not_picked":["Iron Wave","Rage","Spot Weakness"],"picked":"SKIP","floor":19},{"not_picked":["Twin Strike","Clash+1","Rage"],"picked":"SKIP","floor":24},{"not_picked":["Searing Blow","Warcry"],"picked":"True Grit","floor":28},{"not_picked":["Anger","Fire Breathing+1","Heavy Blade"],"picked":"SKIP","floor":29},{"not_picked":["Entrench+1","Thunderclap"],"picked":"Uppercut+1","floor":31},{"not_picked":["Flex","Clash+1"],"picked":"Intimidate+1","floor":35},{"not_picked":["Corruption+1","Thunderclap"],"picked":"Shrug It Off","floor":39},{"not_picked":["Flex","Ghostly Armor+1"],"picked":"Flame Barrier+1","floor":42},{"not_picked":["Sever Soul+1","Entrench+1","Spot Weakness+1"],"picked":"SKIP","floor":45},{"not_picked":["Cleave+1","Warcry","Armaments"],"picked":"SKIP","floor":46},{"not_picked":["Evolve+1","Headbutt+1"],"picked":"Reaper","floor":47}],"player_experience":714664,"relics_obtained":[{"floor":6,"key":"The Courier"},{"floor":8,"key":"Lantern"},{"floor":9,"key":"Pen Nib"},{"floor":10,"key":"Oddly Smooth Stone"},{"floor":24,"key":"Shuriken"},{"floor":26,"key":"Frozen Egg 2"},{"floor":27,"key":"Nilry\u0027s Codex"},{"floor":28,"key":"Nunchaku"},{"floor":31,"key":"Gremlin Horn"},{"floor":41,"key":"Thread and Needle"},{"floor":42,"key":"Whetstone"},{"floor":43,"key":"Pantograph"},{"floor":45,"key":"Mummified Hand"},{"floor":47,"key":"Bag of Marbles"}],"event_choices":[{"damage_healed":0,"gold_gain":0,"player_choice":"Trade","damage_taken":0,"relics_obtained":["FaceOfCleric"],"max_hp_gain":0,"max_hp_loss":0,"event_name":"FaceTrader","floor":4,"gold_loss":0},{"damage_healed":0,"gold_gain":0,"player_choice":"Obtained Relic","damage_taken":0,"relics_obtained":["Pear"],"max_hp_gain":0,"max_hp_loss":0,"event_name":"Addict","floor":20,"gold_loss":85},{"damage_healed":0,"gold_gain":0,"cards_transformed":["Strike_R","Strike_R"],"player_choice":"Became Test Subject","damage_taken":0,"max_hp_gain":0,"max_hp_loss":0,"event_name":"Drug Dealer","floor":21,"gold_loss":0,"cards_obtained":["Exhume","Fire Breathing"]},{"damage_healed":0,"gold_gain":0,"player_choice":"Obtained Book","damage_taken":16,"max_hp_gain":0,"max_hp_loss":0,"event_name":"Cursed Tome","floor":27,"gold_loss":0},{"cards_removed":["Strike_R"],"damage_healed":0,"gold_gain":0,"player_choice":"Removed Attack","damage_taken":0,"max_hp_gain":0,"max_hp_loss":0,"event_name":"Falling","floor":36,"gold_loss":0},{"damage_healed":0,"gold_gain":0,"player_choice":"Embrace Madness","damage_taken":15,"max_hp_gain":0,"max_hp_loss":0,"event_name":"Winding Halls","floor":37,"gold_loss":0,"cards_obtained":["Madness","Madness"]},{"cards_removed":["Evolve"],"damage_healed":0,"gold_gain":0,"player_choice":"Gave Card","damage_taken":0,"relics_obtained":["Mercury Hourglass"],"max_hp_gain":0,"max_hp_loss":0,"event_name":"WeMeetAgain","floor":38,"gold_loss":0},{"damage_healed":0,"gold_gain":0,"player_choice":"Fight","damage_taken":0,"max_hp_gain":0,"max_hp_loss":0,"event_name":"MindBloom","floor":41,"gold_loss":0}],"is_beta":false,"boss_relics":[{"not_picked":["Runic Cube","Pandora\u0027s Box"],"picked":"Sozu"},{"not_picked":["Runic Pyramid","Black Blood"],"picked":"Fusion Hammer"}],"items_purged_floors":[22,44,48],"is_endless":false,"potions_floor_spawned":[1,2,10,16,18,24,29,39,41,45],"ascension_level":8}