{"gold_per_floor":[119,136,116,130,23,23,58,58,58,84,99,99,118,128,128,205,205,181,49,65,83,103,103,103],"floor_reached":24,"playtime":2675,"items_purged":[],"score":399,"play_id":"38b69216-57ea-4641-be33-5e47c776a637","local_time":"20190920114926","is_ascension_mode":true,"campfire_choices":[{"data":"Noxious Fumes","floor":6,"key":"SMITH"},{"floor":8,"key":"REST"},{"floor":12,"key":"REST"},{"data":"Neutralize","floor":15,"key":"SMITH"},{"data":"After Image","floor":23,"key":"SMITH"}],"neow_cost":"NONE","seed_source_timestamp":7969138183750,"circlet_count":0,"master_deck":["AscendersBane","Strike_G","Strike_G","Strike_G","Strike_G","Strike_G","Defend_G","Defend_G","Defend_G","Defend_G","Defend_G","Survivor","Neutralize+1","Sucker Punch","Noxious Fumes+1","Cloak And Dagger","Dash","Flash of Steel","Terror+1","Cloak And Dagger+1","Dodge and Roll+1","Blur+1","Deadly Poison+1","After Image+1","Footwork","Blade Dance+1","Cloak And Dagger+1","Acrobatics+1","Night Terror+1"],"relics":["Ring of the Snake","Toxic Egg 2","Letter Opener","Anchor","Sozu"],"potions_floor_usage":[],"damage_taken":[{"damage":3,"enemies":"Small Slimes","floor":1,"turns":4},{"damage":2,"enemies":"Cultist","floor":2,"turns":5},{"damage":0,"enemies":"Jaw Worm","floor":4,"turns":5},{"damage":38,"enemies":"Gremlin Nob","floor":7,"turns":5},{"damage":23,"enemies":"Lagavulin","floor":10,"turns":7},{"damage":0,"enemies":"Blue Slaver","floor":11,"turns":4},{"damage":0,"enemies":"2 Fungi Beasts","floor":13,"turns":3},{"damage":2,"enemies":"Large Slime","floor":14,"turns":7},{"damage":11,"enemies":"Hexaghost","floor":16,"turns":10},{"damage":7,"enemies":"2 Thieves","floor":18,"turns":4},{"damage":0,"enemies":"3 Byrds","floor":20,"turns":5},{"damage":11,"enemies":"Snecko","floor":21,"turns":7},{"damage":0,"enemies":"Shelled Parasite and Fungi","floor":22,"turns":6},{"damage":69,"enemies":"Masked Bandits","floor":24,"turns":3}],"seed_played":"-195713936993281731","potions_obtained":[{"floor":1,"key":"LiquidBronze"},{"floor":3,"key":"FairyPotion"},{"floor":7,"key":"Dexterity Potion"}],"is_trial":false,"path_per_floor":["M","M","?","M","$","R","E","R","T","E","M","R","M","M","R","B",null,"M","$","M","M","M","R","?"],"character_chosen":"THE_SILENT","items_purchased":["Flash of Steel","Footwork","Blade Dance+1"],"campfire_rested":2,"item_purchase_floors":[5,19,19],"current_hp_per_floor":[56,54,54,54,54,54,16,35,35,12,12,31,31,29,29,18,54,47,47,47,36,36,36,0],"gold":103,"neow_bonus":"THREE_CARDS","is_prod":false,"is_daily":false,"chose_seed":false,"campfire_upgraded":3,"win_rate":0,"timestamp":1568972966,"path_taken":["M","M","?","M","?","R","E","R","T","E","M","R","?","M","R","BOSS","M","$","M","M","M","R","?"],"build_version":"2019-07-17","purchased_purges":0,"victory":false,"max_hp_per_floor":[66,66,66,66,66,66,66,66,66,66,66,66,66,66,66,66,66,66,66,66,66,66,66,66],"card_choices":[{"not_picked":["Dodge and Roll","Deflect"],"picked":"Sucker Punch","floor":0},{"not_picked":["PiercingWail","Slice"],"picked":"Noxious Fumes","floor":1},{"not_picked":["Deflect","Quick Slash"],"picked":"Cloak And Dagger","floor":2},{"not_picked":["Endless Agony","Concentrate"],"picked":"Dash","floor":4},{"not_picked":["Choke","Underhanded Strike"],"picked":"Terror","floor":7},{"not_picked":["Terror+1","Doppelganger+1"],"picked":"Cloak And Dagger+1","floor":10},{"not_picked":["Bane","Slice"],"picked":"Dodge and Roll+1","floor":11},{"not_picked":["Skewer","Dagger Spray"],"picked":"Blur+1","floor":13},{"not_picked":["Leg Sweep+1","Tactician+1"],"picked":"Deadly Poison+1","floor":14},{"not_picked":["Night Terror+1","Envenom"],"picked":"After Image","floor":16},{"not_picked":["Outmaneuver+1","Flechettes","Quick Slash"],"picked":"SKIP","floor":18},{"not_picked":["Poisoned Stab","Acrobatics+1"],"picked":"Cloak And Dagger+1","floor":20},{"not_picked":["Blade Dance+1","Setup+1"],"picked":"Acrobatics+1","floor":21},{"not_picked":["Deadly Poison+1","Poisoned Stab"],"picked":"Night Terror+1","floor":22}],"player_experience":1074234,"relics_obtained":[{"floor":7,"key":"Toxic Egg 2"},{"floor":9,"key":"Letter Opener"},{"floor":10,"key":"Anchor"}],"event_choices":[{"damage_healed":0,"gold_gain":0,"player_choice":"Bought 1 Potion","damage_taken":0,"max_hp_gain":0,"max_hp_loss":0,"event_name":"The Woman in Blue","floor":3,"gold_loss":0},{"damage_healed":0,"gold_gain":0,"player_choice":"Fought Bandits","damage_taken":0,"max_hp_gain":0,"max_hp_loss":0,"event_name":"Masked Bandits","floor":24,"gold_loss":0}],"is_beta":false,"boss_relics":[{"not_picked":["HoveringKite","Eternal Feather"],"picked":"Sozu"}],"items_purged_floors":[],"is_endless":false,"potions_floor_spawned":[1,7,10,13,16,21],"killed_by":"Masked Bandits","ascension_level":18}