{"gold_per_floor":[115,126,126,74,74,74,95,95,118,136,150,150,150,175,175,298,298,318,243,243,267,280,280,303,326,373,273,273,101,101,162,162,291,291,305,305,155,0,125,158,158,158,182,243,100,100,100,114,114,114],"floor_reached":51,"playtime":2622,"items_purged":["Strike_B","Defend_B","Defend_B","Defend_B"],"score":781,"play_id":"6317a6a8-c69f-44f9-8996-0cbdae42601c","local_time":"20190117234045","is_ascension_mode":false,"campfire_choices":[{"data":"Defragment","floor":6,"key":"SMITH"},{"data":"Gash","floor":8,"key":"SMITH"},{"data":"Scrape","floor":12,"key":"SMITH"},{"floor":15,"key":"REST"},{"data":"Zap","floor":23,"key":"SMITH"},{"floor":28,"key":"REST"},{"data":"Buffer","floor":32,"key":"SMITH"},{"data":"Dualcast","floor":42,"key":"SMITH"},{"data":"Gash","floor":46,"key":"SMITH"},{"data":"Capacitor","floor":49,"key":"SMITH"}],"neow_cost":"NONE","seed_source_timestamp":31519655650466,"circlet_count":0,"master_deck":["Zap+1","Dualcast+1","Undo","Defragment+1","Gash+1","Gash+1","Scrape+1","Gash","Buffer+1","Leap+1","Electrodynamics","Gash+1","Leap+1","Gash+1","Capacitor+1"],"relics":["Cracked Core","Golden Idol","Happy Flower","Sozu","Blood Vial","Tiny Chest","Eternal Feather","Red Mask","Unceasing Top","DataDisk","Bag of Preparation","Du-Vu Doll","Whetstone","Cables"],"potions_floor_usage":[10,24,50],"damage_taken":[{"damage":0,"enemies":"Small Slimes","floor":1,"turns":2},{"damage":0,"enemies":"Jaw Worm","floor":2,"turns":4},{"damage":0,"enemies":"2 Louse","floor":7,"turns":3},{"damage":17,"enemies":"Gremlin Gang","floor":10,"turns":4},{"damage":0,"enemies":"Red Slaver","floor":11,"turns":3},{"damage":0,"enemies":"Blue Slaver","floor":14,"turns":3},{"damage":12,"enemies":"Hexaghost","floor":16,"turns":6},{"damage":0,"enemies":"Chosen","floor":18,"turns":3},{"damage":3,"enemies":"2 Thieves","floor":21,"turns":3},{"damage":17,"enemies":"Shelled Parasite and Fungi","floor":22,"turns":5},{"damage":0,"enemies":"Sentry and Sphere","floor":24,"turns":4},{"damage":15,"enemies":"Centurion and Healer","floor":25,"turns":5},{"damage":9,"enemies":"Gremlin Leader","floor":31,"turns":4},{"damage":0,"enemies":"Automaton","floor":33,"turns":6},{"damage":0,"enemies":"Orb Walker","floor":35,"turns":3},{"damage":7,"enemies":"Mind Bloom Boss Battle","floor":39,"turns":5},{"damage":0,"enemies":"Reptomancer","floor":40,"turns":3},{"damage":26,"enemies":"2 Orb Walkers","floor":44,"turns":4},{"damage":0,"enemies":"3 Darklings","floor":48,"turns":2},{"damage":42,"enemies":"Awakened One","floor":50,"turns":8}],"seed_played":"-8711141312654973291","potions_obtained":[{"floor":2,"key":"PowerPotion"},{"floor":7,"key":"GamblersBrew"},{"floor":11,"key":"Poison Potion"}],"is_trial":false,"path_per_floor":["M","M","?","$","?","R","M","R","T","M","M","R","?","M","R","B",null,"M","$","?","M","M","R","M","M","T","$","R","$","?","E","R","B",null,"M","?","$","?","?","E","$","R","T","?","$","R","T","M","R","B",null],"character_chosen":"DEFECT","items_purchased":["Gash","Gash","Whetstone"],"campfire_rested":2,"item_purchase_floors":[4,29,45],"current_hp_per_floor":[75,75,75,75,57,57,57,57,57,40,40,40,33,33,55,43,75,75,75,75,72,55,55,55,40,40,40,62,62,62,55,55,57,75,75,75,75,75,68,70,70,75,75,49,49,55,55,57,66,26],"gold":114,"neow_bonus":"TRANSFORM_CARD","is_prod":false,"is_daily":false,"chose_seed":false,"campfire_upgraded":8,"win_rate":0,"timestamp":1547764845,"path_taken":["M","M","?","$","?","R","M","R","T","M","M","R","?","M","R","BOSS","M","$","?","M","?","R","M","M","T","?","R","$","?","E","R","BOSS","M","?","$","?","?","E","?","R","T","?","$","R","?","M","R","BOSS"],"build_version":"2019-01-10","purchased_purges":4,"victory":true,"max_hp_per_floor":[75,75,75,75,75,75,75,75,75,75,75,75,75,75,75,75,75,75,75,75,75,75,75,75,75,75,75,75,75,75,75,75,75,75,75,75,75,75,75,75,75,75,75,75,75,75,75,75,75,75],"card_choices":[{"not_picked":["Hologram","Redo"],"picked":"Defragment","floor":1},{"not_picked":["Compile Driver","Leap"],"picked":"Gash","floor":2},{"not_picked":["Recycle","Streamline"],"picked":"Gash","floor":7},{"not_picked":["Gash","Buffer"],"picked":"Scrape","floor":10},{"not_picked":["Static Discharge","Coolheaded","Blizzard"],"picked":"SKIP","floor":11},{"not_picked":["Sunder","Rebound"],"picked":"Gash","floor":14},{"not_picked":["Rainbow","Meteor Strike"],"picked":"Buffer","floor":16},{"not_picked":["Cold Snap","Genetic Algorithm"],"picked":"Leap+1","floor":18},{"not_picked":["Coolheaded+1","Steam","Compile Driver"],"picked":"SKIP","floor":21},{"not_picked":["Barrage+1","BootSequence","Genetic Algorithm+1"],"picked":"SKIP","floor":22},{"not_picked":["Capacitor","Go for the Eyes","Coolheaded"],"picked":"SKIP","floor":24},{"not_picked":["Barrage","Coolheaded+1","Rebound"],"picked":"SKIP","floor":25},{"not_picked":["Darkness","Heatsinks"],"picked":"Leap+1","floor":31},{"not_picked":["Rip and Tear","Chill","Turbo"],"picked":"SKIP","floor":35},{"not_picked":["Turbo","Leap+1"],"picked":"Gash","floor":39},{"not_picked":["Steam Power+1","Chaos","Rebound+1"],"picked":"SKIP","floor":40},{"not_picked":["Capacitor","Sweeping Beam","Hologram"],"picked":"SKIP","floor":48},{"not_picked":["Sweeping Beam","Hologram"],"picked":"Capacitor","floor":48}],"player_experience":353124,"relics_obtained":[{"floor":9,"key":"Happy Flower"},{"floor":26,"key":"Blood Vial"},{"floor":31,"key":"Tiny Chest"},{"floor":39,"key":"Unceasing Top"},{"floor":40,"key":"DataDisk"},{"floor":43,"key":"Bag of Preparation"},{"floor":44,"key":"Du-Vu Doll"},{"floor":47,"key":"Cables"}],"event_choices":[{"cards_removed":["Strike_B"],"damage_healed":0,"gold_gain":0,"player_choice":"Forget","damage_taken":0,"max_hp_gain":0,"max_hp_loss":0,"event_name":"Living Wall","floor":3,"gold_loss":0},{"damage_healed":0,"gold_gain":0,"player_choice":"Take Damage","damage_taken":18,"relics_obtained":["Golden Idol"],"max_hp_gain":0,"max_hp_loss":0,"event_name":"Golden Idol","floor":5,"gold_loss":0},{"cards_removed":["Strike_B"],"damage_healed":0,"gold_gain":0,"player_choice":"Card Removal","damage_taken":7,"max_hp_gain":0,"max_hp_loss":0,"event_name":"Golden Wing","floor":13,"gold_loss":0},{"damage_healed":0,"gold_gain":0,"cards_transformed":["Defend_B"],"player_choice":"Transformed","damage_taken":0,"max_hp_gain":0,"max_hp_loss":0,"event_name":"Transmorgrifier","floor":20,"gold_loss":0,"cards_obtained":["Electrodynamics"]},{"damage_healed":0,"gold_gain":0,"player_choice":"Ignored","damage_taken":0,"max_hp_gain":0,"max_hp_loss":0,"event_name":"Ghosts","floor":30,"gold_loss":0},{"cards_removed":["Gash"],"damage_healed":0,"gold_gain":0,"player_choice":"Removed Attack","damage_taken":0,"max_hp_gain":0,"max_hp_loss":0,"event_name":"Falling","floor":36,"gold_loss":0},{"damage_healed":0,"gold_gain":0,"player_choice":"Paid","damage_taken":0,"relics_obtained":["Red Mask"],"max_hp_gain":0,"max_hp_loss":0,"event_name":"Tomb of Lord Red Mask","floor":38,"gold_loss":155},{"damage_healed":0,"gold_gain":0,"player_choice":"Fight","damage_taken":0,"max_hp_gain":0,"max_hp_loss":0,"event_name":"MindBloom","floor":39,"gold_loss":0},{"damage_healed":0,"gold_gain":0,"player_choice":"Fight","damage_taken":0,"max_hp_gain":0,"max_hp_loss":0,"event_name":"Mysterious Sphere","floor":44,"gold_loss":0}],"is_beta":false,"boss_relics":[{"not_picked":["Orrery","Velvet Choker"],"picked":"Sozu"},{"not_picked":["Astrolabe","Coffee Dripper"],"picked":"Eternal Feather"}],"items_purged_floors":[19,27,29,37],"is_endless":false,"potions_floor_spawned":[2,7,11,18,21,24,33,40,44],"ascension_level":0}