{"gold_per_floor":[20,195,270,290,304,304,323,323,323,353,372,39,39,55,55,153,153,164,164,164,164,176,208,208,224,249,265,307,317,317,58,58,154,154,173,223,238,40,54,54,74,109,180,180,180,197,222,222,222,222],"floor_reached":51,"playtime":2242,"items_purged":["Doubt","Strike_R"],"score":879,"play_id":"80d040a8-8421-4029-99d2-ba87462d87d6","local_time":"20190421160108","is_ascension_mode":false,"campfire_choices":[{"data":"Bash","floor":6,"key":"SMITH"},{"data":"Magnetism","floor":13,"key":"SMITH"},{"data":"Anger","floor":15,"key":"SMITH"},{"data":"True Grit","floor":24,"key":"SMITH"},{"data":"Feel No Pain","floor":30,"key":"SMITH"},{"data":"Corruption","floor":32,"key":"SMITH"},{"data":"Juggernaut","floor":40,"key":"SMITH"},{"data":"Dual Wield","floor":45,"key":"SMITH"},{"floor":49,"key":"REST"}],"neow_cost":"NO_GOLD","seed_source_timestamp":24223478810500,"circlet_count":0,"master_deck":["Bash+1","Iron Wave","Iron Wave","Feel No Pain+1","Anger+1","Flash of Steel","Flame Barrier","Shrug It Off","Magnetism+1","Inflame","Fiend Fire+1","Armaments+1","True Grit+1","Iron Wave+1","Anger+1","Dual Wield+1","Corruption+1","Juggernaut+1","Double Tap","Feed","Sentinel","Impervious","Headbutt","Shrug It Off+1","True Grit+1","Intimidate+1","Feel No Pain+1","Dual Wield+1","Strike_R","Good Instincts","Master of Strategy"],"relics":["Burning Blood","Bottled Tornado","StoneCalendar","Runic Pyramid","Orichalcum","The Courier","Omamori","Blood Vial","Pandora\u0027s Box","Ginger","Mummified Hand","Bag of Preparation","Molten Egg 2","Pear"],"potions_floor_usage":[5,14,23,23,23,50,50],"damage_taken":[{"damage":5,"enemies":"Small Slimes","floor":1,"turns":4},{"damage":15,"enemies":"Jaw Worm","floor":4,"turns":5},{"damage":1,"enemies":"Cultist","floor":5,"turns":4},{"damage":0,"enemies":"2 Fungi Beasts","floor":7,"turns":5},{"damage":18,"enemies":"3 Sentries","floor":10,"turns":10},{"damage":6,"enemies":"Large Slime","floor":11,"turns":7},{"damage":1,"enemies":"Lots of Slimes","floor":14,"turns":2},{"damage":22,"enemies":"Slime Boss","floor":16,"turns":7},{"damage":0,"enemies":"3 Byrds","floor":18,"turns":5},{"damage":5,"enemies":"Chosen","floor":22,"turns":3},{"damage":10,"enemies":"Book of Stabbing","floor":23,"turns":4},{"damage":16,"enemies":"Snake Plant","floor":25,"turns":3},{"damage":3,"enemies":"Chosen and Byrds","floor":27,"turns":3},{"damage":4,"enemies":"Centurion and Healer","floor":28,"turns":6},{"damage":9,"enemies":"Snake Plant","floor":29,"turns":4},{"damage":1,"enemies":"Collector","floor":33,"turns":9},{"damage":1,"enemies":"3 Darklings","floor":35,"turns":6},{"damage":19,"enemies":"2 Orb Walkers","floor":36,"turns":5},{"damage":0,"enemies":"Orb Walker","floor":37,"turns":5},{"damage":19,"enemies":"3 Darklings","floor":39,"turns":6},{"damage":3,"enemies":"Writhing Mass","floor":41,"turns":4},{"damage":12,"enemies":"Reptomancer","floor":42,"turns":5},{"damage":4,"enemies":"Sphere and 2 Shapes","floor":46,"turns":4},{"damage":0,"enemies":"Giant Head","floor":47,"turns":7},{"damage":0,"enemies":"Awakened One","floor":50,"turns":8}],"seed_played":"2723596118879238147","potions_obtained":[{"floor":1,"key":"Regen Potion"},{"floor":4,"key":"Energy Potion"},{"floor":7,"key":"Explosive Potion"},{"floor":11,"key":"EntropicBrew"},{"floor":14,"key":"GamblersBrew"},{"floor":22,"key":"SkillPotion"},{"floor":29,"key":"Block Potion"}],"is_trial":false,"path_per_floor":["M","?","?","M","M","R","M","?","T","E","M","$","R","M","R","B",null,"M","?","?","?","M","E","R","M","T","M","M","M","R","$","R","B",null,"M","?","M","$","M","R","M","E","T","?","R","M","E","?","R","B",null],"character_chosen":"IRONCLAD","items_purchased":["Magnetism","Inflame","Corruption","Blood Vial","Mummified Hand"],"campfire_rested":1,"item_purchase_floors":[12,12,31,31,38],"current_hp_per_floor":[80,80,69,60,77,77,80,80,80,68,68,68,68,73,73,57,80,80,80,80,80,80,76,76,66,66,69,71,68,68,68,68,75,80,84,71,83,83,76,76,81,81,81,81,81,85,107,97,110,110],"gold":222,"neow_bonus":"REMOVE_TWO","is_prod":false,"is_daily":false,"chose_seed":false,"campfire_upgraded":8,"win_rate":0,"timestamp":1555851668,"path_taken":["M","?","?","M","M","R","?","?","T","E","M","?","R","M","R","BOSS","M","?","?","?","M","E","R","M","T","M","?","M","R","$","R","BOSS","M","?","M","$","M","R","M","E","T","?","R","?","E","?","R","BOSS"],"build_version":"2019-01-23","purchased_purges":2,"victory":true,"max_hp_per_floor":[80,80,80,80,80,80,80,80,80,80,80,80,80,80,80,80,80,80,80,80,80,80,80,80,80,80,80,80,80,80,80,80,80,80,84,84,88,88,92,92,92,96,96,96,96,96,110,110,110,110],"card_choices":[{"not_picked":["Rage","Wild Strike"],"picked":"Iron Wave","floor":1},{"not_picked":["Bloodletting","Warcry"],"picked":"Iron Wave","floor":4},{"not_picked":["Perfected Strike","Heavy Blade"],"picked":"Feel No Pain","floor":5},{"not_picked":["Second Wind","Disarm"],"picked":"Anger","floor":7},{"not_picked":["Iron Wave","Flex"],"picked":"Flame Barrier","floor":10},{"not_picked":["Anger","Headbutt"],"picked":"Shrug It Off","floor":11},{"not_picked":["Evolve","Perfected Strike","Warcry"],"picked":"SKIP","floor":14},{"not_picked":["Dark Embrace","Berserk"],"picked":"Fiend Fire","floor":16},{"not_picked":["Uppercut","True Grit"],"picked":"Armaments+1","floor":18},{"not_picked":["Bloodletting","Thunderclap","Shrug It Off"],"picked":"SKIP","floor":22},{"not_picked":["Perfected Strike","Pommel Strike+1"],"picked":"True Grit","floor":23},{"not_picked":["Perfected Strike+1","Inflame"],"picked":"Iron Wave+1","floor":25},{"not_picked":["Uppercut","Thunderclap+1"],"picked":"Anger+1","floor":27},{"not_picked":["Warcry","Sentinel","Sword Boomerang"],"picked":"SKIP","floor":28},{"not_picked":["Intimidate+1","Sword Boomerang"],"picked":"Dual Wield+1","floor":29},{"not_picked":["Demon Form","Dark Embrace"],"picked":"Juggernaut","floor":33},{"not_picked":["Metallicize+1","Thunderclap+1"],"picked":"Shrug It Off+1","floor":35},{"not_picked":["Armaments+1","Clothesline+1"],"picked":"True Grit+1","floor":36},{"not_picked":["Thunderclap","Fire Breathing+1","Pummel"],"picked":"SKIP","floor":37},{"not_picked":["Twin Strike+1","Pommel Strike"],"picked":"Intimidate+1","floor":39},{"not_picked":["Cleave+1","Second Wind+1"],"picked":"Feel No Pain+1","floor":41},{"not_picked":["Shockwave","Feel No Pain+1"],"picked":"Dual Wield","floor":42},{"not_picked":["Cleave+1","Battle Trance+1","Power Through"],"picked":"SKIP","floor":46},{"not_picked":["Thunderclap+1","Pummel+1","Havoc"],"picked":"SKIP","floor":47},{"not_picked":["Dramatic Entrance+1","Forethought"],"picked":"Good Instincts","floor":48},{"not_picked":["Dark Shackles","Chrysalis"],"picked":"Master of Strategy","floor":48}],"player_experience":1218117,"relics_obtained":[{"floor":9,"key":"Bottled Tornado"},{"floor":10,"key":"StoneCalendar"},{"floor":23,"key":"The Courier"},{"floor":26,"key":"Omamori"},{"floor":36,"key":"Ginger"},{"floor":42,"key":"Bag of Preparation"},{"floor":43,"key":"Molten Egg 2"},{"floor":47,"key":"Pear"}],"event_choices":[{"damage_healed":0,"gold_gain":175,"player_choice":"AGREE","damage_taken":0,"max_hp_gain":0,"max_hp_loss":0,"event_name":"Liars Game","floor":2,"gold_loss":0,"cards_obtained":["Doubt"]},{"damage_healed":0,"gold_gain":75,"player_choice":"Gather Gold","damage_taken":11,"max_hp_gain":0,"max_hp_loss":0,"event_name":"World of Goop","floor":3,"gold_loss":0},{"damage_healed":0,"gold_gain":0,"player_choice":"1 cards matched","damage_taken":0,"max_hp_gain":0,"max_hp_loss":0,"event_name":"Match and Keep!","floor":8,"gold_loss":0,"cards_obtained":["Flash of Steel"]},{"damage_healed":0,"gold_gain":0,"player_choice":"1 cards matched","damage_taken":0,"max_hp_gain":0,"max_hp_loss":0,"event_name":"Match and Keep!","floor":8,"gold_loss":0,"cards_obtained":["Flash of Steel"]},{"damage_healed":0,"gold_gain":0,"player_choice":"Ignored","damage_taken":0,"max_hp_gain":0,"max_hp_loss":0,"event_name":"Vampires","floor":19,"gold_loss":0},{"damage_healed":0,"gold_gain":0,"player_choice":"Opened","damage_taken":0,"relics_obtained":["Orichalcum"],"max_hp_gain":0,"max_hp_loss":0,"event_name":"The Mausoleum","floor":20,"gold_loss":0},{"damage_healed":0,"gold_gain":0,"player_choice":"Forge","damage_taken":0,"max_hp_gain":0,"max_hp_loss":0,"event_name":"Accursed Blacksmith","floor":21,"gold_loss":0,"cards_upgraded":["Fiend Fire"]},{"damage_healed":0,"gold_gain":0,"player_choice":"Fight","damage_taken":0,"max_hp_gain":0,"max_hp_loss":0,"event_name":"Mysterious Sphere","floor":36,"gold_loss":0},{"cards_removed":["Offering"],"damage_healed":0,"gold_gain":0,"player_choice":"Took Card","damage_taken":0,"max_hp_gain":0,"max_hp_loss":0,"event_name":"NoteForYourself","floor":44,"gold_loss":0,"cards_obtained":["Strike_R"]},{"damage_healed":0,"gold_gain":0,"player_choice":"Memory 3","damage_taken":10,"max_hp_gain":0,"max_hp_loss":0,"event_name":"SensoryStone","floor":48,"gold_loss":0}],"is_beta":false,"boss_relics":[{"not_picked":["Orrery","Cursed Key"],"picked":"Runic Pyramid"},{"not_picked":["Snecko Eye","Lizard Tail"],"picked":"Pandora\u0027s Box"}],"items_purged_floors":[12,31],"is_endless":false,"potions_floor_spawned":[1,4,7,11,14,22,28,29,33,35,41,42,47],"ascension_level":0}