{"gold_per_floor":[111,128,128,128,145,170,170,201,227,227,303,303,17,29,29,29],"floor_reached":16,"playtime":1066,"items_purged":["Defend_R"],"score":194,"play_id":"21fee8ba-5233-4564-8fd5-d0d06b47b781","local_time":"20191008003620","is_ascension_mode":true,"campfire_choices":[{"data":"Bash","floor":7,"key":"SMITH"},{"floor":10,"key":"REST"},{"floor":15,"key":"REST"}],"neow_cost":"PERCENT_DAMAGE","seed_source_timestamp":39725666743000,"circlet_count":0,"master_deck":["AscendersBane","Strike_R","Strike_R","Strike_R","Strike_R","Strike_R","Defend_R","Defend_R+1","Bash+1","Shrug It Off","Perfected Strike","Twin Strike","Headbutt","Metallicize+1","Pommel Strike"],"relics":["Burning Blood","Boot","Juzu Bracelet","Bag of Preparation","Frozen Eye"],"potions_floor_usage":[8,14],"damage_taken":[{"damage":8,"enemies":"2 Louse","floor":1,"turns":4},{"damage":3,"enemies":"Jaw Worm","floor":2,"turns":5},{"damage":5,"enemies":"Cultist","floor":5,"turns":4},{"damage":47,"enemies":"3 Sentries","floor":6,"turns":11},{"damage":22,"enemies":"Lagavulin","floor":8,"turns":5},{"damage":13,"enemies":"Large Slime","floor":14,"turns":6},{"damage":65,"enemies":"The Guardian","floor":16,"turns":11}],"seed_played":"-1257393158781666321","potions_obtained":[{"floor":1,"key":"GamblersBrew"},{"floor":6,"key":"Weak Potion"}],"is_trial":false,"path_per_floor":["M","M","?","?","M","E","R","E","T","R","?","?","$","M","R","B"],"character_chosen":"IRONCLAD","items_purchased":["Frozen Eye"],"campfire_rested":2,"item_purchase_floors":[13],"current_hp_per_floor":[62,65,70,70,71,30,30,14,14,42,42,14,14,7,35,0],"gold":29,"neow_bonus":"TWENTY_PERCENT_HP_BONUS","is_prod":false,"is_daily":false,"chose_seed":false,"campfire_upgraded":1,"win_rate":0,"timestamp":1570509380,"path_taken":["M","M","?","?","M","E","R","E","T","R","?","?","$","M","R","BOSS"],"build_version":"2019-07-17","purchased_purges":1,"victory":false,"max_hp_per_floor":[89,89,94,94,94,94,94,94,94,94,94,94,94,94,94,94],"card_choices":[{"not_picked":["Dual Wield","Blood for Blood"],"picked":"Shrug It Off","floor":1},{"not_picked":["Shockwave","Body Slam"],"picked":"Perfected Strike","floor":2},{"not_picked":["Seeing Red","Shrug It Off"],"picked":"Twin Strike","floor":5},{"not_picked":["Thunderclap","Double Tap"],"picked":"Headbutt","floor":6},{"not_picked":["Demon Form","Battle Trance"],"picked":"Metallicize","floor":8},{"not_picked":["Havoc","Intimidate"],"picked":"Pommel Strike","floor":14}],"player_experience":503931,"relics_obtained":[{"floor":6,"key":"Boot"},{"floor":8,"key":"Juzu Bracelet"},{"floor":9,"key":"Bag of Preparation"}],"event_choices":[{"damage_healed":0,"gold_gain":0,"player_choice":"Donut","damage_taken":0,"max_hp_gain":5,"max_hp_loss":0,"event_name":"Big Fish","floor":3,"gold_loss":0},{"cards_removed":["Defend_R"],"damage_healed":0,"gold_gain":0,"player_choice":"Purged","damage_taken":0,"max_hp_gain":0,"max_hp_loss":0,"event_name":"Purifier","floor":4,"gold_loss":0},{"damage_healed":0,"gold_gain":76,"player_choice":"Gained Gold","damage_taken":0,"max_hp_gain":0,"max_hp_loss":0,"event_name":"Golden Wing","floor":11,"gold_loss":0},{"damage_healed":0,"gold_gain":0,"player_choice":"Entered Light","damage_taken":28,"max_hp_gain":0,"max_hp_loss":0,"event_name":"Shining Light","floor":12,"gold_loss":0,"cards_upgraded":["Defend_R","Metallicize"]}],"is_beta":false,"boss_relics":[],"items_purged_floors":[13],"is_endless":false,"potions_floor_spawned":[1,6],"killed_by":"The Guardian","ascension_level":16}