{"gold_per_floor":[19,31,31,46,11,11,22,32,32,32,42,42,54,87,87,160,160,171,171,171,182,199,199,224,224,224,10,60,75,89,104,104,181,181,196,196,19,0,19,19,51,51],"floor_reached":42,"playtime":2323,"items_purged":["Strike_R"],"score":975,"play_id":"d15ff668-4373-4554-8343-2bdc9cd10e1c","local_time":"20190331104705","is_ascension_mode":true,"campfire_choices":[{"data":"1","floor":6,"key":"LIFT"},{"data":"2","floor":10,"key":"LIFT"},{"floor":15,"key":"REST"},{"data":"3","floor":23,"key":"LIFT"},{"floor":25,"key":"REST"},{"floor":32,"key":"REST"},{"floor":40,"key":"REST"}],"neow_cost":"NO_GOLD","seed_source_timestamp":1122282805875000,"circlet_count":0,"master_deck":["AscendersBane","Strike_R","Strike_R","Strike_R","Defend_R","Defend_R","Defend_R","Bash","Heavy Blade","Disarm","Battle Trance","Twin Strike","Sword Boomerang","Disarm","Iron Wave","Feed","Spot Weakness+1","Inflame","Iron Wave","Shrug It Off","Anger","Metallicize","Headbutt","Thunderclap+1","Burning Pact+1","Iron Wave","Spot Weakness","Iron Wave","True Grit+1"],"relics":["Burning Blood","Girya","Potion Belt","Prayer Wheel","Empty Cage","Blood Vial","Mercury Hourglass","Oddly Smooth Stone","Runic Cube","Red Mask","Vajra"],"potions_floor_usage":[14,24,24,30,33,41,41],"damage_taken":[{"damage":2,"enemies":"Cultist","floor":1,"turns":4},{"damage":10,"enemies":"2 Louse","floor":2,"turns":3},{"damage":14,"enemies":"Jaw Worm","floor":4,"turns":4},{"damage":19,"enemies":"Red Slaver","floor":7,"turns":4},{"damage":11,"enemies":"Looter","floor":8,"turns":4},{"damage":16,"enemies":"Exordium Wildlife","floor":11,"turns":6},{"damage":14,"enemies":"2 Fungi Beasts","floor":13,"turns":4},{"damage":27,"enemies":"Gremlin Nob","floor":14,"turns":4},{"damage":18,"enemies":"The Guardian","floor":16,"turns":13},{"damage":28,"enemies":"Shell Parasite","floor":18,"turns":10},{"damage":25,"enemies":"Spheric Guardian","floor":21,"turns":4},{"damage":24,"enemies":"Snake Plant","floor":22,"turns":5},{"damage":58,"enemies":"Slavers","floor":24,"turns":7},{"damage":8,"enemies":"Centurion and Healer","floor":29,"turns":5},{"damage":20,"enemies":"Shelled Parasite and Fungi","floor":30,"turns":4},{"damage":12,"enemies":"Snecko","floor":31,"turns":5},{"damage":100,"enemies":"Automaton","floor":33,"turns":11},{"damage":14,"enemies":"Orb Walker","floor":35,"turns":4},{"damage":53,"enemies":"3 Darklings","floor":39,"turns":6},{"damage":69,"enemies":"Reptomancer","floor":41,"turns":6},{"damage":34,"enemies":"Spire Growth","floor":42,"turns":3}],"seed_played":"-1618161818518145418","potions_obtained":[{"floor":1,"key":"Swift Potion"},{"floor":4,"key":"FairyPotion"},{"floor":11,"key":"FairyPotion"},{"floor":21,"key":"Weak Potion"},{"floor":22,"key":"Block Potion"},{"floor":24,"key":"Weak Potion"},{"floor":33,"key":"SkillPotion"},{"floor":35,"key":"BloodPotion"}],"is_trial":false,"path_per_floor":["M","M","?","M","?","R","M","M","T","R","M","?","M","E","R","B",null,"M","?","?","M","M","R","E","R","T","$","?","M","M","M","R","B",null,"M","?","$","?","M","R","E","M"],"character_chosen":"IRONCLAD","items_purchased":["Oddly Smooth Stone","Block Potion","Spot Weakness","Iron Wave"],"campfire_rested":4,"item_purchase_floors":[27,27,37,37],"current_hp_per_floor":[72,68,57,49,67,67,54,49,49,49,39,39,31,10,32,20,61,42,20,93,77,62,62,13,43,43,43,43,46,37,33,65,16,85,79,79,79,79,34,66,18,0],"gold":51,"neow_bonus":"ONE_RARE_RELIC","is_prod":false,"is_daily":false,"chose_seed":false,"campfire_upgraded":0,"win_rate":0,"timestamp":1554018425,"path_taken":["M","M","?","M","?","R","M","M","T","R","M","?","?","E","R","BOSS","M","?","?","M","?","R","E","R","T","?","?","M","?","M","R","BOSS","M","?","$","?","M","R","E","M"],"build_version":"2019-01-23","purchased_purges":1,"victory":false,"max_hp_per_floor":[75,75,75,75,75,75,75,75,75,75,75,75,75,75,75,75,75,78,83,93,96,99,99,102,102,102,102,102,105,108,108,108,108,108,108,108,108,108,108,108,111,111],"card_choices":[{"not_picked":["Perfected Strike","Wild Strike"],"picked":"Heavy Blade","floor":1},{"not_picked":["Clash","Dual Wield","Flex"],"picked":"SKIP","floor":2},{"not_picked":["Corruption","Clash"],"picked":"Disarm","floor":4},{"not_picked":["Flex","Ghostly Armor"],"picked":"Battle Trance","floor":7},{"not_picked":["Blood for Blood","Clash"],"picked":"Twin Strike","floor":8},{"not_picked":["Bludgeon","Reckless Charge"],"picked":"Sword Boomerang","floor":11},{"not_picked":["Havoc","Shrug It Off"],"picked":"Disarm","floor":13},{"not_picked":["Clothesline","Headbutt"],"picked":"Iron Wave","floor":14},{"not_picked":["Offering","Exhume"],"picked":"Feed","floor":16},{"not_picked":["Fire Breathing","Anger"],"picked":"Spot Weakness+1","floor":18},{"not_picked":["Battle Trance","Rupture"],"picked":"Inflame","floor":18},{"not_picked":["Pummel","Anger"],"picked":"Iron Wave","floor":21},{"not_picked":["Uppercut","Rampage","Heavy Blade"],"picked":"SKIP","floor":21},{"not_picked":["Evolve","Dropkick"],"picked":"Shrug It Off","floor":22},{"not_picked":["Headbutt","Sentinel+1","Flex"],"picked":"SKIP","floor":22},{"not_picked":["Carnage","Bloodletting"],"picked":"Anger","floor":24},{"not_picked":["Perfected Strike","Clash"],"picked":"Metallicize","floor":29},{"not_picked":["Flex","Heavy Blade"],"picked":"Headbutt","floor":29},{"not_picked":["Clash","Anger"],"picked":"Thunderclap+1","floor":30},{"not_picked":["Burning Pact","Wild Strike","Thunderclap"],"picked":"SKIP","floor":30},{"not_picked":["Reckless Charge","Infernal Blade"],"picked":"Burning Pact+1","floor":31},{"not_picked":["Wild Strike","Clothesline","Havoc"],"picked":"SKIP","floor":31},{"not_picked":["Armaments","Clothesline"],"picked":"Iron Wave","floor":35},{"not_picked":["Clothesline","Sentinel","Sever Soul"],"picked":"SKIP","floor":35},{"not_picked":["Clothesline","Sentinel","Sever Soul"],"picked":"SKIP","floor":35},{"not_picked":["Wild Strike","Warcry","Body Slam"],"picked":"SKIP","floor":39},{"not_picked":["Clash","Wild Strike+1","Cleave"],"picked":"SKIP","floor":39},{"not_picked":["Anger","Hemokinesis"],"picked":"True Grit+1","floor":41}],"player_experience":1071956,"relics_obtained":[{"floor":14,"key":"Prayer Wheel"},{"floor":24,"key":"Blood Vial"},{"floor":26,"key":"Mercury Hourglass"},{"floor":41,"key":"Vajra"}],"event_choices":[{"damage_healed":0,"gold_gain":0,"player_choice":"Success","damage_taken":11,"relics_obtained":["Potion Belt"],"max_hp_gain":0,"max_hp_loss":0,"event_name":"Scrap Ooze","floor":3,"gold_loss":0},{"damage_healed":18,"gold_gain":0,"player_choice":"Healed","damage_taken":0,"max_hp_gain":0,"max_hp_loss":0,"event_name":"The Cleric","floor":5,"gold_loss":35},{"damage_healed":0,"gold_gain":0,"player_choice":"2 cards matched","damage_taken":0,"max_hp_gain":0,"max_hp_loss":0,"event_name":"Match and Keep!","floor":12,"gold_loss":0,"cards_obtained":["Doubt","Impervious"]},{"damage_healed":0,"gold_gain":0,"player_choice":"Shed Blood","damage_taken":27,"max_hp_gain":5,"max_hp_loss":0,"event_name":"Forgotten Altar","floor":19,"gold_loss":0},{"cards_removed":["Impervious"],"damage_healed":63,"gold_gain":0,"player_choice":"Offered Rare","damage_taken":0,"max_hp_gain":10,"max_hp_loss":0,"event_name":"Bonfire Elementals","floor":20,"gold_loss":0},{"damage_healed":0,"gold_gain":50,"player_choice":"Pray","damage_taken":0,"max_hp_gain":0,"max_hp_loss":0,"event_name":"Golden Shrine","floor":28,"gold_loss":0},{"cards_removed":["Defend_R"],"damage_healed":0,"gold_gain":0,"player_choice":"Removed Skill","damage_taken":0,"max_hp_gain":0,"max_hp_loss":0,"event_name":"Falling","floor":36,"gold_loss":0},{"damage_healed":0,"gold_gain":0,"player_choice":"Paid","damage_taken":0,"relics_obtained":["Red Mask"],"max_hp_gain":0,"max_hp_loss":0,"event_name":"Tomb of Lord Red Mask","floor":38,"gold_loss":19}],"is_beta":false,"boss_relics":[{"not_picked":["Black Blood","Orrery"],"picked":"Empty Cage"},{"not_picked":["Runic Pyramid","Runic Dome"],"picked":"Runic Cube"}],"items_purged_floors":[37],"is_endless":false,"potions_floor_spawned":[1,4,11,21,22,24,33,35],"killed_by":"Spire Growth","ascension_level":20}