{"gold_per_floor":[113,123,123,143,123,123,158,176,199,211,223,187,263,275],"floor_reached":14,"playtime":617,"items_purged":[],"score":200,"play_id":"382d48dc-cb35-4aca-8958-c2faebf5a59b","local_time":"20190328154640","is_ascension_mode":true,"campfire_choices":[{"data":"Flex","floor":6,"key":"SMITH"}],"neow_cost":"TEN_PERCENT_HP_LOSS","seed_source_timestamp":882741778081400,"circlet_count":0,"master_deck":["AscendersBane","Strike_R","Strike_R","Strike_R","Defend_R","Defend_R","Defend_R","Defend_R","Bash+1","Ghostly Armor","Rage","Flex+1","Iron Wave","Sword Boomerang","Sword Boomerang","Cleave","Parasite","Heavy Blade"],"relics":["Burning Blood","Happy Flower","MawBank","Tiny Chest"],"potions_floor_usage":[7,14],"damage_taken":[{"damage":0,"enemies":"Small Slimes","floor":1,"turns":4},{"damage":7,"enemies":"Cultist","floor":2,"turns":5},{"damage":9,"enemies":"Jaw Worm","floor":4,"turns":4},{"damage":45,"enemies":"Gremlin Nob","floor":7,"turns":5},{"damage":19,"enemies":"Large Slime","floor":8,"turns":7},{"damage":4,"enemies":"Exordium Thugs","floor":12,"turns":5},{"damage":45,"enemies":"Lagavulin","floor":13,"turns":8},{"damage":20,"enemies":"Gremlin Gang","floor":14,"turns":3}],"seed_played":"-7216178038075979076","potions_obtained":[{"floor":4,"key":"Poison Potion"},{"floor":5,"key":"FairyPotion"},{"floor":13,"key":"PowerPotion"}],"is_trial":false,"path_per_floor":["M","M","?","M","?","R","E","M","T","?","?","M","E","M"],"character_chosen":"IRONCLAD","items_purchased":[],"campfire_rested":0,"item_purchase_floors":[],"current_hp_per_floor":[68,67,67,64,64,64,25,12,12,12,29,31,12,0],"gold":275,"neow_bonus":"TRANSFORM_TWO_CARDS","is_prod":false,"is_daily":false,"chose_seed":false,"campfire_upgraded":1,"win_rate":0,"timestamp":1553777200,"path_taken":["M","M","?","M","?","R","E","?","T","?","?","M","E","M"],"build_version":"2019-01-23","purchased_purges":0,"victory":false,"max_hp_per_floor":[68,68,68,68,68,68,68,68,68,68,68,68,68,68],"card_choices":[{"not_picked":["Burning Pact","Warcry"],"picked":"Flex","floor":1},{"not_picked":["Clothesline","Heavy Blade"],"picked":"Iron Wave","floor":2},{"not_picked":["Warcry","Sentinel"],"picked":"Sword Boomerang","floor":4},{"not_picked":["Headbutt","Shrug It Off"],"picked":"Sword Boomerang","floor":7},{"not_picked":["Warcry","Rage"],"picked":"Cleave","floor":8},{"not_picked":["Perfected Strike","Infernal Blade"],"picked":"Heavy Blade","floor":12},{"not_picked":["Reckless Charge","Sever Soul","Entrench"],"picked":"SKIP","floor":13}],"player_experience":1035910,"relics_obtained":[{"floor":7,"key":"Happy Flower"},{"floor":9,"key":"MawBank"},{"floor":13,"key":"Tiny Chest"}],"event_choices":[{"damage_healed":0,"gold_gain":0,"player_choice":"Grow","damage_taken":0,"max_hp_gain":0,"max_hp_loss":0,"event_name":"Living Wall","floor":3,"gold_loss":0,"cards_upgraded":["Bash"]},{"damage_healed":0,"gold_gain":0,"player_choice":"Bought 1 Potion","damage_taken":0,"max_hp_gain":0,"max_hp_loss":0,"event_name":"The Woman in Blue","floor":5,"gold_loss":0},{"damage_healed":0,"gold_gain":0,"player_choice":"Searched \u00271\u0027 times","damage_taken":0,"max_hp_gain":0,"max_hp_loss":0,"event_name":"Dead Adventurer","floor":10,"gold_loss":0},{"damage_healed":17,"gold_gain":0,"player_choice":"Healed and dodged fight","damage_taken":0,"max_hp_gain":0,"max_hp_loss":0,"event_name":"Mushrooms","floor":11,"gold_loss":0,"cards_obtained":["Parasite"]}],"is_beta":false,"boss_relics":[],"items_purged_floors":[],"is_endless":false,"potions_floor_spawned":[4,13],"killed_by":"Gremlin Gang","ascension_level":20}