{"gold_per_floor":[213,213,226,501,516,546,546,32,32,43,43,54,54,30,30,105,105,118,118,118,135,6,6,31,81,81,111,111,145,159,159],"floor_reached":31,"playtime":2085,"items_purged":["Regret","Strike_R"],"score":542,"play_id":"c6436864-78b6-4155-9bac-a095a7879d8e","local_time":"20190327103503","is_ascension_mode":true,"campfire_choices":[{"data":"Hemokinesis","floor":7,"key":"SMITH"},{"data":"Heavy Blade","floor":11,"key":"SMITH"},{"data":"True Grit","floor":13,"key":"SMITH"},{"data":"Twin Strike","floor":15,"key":"SMITH"},{"data":"Carnage","floor":23,"key":"SMITH"},{"data":"Immolate","floor":28,"key":"SMITH"}],"neow_cost":"NONE","seed_source_timestamp":776168638993500,"circlet_count":0,"master_deck":["AscendersBane","Strike_R","Strike_R","Strike_R","Strike_R","Defend_R","Defend_R","Defend_R","Defend_R","Bash+1","True Grit+1","Hemokinesis+1","Carnage+1","Shrug It Off","Heavy Blade+1","Seeing Red","Twin Strike+1","Feed","Shrug It Off","Twin Strike","Anger","Immolate+1","Fire Breathing+1","Flex","Brutality+1"],"relics":["Burning Blood","Bottled Lightning","Paper Frog","Vajra","Red Skull","Coffee Dripper","Frozen Egg 2","Meat on the Bone","Omamori","Red Mask","Matryoshka"],"potions_floor_usage":[16,18,27,29],"damage_taken":[{"damage":4,"enemies":"2 Louse","floor":1,"turns":4},{"damage":2,"enemies":"Cultist","floor":3,"turns":4},{"damage":10,"enemies":"Small Slimes","floor":5,"turns":4},{"damage":48,"enemies":"3 Sentries","floor":6,"turns":11},{"damage":2,"enemies":"Exordium Wildlife","floor":10,"turns":5},{"damage":7,"enemies":"Gremlin Gang","floor":12,"turns":3},{"damage":29,"enemies":"The Guardian","floor":16,"turns":9},{"damage":23,"enemies":"Spheric Guardian","floor":18,"turns":6},{"damage":15,"enemies":"Chosen","floor":21,"turns":5},{"damage":33,"enemies":"Book of Stabbing","floor":24,"turns":3},{"damage":3,"enemies":"Masked Bandits","floor":27,"turns":2},{"damage":23,"enemies":"Slavers","floor":29,"turns":4},{"damage":20,"enemies":"Snecko","floor":30,"turns":3},{"damage":37,"enemies":"Book of Stabbing","floor":31,"turns":3}],"seed_played":"1650576435224607611","potions_obtained":[{"floor":1,"key":"FearPotion"},{"floor":10,"key":"EssenceOfSteel"},{"floor":16,"key":"Block Potion"},{"floor":21,"key":"Strength Potion"},{"floor":29,"key":"Energy Potion"}],"is_trial":false,"path_per_floor":["M","?","M","?","M","E","R","$","T","M","R","M","R","$","R","B",null,"M","?","T","M","$","R","E","?","T","?","R","E","M","E"],"character_chosen":"IRONCLAD","items_purchased":["Paper Frog","Vajra","Twin Strike","Anger"],"campfire_rested":0,"item_purchase_floors":[8,8,14,22],"current_hp_per_floor":[70,70,74,74,70,28,28,28,28,32,32,31,31,31,31,8,58,44,44,44,38,38,38,14,14,14,32,32,27,25,0],"gold":159,"neow_bonus":"HUNDRED_GOLD","is_prod":false,"is_daily":false,"chose_seed":false,"campfire_upgraded":6,"win_rate":0,"timestamp":1553672103,"path_taken":["M","?","?","?","?","E","R","$","T","?","R","M","R","$","R","BOSS","M","?","?","?","$","R","E","?","T","?","R","E","M","E"],"build_version":"2019-01-23","purchased_purges":2,"victory":false,"max_hp_per_floor":[75,75,75,75,75,75,75,75,75,75,75,75,75,75,75,75,75,78,78,78,81,81,81,84,84,84,87,87,87,87,87],"card_choices":[{"not_picked":["Pummel","Havoc"],"picked":"True Grit","floor":1},{"not_picked":["Wild Strike","True Grit"],"picked":"Hemokinesis","floor":3},{"not_picked":["Whirlwind","Bloodletting"],"picked":"Carnage","floor":5},{"not_picked":["Infernal Blade","Dropkick"],"picked":"Shrug It Off","floor":6},{"not_picked":["Twin Strike","Warcry"],"picked":"Heavy Blade","floor":10},{"not_picked":["Heavy Blade","Cleave"],"picked":"Seeing Red","floor":12},{"not_picked":["Demon Form","Berserk"],"picked":"Feed","floor":16},{"not_picked":["Flex","Headbutt"],"picked":"Shrug It Off","floor":18},{"not_picked":["Armaments","Uppercut"],"picked":"Twin Strike","floor":21},{"not_picked":["Entrench+1","Sentinel"],"picked":"Immolate","floor":24},{"not_picked":["Twin Strike","Flex"],"picked":"Fire Breathing+1","floor":27},{"not_picked":["Burning Pact+1","Warcry"],"picked":"Flex","floor":29},{"not_picked":["Dropkick","Disarm"],"picked":"Brutality+1","floor":30}],"player_experience":1027381,"relics_obtained":[{"floor":6,"key":"Bottled Lightning"},{"floor":9,"key":"Red Skull"},{"floor":20,"key":"Frozen Egg 2"},{"floor":24,"key":"Meat on the Bone"},{"floor":26,"key":"Omamori"},{"floor":27,"key":"Red Mask"},{"floor":29,"key":"Matryoshka"}],"event_choices":[{"damage_healed":0,"gold_gain":0,"player_choice":"Upgraded","damage_taken":0,"max_hp_gain":0,"max_hp_loss":0,"event_name":"Upgrade Shrine","floor":2,"gold_loss":0,"cards_upgraded":["Bash"]},{"damage_healed":0,"gold_gain":275,"player_choice":"Desecrate","damage_taken":0,"max_hp_gain":0,"max_hp_loss":0,"event_name":"Golden Shrine","floor":4,"gold_loss":0,"cards_obtained":["Regret"]},{"damage_healed":0,"gold_gain":0,"player_choice":"Ignored","damage_taken":0,"max_hp_gain":0,"max_hp_loss":0,"event_name":"Ghosts","floor":19,"gold_loss":0},{"damage_healed":0,"gold_gain":50,"player_choice":"Stole From Cult","damage_taken":0,"max_hp_gain":0,"max_hp_loss":0,"event_name":"Nest","floor":25,"gold_loss":0},{"damage_healed":0,"gold_gain":0,"player_choice":"Fought Bandits","damage_taken":0,"max_hp_gain":0,"max_hp_loss":0,"event_name":"Masked Bandits","floor":27,"gold_loss":0}],"is_beta":false,"boss_relics":[{"not_picked":["Ectoplasm","Black Star"],"picked":"Coffee Dripper"}],"items_purged_floors":[8,22],"is_endless":false,"potions_floor_spawned":[1,10,16,21,29],"killed_by":"Book of Stabbing","ascension_level":20}