{"gold_per_floor":[217,44,56,56,56,85,103,129,199,199,213,248,264,264,264,339,339,356,409,409,423,438,438,467,486,486,370,399,399,434,177,177,253,253,253],"floor_reached":35,"playtime":7538,"items_purged":["Strike_R+1","Strike_R+1"],"score":779,"play_id":"82dab73c-199d-4d5c-89b3-308a239f08ee","local_time":"20191002170839","is_ascension_mode":true,"campfire_choices":[{"floor":10,"key":"REST"},{"data":"Limit Break","floor":15,"key":"SMITH"},{"data":"Flame Barrier","floor":23,"key":"SMITH"},{"floor":29,"key":"REST"},{"floor":32,"key":"REST"}],"neow_cost":"NONE","seed_source_timestamp":14657133921582,"circlet_count":0,"master_deck":["AscendersBane","Strike_R+1","Strike_R+1","Defend_R+1","Defend_R+1","Defend_R+1","Defend_R+1","Bash+1","Iron Wave","Anger","Carnage","Shrug It Off","Clothesline","Limit Break+1","Disarm","Shrug It Off","Limit Break","Flame Barrier+1","Feel No Pain","Armaments","Uppercut","Inflame","Seeing Red","Limit Break"],"relics":["Burning Blood","Vajra","Thread and Needle","Smiling Mask","The Courier","Turnip","Runic Pyramid","Bag of Preparation","Orichalcum","Bottled Flame","Ornamental Fan","Blood Vial","PreservedInsect","Snecko Eye"],"potions_floor_usage":[22,24,28,28,33],"damage_taken":[{"damage":1,"enemies":"Cultist","floor":1,"turns":3},{"damage":8,"enemies":"Jaw Worm","floor":3,"turns":4},{"damage":15,"enemies":"3 Sentries","floor":6,"turns":7},{"damage":0,"enemies":"Small Slimes","floor":7,"turns":3},{"damage":25,"enemies":"Gremlin Nob","floor":8,"turns":4},{"damage":0,"enemies":"2 Fungi Beasts","floor":11,"turns":3},{"damage":7,"enemies":"3 Sentries","floor":12,"turns":7},{"damage":7,"enemies":"Looter","floor":13,"turns":3},{"damage":25,"enemies":"The Guardian","floor":16,"turns":13},{"damage":0,"enemies":"Chosen","floor":18,"turns":4},{"damage":2,"enemies":"Spheric Guardian","floor":21,"turns":8},{"damage":0,"enemies":"Snecko","floor":22,"turns":5},{"damage":30,"enemies":"Gremlin Leader","floor":24,"turns":10},{"damage":0,"enemies":"Chosen and Byrds","floor":25,"turns":7},{"damage":28,"enemies":"Slavers","floor":28,"turns":10},{"damage":33,"enemies":"Book of Stabbing","floor":30,"turns":10},{"damage":64,"enemies":"Collector","floor":33,"turns":11},{"damage":65,"enemies":"3 Darklings","floor":35,"turns":7}],"seed_played":"-2685558267937453355","potions_obtained":[{"floor":8,"key":"Explosive Potion"},{"floor":13,"key":"SteroidPotion"},{"floor":22,"key":"Dexterity Potion"},{"floor":24,"key":"EssenceOfSteel"},{"floor":33,"key":"SkillPotion"}],"is_trial":false,"path_per_floor":["M","$","M","?","?","E","M","E","T","R","M","E","M","?","R","B",null,"M","T","?","M","M","R","E","M","T","$","E","R","E","$","R","B",null,"M"],"character_chosen":"IRONCLAD","items_purchased":["Vajra","Uppercut","Regen Potion","PreservedInsect"],"campfire_rested":3,"item_purchase_floors":[2,27,31,31],"current_hp_per_floor":[73,73,71,48,48,39,45,26,26,48,54,53,52,52,52,33,65,71,71,71,75,75,75,51,57,57,57,35,57,30,30,52,11,59,0],"gold":253,"neow_bonus":"HUNDRED_GOLD","is_prod":false,"is_daily":false,"chose_seed":false,"campfire_upgraded":2,"win_rate":0,"timestamp":1570028919,"path_taken":["M","$","M","?","?","E","M","E","T","R","M","E","M","?","R","BOSS","M","?","?","M","M","R","E","M","T","$","E","R","E","$","R","BOSS","M"],"build_version":"2019-07-17","purchased_purges":2,"victory":false,"max_hp_per_floor":[75,75,75,75,75,75,75,75,75,75,75,75,75,75,75,75,75,75,75,75,75,75,75,75,75,75,75,75,75,75,75,75,75,75,75],"card_choices":[{"not_picked":["Flex","Heavy Blade"],"picked":"Iron Wave","floor":1},{"not_picked":["Shrug It Off","True Grit"],"picked":"Anger","floor":3},{"not_picked":["Double Tap","Body Slam","Reckless Charge"],"picked":"SKIP","floor":6},{"not_picked":["Perfected Strike","Burning Pact"],"picked":"Carnage","floor":7},{"not_picked":["Clothesline","Demon Form"],"picked":"Shrug It Off","floor":8},{"not_picked":["Pommel Strike","Anger"],"picked":"Clothesline","floor":11},{"not_picked":["Dual Wield","Wild Strike"],"picked":"Limit Break","floor":12},{"not_picked":["Rupture","Bloodletting"],"picked":"Disarm","floor":13},{"not_picked":["Dark Embrace","Bludgeon"],"picked":"Limit Break","floor":16},{"not_picked":["Pommel Strike","Intimidate"],"picked":"Flame Barrier","floor":18},{"not_picked":["Anger","Clash","Clothesline"],"picked":"SKIP","floor":21},{"not_picked":["Battle Trance+1","Sword Boomerang"],"picked":"Feel No Pain","floor":22},{"not_picked":["Flame Barrier","Heavy Blade","Carnage"],"picked":"SKIP","floor":24},{"not_picked":["Body Slam","Burning Pact"],"picked":"Armaments","floor":25},{"not_picked":["Heavy Blade","Searing Blow+1"],"picked":"Inflame","floor":28},{"not_picked":["Power Through","Pommel Strike"],"picked":"Seeing Red","floor":30},{"not_picked":["Brutality","Berserk"],"picked":"Limit Break","floor":33}],"player_experience":1121450,"relics_obtained":[{"floor":6,"key":"Thread and Needle"},{"floor":8,"key":"Smiling Mask"},{"floor":9,"key":"The Courier"},{"floor":12,"key":"Turnip"},{"floor":19,"key":"Bag of Preparation"},{"floor":24,"key":"Orichalcum"},{"floor":26,"key":"Bottled Flame"},{"floor":28,"key":"Ornamental Fan"},{"floor":30,"key":"Blood Vial"}],"event_choices":[{"damage_healed":0,"gold_gain":0,"player_choice":"Entered Light","damage_taken":23,"max_hp_gain":0,"max_hp_loss":0,"event_name":"Shining Light","floor":4,"gold_loss":0,"cards_upgraded":["Strike_R","Bash"]},{"damage_healed":0,"gold_gain":0,"player_choice":"Fled","damage_taken":0,"max_hp_gain":0,"max_hp_loss":0,"event_name":"Scrap Ooze","floor":5,"gold_loss":0},{"damage_healed":0,"gold_gain":0,"cards_transformed":["Strike_R"],"player_choice":"Transformed","damage_taken":0,"max_hp_gain":0,"max_hp_loss":0,"event_name":"Transmorgrifier","floor":14,"gold_loss":0,"cards_obtained":["Shrug It Off"]},{"damage_healed":0,"gold_gain":0,"player_choice":"Simplicity","damage_taken":0,"max_hp_gain":0,"max_hp_loss":0,"event_name":"Back to Basics","floor":20,"gold_loss":0,"cards_upgraded":["Strike_R","Strike_R","Strike_R","Defend_R","Defend_R","Defend_R","Defend_R"]}],"is_beta":false,"boss_relics":[{"not_picked":["Mark of Pain","Fusion Hammer"],"picked":"Runic Pyramid"},{"not_picked":["Black Star","Black Blood"],"picked":"Snecko Eye"}],"items_purged_floors":[27,31],"is_endless":false,"potions_floor_spawned":[8,13,16,18,22,24,33],"killed_by":"3 Darklings","ascension_level":16}