{"gold_per_floor":[114,126,126,137,137,137,150,150,203,128,53,69,69,102,114,202,214,236,94,94,114,114],"floor_reached":22,"playtime":807,"items_purged":["Regret","Strike_B"],"score":350,"play_id":"b5727506-e431-48fd-8bc5-dc4898e60912","local_time":"20190918222027","is_ascension_mode":true,"campfire_choices":[{"data":"Sunder","floor":6.0,"key":"SMITH"},{"data":"Zap","floor":8.0,"key":"SMITH"},{"data":"Coolheaded","floor":15.0,"key":"SMITH"}],"neow_cost":"NONE","seed_source_timestamp":420033229765900,"circlet_count":0,"master_deck":["AscendersBane","Defend_B","Defend_B","Defend_B","Zap+1","Dualcast","Coolheaded+1","Undo","Sunder+1","Gash","Defragment","Steam","Buffer","Stack+1","Genetic Algorithm+1","Thunder Strike+1","Gash","Ball Lightning","Capacitor"],"special_seed":0,"relics":["Cracked Core","Bronze Scales","Boot","MawBank","Astrolabe","Nloth\u0027s Gift"],"potions_floor_usage":[22,22],"damage_taken":[{"damage":0.0,"enemies":"Cultist","floor":1.0,"turns":1.0},{"damage":0.0,"enemies":"Small Slimes","floor":2.0,"turns":1.0},{"damage":0.0,"enemies":"2 Louse","floor":4.0,"turns":1.0},{"damage":12.0,"enemies":"2 Fungi Beasts","floor":7.0,"turns":3.0},{"damage":1.0,"enemies":"Blue Slaver","floor":12.0,"turns":4.0},{"damage":11.0,"enemies":"Gremlin Nob","floor":14.0,"turns":3.0},{"damage":2.0,"enemies":"The Guardian","floor":16.0,"turns":14.0},{"damage":28.0,"enemies":"Shell Parasite","floor":18.0,"turns":7.0},{"damage":7.0,"enemies":"Spheric Guardian","floor":21.0,"turns":4.0},{"damage":47,"enemies":"Cultist and Chosen","floor":22,"turns":5}],"seed_played":"-5384005287577865123","potions_obtained":[{"floor":1.0,"key":"AttackPotion"},{"floor":7.0,"key":"Weak Potion"},{"floor":14.0,"key":"Regen Potion"},{"floor":21.0,"key":"Fire Potion"}],"is_trial":false,"path_per_floor":["M","M","?","M","?","R","M","R","T","?","$","M","$","E","R","B",null,"M","$","?","M","M"],"character_chosen":"DEFECT","items_purchased":["Ball Lightning"],"campfire_rested":0,"item_purchase_floors":[19],"current_hp_per_floor":[64,64,64,64,64,64,52,52,52,52,52,51,51,40,40,38,63,35,35,35,37,0],"gold":114,"neow_bonus":"THREE_ENEMY_KILL","is_prod":false,"is_daily":false,"chose_seed":false,"campfire_upgraded":3,"win_rate":0,"timestamp":1568812827,"path_taken":["M","?","?","M","?","R","M","R","T","?","$","M","?","E","R","BOSS","M","?","?","?","?"],"build_version":"2019-07-17","purchased_purges":2,"victory":false,"max_hp_per_floor":[71,71,71,71,71,71,71,71,71,71,71,71,71,71,71,71,71,71,71,71,71,71],"card_choices":[{"not_picked":["Lockon","Go for the Eyes"],"picked":"Coolheaded","floor":1.0},{"not_picked":["Skim","Turbo"],"picked":"Undo","floor":2.0},{"not_picked":["Compile Driver","Steam"],"picked":"Sunder","floor":4.0},{"not_picked":["Stack","Compile Driver"],"picked":"Gash","floor":7.0},{"not_picked":["Reprogram","Stack"],"picked":"Defragment","floor":12.0},{"not_picked":["Barrage","Rebound"],"picked":"Steam","floor":14.0},{"not_picked":["Multi-Cast","Meteor Strike"],"picked":"Buffer","floor":16.0},{"not_picked":["Rebound","Cold Snap"],"picked":"Gash","floor":18.0},{"not_picked":["Redo","Steam"],"picked":"Capacitor","floor":21.0}],"player_experience":416637,"relics_obtained":[{"floor":9.0,"key":"Boot"},{"floor":14.0,"key":"MawBank"}],"event_choices":[{"damage_healed":0.0,"max_hp_gain":0.0,"max_hp_loss":0.0,"gold_gain":0.0,"event_name":"Big Fish","player_choice":"Box","floor":3.0,"gold_loss":0.0,"damage_taken":0.0,"relics_obtained":["Bronze Scales"],"cards_obtained":["Regret"]},{"damage_healed":0.0,"max_hp_gain":0.0,"max_hp_loss":0.0,"gold_gain":0.0,"event_name":"Scrap Ooze","player_choice":"Fled","floor":5.0,"gold_loss":0.0,"damage_taken":0.0},{"cards_removed":["Strike_B"],"damage_healed":0.0,"max_hp_gain":0.0,"max_hp_loss":0.0,"gold_gain":0.0,"event_name":"The Cleric","player_choice":"Card Removal","floor":10.0,"gold_loss":75.0,"damage_taken":0.0},{"damage_healed":0.0,"max_hp_gain":0.0,"max_hp_loss":0.0,"gold_gain":0.0,"event_name":"N\u0027loth","player_choice":"Traded Relic","floor":20.0,"relics_lost":["NeowsBlessing"],"gold_loss":0.0,"damage_taken":0.0,"relics_obtained":["Nloth\u0027s Gift"]}],"is_beta":false,"boss_relics":[{"not_picked":["White Beast Statue","Snecko Eye"],"picked":"Astrolabe"}],"items_purged_floors":[11,19],"is_endless":false,"potions_floor_spawned":[1,7,14,16,18,21],"killed_by":"Cultist and Chosen","ascension_level":18}