{"gold_per_floor":[111,128,128,143,143,168,168,181,207,236,255,34,54,18,18,116,116,134,147,147,33,33,33,67,67,67,84,119,131,145,174,174,276,276,291,305,305,6,16,16,51,63,63,97,109,121,133,45,45,45],"floor_reached":51,"playtime":3063,"items_purged":["Strike_B","Strike_B"],"score":1098,"play_id":"66e4ef0d-93b5-48cc-9352-8468f724f241","local_time":"20190813235805","is_ascension_mode":true,"campfire_choices":[{"data":"Defragment","floor":7,"key":"SMITH"},{"floor":15,"key":"REST"},{"data":"Capacitor","floor":23,"key":"SMITH"},{"data":"Fission","floor":25,"key":"SMITH"},{"floor":32,"key":"REST"},{"data":"Chill","floor":40,"key":"SMITH"},{"floor":46,"key":"REST"},{"floor":49,"key":"REST"}],"neow_cost":"NONE","seed_source_timestamp":50870118959245,"circlet_count":0,"master_deck":["Strike_B","Defend_B","Defend_B","Defend_B","Defend_B","Zap+1","Dualcast","Echo Form","Ball Lightning","Glacier","Defragment+1","Coolheaded","Capacitor+1","Chill+1","Fission+1","Lockon","Thunder Strike","Doom and Gloom","Echo Form","Clumsy","Sunder+1","Go for the Eyes+1","Glacier","Parasite","Loop+1","Coolheaded","Consume+1","Injury","Static Discharge+1"],"relics":["Cracked Core","Bottled Tornado","Thread and Needle","Potion Belt","Dead Branch","Anchor","Cursed Key","DataDisk","Ancient Tea Set","Letter Opener","Bag of Marbles","Shuriken","Inserter","WingedGreaves","Bronze Scales","Calipers","MawBank"],"potions_floor_usage":[10,16,30,31,31,39,41,50,50],"damage_taken":[{"damage":4,"enemies":"Jaw Worm","floor":1,"turns":4},{"damage":1,"enemies":"Cultist","floor":2,"turns":3},{"damage":0,"enemies":"Small Slimes","floor":4,"turns":3},{"damage":0,"enemies":"Lagavulin","floor":6,"turns":7},{"damage":14,"enemies":"Exordium Wildlife","floor":8,"turns":5},{"damage":14,"enemies":"3 Sentries","floor":10,"turns":5},{"damage":0,"enemies":"Large Slime","floor":11,"turns":4},{"damage":0,"enemies":"Blue Slaver","floor":13,"turns":3},{"damage":17,"enemies":"Hexaghost","floor":16,"turns":7},{"damage":0,"enemies":"3 Byrds","floor":18,"turns":6},{"damage":2,"enemies":"Spheric Guardian","floor":19,"turns":5},{"damage":0,"enemies":"Book of Stabbing","floor":24,"turns":6},{"damage":0,"enemies":"Chosen and Byrds","floor":27,"turns":4},{"damage":3,"enemies":"Gremlin Leader","floor":28,"turns":7},{"damage":0,"enemies":"Cultist and Chosen","floor":29,"turns":4},{"damage":5,"enemies":"Centurion and Healer","floor":30,"turns":4},{"damage":10,"enemies":"Slavers","floor":31,"turns":5},{"damage":17,"enemies":"Collector","floor":33,"turns":7},{"damage":0,"enemies":"Orb Walker","floor":35,"turns":2},{"damage":10,"enemies":"3 Shapes","floor":36,"turns":5},{"damage":0,"enemies":"Writhing Mass","floor":39,"turns":7},{"damage":9,"enemies":"Reptomancer","floor":41,"turns":5},{"damage":15,"enemies":"4 Shapes","floor":42,"turns":6},{"damage":0,"enemies":"Nemesis","floor":44,"turns":7},{"damage":17,"enemies":"Time Eater","floor":50,"turns":8}],"seed_played":"-7599346636220932420","potions_obtained":[{"floor":1,"key":"Swift Potion"},{"floor":2,"key":"Ancient Potion"},{"floor":4,"key":"Block Potion"},{"floor":13,"key":"EssenceOfSteel"},{"floor":19,"key":"Block Potion"},{"floor":24,"key":"Explosive Potion"},{"floor":28,"key":"Fire Potion"},{"floor":29,"key":"FearPotion"},{"floor":31,"key":"Explosive Potion"},{"floor":33,"key":"FearPotion"},{"floor":39,"key":"Fire Potion"},{"floor":44,"key":"EssenceOfSteel"}],"is_trial":false,"path_per_floor":["M","M","?","M","T","E","R","M","T","E","M","$","M","$","R","B",null,"M","M","?","$","?","R","E","R","T","M","E","M","M","E","R","B",null,"M","M","?","$","M","R","E","M","T","E","?","R","?","$","R","B",null],"character_chosen":"DEFECT","items_purchased":["Chill","Anchor","Lockon","Doom and Gloom","WingedGreaves"],"campfire_rested":4,"item_purchase_floors":[12,12,14,21,38],"current_hp_per_floor":[64,63,63,63,63,63,63,49,49,35,35,35,35,35,57,40,66,66,64,64,64,64,64,64,64,64,64,61,61,56,46,68,51,69,69,59,59,59,59,59,50,35,35,35,35,57,57,57,75,58],"gold":45,"neow_bonus":"ONE_RANDOM_RARE_CARD","is_prod":false,"is_daily":false,"chose_seed":false,"campfire_upgraded":4,"win_rate":0,"timestamp":1565733485,"path_taken":["M","M","?","M","?","E","R","M","T","E","M","$","M","$","R","BOSS","M","?","?","$","?","R","E","R","T","M","E","M","M","E","R","BOSS","M","M","?","$","?","R","E","?","T","E","?","R","?","?","R","BOSS"],"build_version":"2019-07-17","purchased_purges":2,"victory":true,"max_hp_per_floor":[75,75,75,75,75,75,75,75,75,75,75,75,75,75,75,75,75,75,75,75,75,75,75,75,75,75,75,75,75,75,75,75,75,75,75,75,75,75,75,75,75,75,75,75,75,75,75,75,75,75],"card_choices":[{"not_picked":["Barrage","Double Energy"],"picked":"Ball Lightning","floor":1},{"not_picked":["BootSequence","Aggregate"],"picked":"Glacier","floor":2},{"not_picked":["Fusion","Storm"],"picked":"Cold Snap","floor":4},{"not_picked":["Steam","Recycle"],"picked":"Defragment","floor":6},{"not_picked":["Redo","Hologram"],"picked":"Coolheaded","floor":8},{"not_picked":["Beam Cell","Loop"],"picked":"Capacitor","floor":10},{"not_picked":["Conserve Battery","Leap","Beam Cell"],"picked":"SKIP","floor":11},{"not_picked":["Steam","Redo"],"picked":"Fission","floor":13},{"not_picked":["All For One","Creative AI"],"picked":"Thunder Strike","floor":16},{"not_picked":["Melter","FTL","Rebound"],"picked":"SKIP","floor":18},{"not_picked":["Compile Driver","Conserve Battery+1","Redo+1"],"picked":"SKIP","floor":19},{"not_picked":["Barrage","Ball Lightning"],"picked":"Echo Form","floor":24},{"not_picked":["Gash","Double Energy","Beam Cell+1"],"picked":"SKIP","floor":27},{"not_picked":["Hologram","Static Discharge","Turbo"],"picked":"SKIP","floor":28},{"not_picked":["Leap","Heatsinks","Steam Power+1"],"picked":"SKIP","floor":29},{"not_picked":["Rebound","Recycle+1","Streamline+1"],"picked":"SKIP","floor":30},{"not_picked":["Stack+1","Conserve Battery"],"picked":"Sunder+1","floor":31},{"not_picked":["Stack+1","Go for the Eyes+1","Hello World"],"picked":"SKIP","floor":35},{"not_picked":["Stack+1","Hello World"],"picked":"Go for the Eyes+1","floor":35},{"not_picked":["Rebound","Reinforced Body+1","Lockon"],"picked":"SKIP","floor":36},{"not_picked":["Blizzard+1","Barrage+1"],"picked":"Loop+1","floor":39},{"not_picked":["Reinforced Body+1","Force Field"],"picked":"Coolheaded","floor":41},{"not_picked":["Genetic Algorithm+1","Rebound"],"picked":"Consume+1","floor":42},{"not_picked":["Stack","Go for the Eyes","Static Discharge+1"],"picked":"SKIP","floor":44},{"not_picked":["Stack","Go for the Eyes"],"picked":"Static Discharge+1","floor":44}],"player_experience":878032,"relics_obtained":[{"floor":5,"key":"Bottled Tornado"},{"floor":6,"key":"Thread and Needle"},{"floor":9,"key":"Potion Belt"},{"floor":10,"key":"Dead Branch"},{"floor":24,"key":"Ancient Tea Set"},{"floor":26,"key":"Letter Opener"},{"floor":28,"key":"Bag of Marbles"},{"floor":31,"key":"Shuriken"},{"floor":41,"key":"Bronze Scales"},{"floor":43,"key":"Calipers"},{"floor":44,"key":"MawBank"}],"event_choices":[{"damage_healed":0,"gold_gain":0,"player_choice":"Grow","damage_taken":0,"max_hp_gain":0,"max_hp_loss":0,"event_name":"Living Wall","floor":3,"gold_loss":0,"cards_upgraded":["Zap"]},{"cards_removed":["Strike_B"],"damage_healed":0,"gold_gain":0,"player_choice":"Elegance","damage_taken":0,"max_hp_gain":0,"max_hp_loss":0,"event_name":"Back to Basics","floor":20,"gold_loss":0},{"damage_healed":0,"gold_gain":0,"player_choice":"Opened","damage_taken":0,"relics_obtained":["DataDisk"],"max_hp_gain":0,"max_hp_loss":0,"event_name":"The Mausoleum","floor":22,"gold_loss":0},{"damage_healed":0,"gold_gain":0,"player_choice":"Copied","damage_taken":0,"max_hp_gain":0,"max_hp_loss":0,"event_name":"Duplicator","floor":37,"gold_loss":0,"cards_obtained":["Glacier"]},{"cards_removed":["Cold Snap"],"damage_healed":0,"gold_gain":0,"player_choice":"Removed Attack","damage_taken":0,"max_hp_gain":0,"max_hp_loss":0,"event_name":"Falling","floor":45,"gold_loss":0},{"damage_healed":0,"gold_gain":0,"player_choice":"Memory 1","damage_taken":0,"max_hp_gain":0,"max_hp_loss":0,"event_name":"SensoryStone","floor":47,"gold_loss":0}],"is_beta":false,"boss_relics":[{"not_picked":["Black Star","White Beast Statue"],"picked":"Cursed Key"},{"not_picked":["Coffee Dripper","Pandora\u0027s Box"],"picked":"Inserter"}],"items_purged_floors":[21,48],"is_endless":false,"potions_floor_spawned":[1,2,4,6,13,19,24,28,29,31,33,39,44],"ascension_level":6}