{"gold_per_floor":[366,380,36,51,51,51,86,86,157,177,177,177,209,228,228,299,299,319,299,310,327,377,388,388,388],"floor_reached":25,"playtime":1190,"items_purged":[],"score":426,"play_id":"b389efc3-46ad-4128-a81a-d0ba3329b9e2","local_time":"20190321102252","is_ascension_mode":true,"campfire_choices":[{"data":"Apotheosis","floor":6,"key":"SMITH"},{"data":"Battle Trance","floor":8,"key":"SMITH"},{"data":"Bash","floor":11,"key":"SMITH"},{"floor":15,"key":"REST"},{"floor":24,"key":"REST"}],"neow_cost":"TEN_PERCENT_HP_LOSS","seed_source_timestamp":257893854083300,"circlet_count":0,"master_deck":["AscendersBane","Strike_R","Strike_R","Strike_R+1","Strike_R","Strike_R+1","Defend_R","Defend_R","Defend_R","Defend_R","Bash+1","Flex+1","Battle Trance+1","Apotheosis+1","Headbutt","Sword Boomerang","Anger","Metallicize","Inflame","Feed","Sword Boomerang","Feed","Spot Weakness"],"relics":["Burning Blood","Anchor","Blood Vial","Letter Opener","Mummified Hand","Fusion Hammer"],"potions_floor_usage":[7,16,21,21],"damage_taken":[{"damage":3,"enemies":"2 Louse","floor":1,"turns":4},{"damage":7,"enemies":"Cultist","floor":2,"turns":4},{"damage":2,"enemies":"Jaw Worm","floor":4,"turns":3},{"damage":6,"enemies":"3 Sentries","floor":7,"turns":7},{"damage":18,"enemies":"Lots of Slimes","floor":10,"turns":4},{"damage":16,"enemies":"Lagavulin","floor":13,"turns":4},{"damage":11,"enemies":"Exordium Wildlife","floor":14,"turns":3},{"damage":41,"enemies":"The Guardian","floor":16,"turns":11},{"damage":29,"enemies":"Chosen","floor":18,"turns":4},{"damage":21,"enemies":"Spheric Guardian","floor":20,"turns":4},{"damage":12,"enemies":"Shelled Parasite and Fungi","floor":21,"turns":2},{"damage":21,"enemies":"Snake Plant","floor":23,"turns":4},{"damage":44,"enemies":"Gremlin Leader","floor":25,"turns":4}],"seed_played":"-8124028701476262516","potions_obtained":[{"floor":1,"key":"Strength Potion"},{"floor":14,"key":"Strength Potion"},{"floor":18,"key":"Ancient Potion"},{"floor":19,"key":"Poison Potion"},{"floor":23,"key":"Dexterity Potion"}],"is_trial":false,"path_per_floor":["M","M","$","M","?","R","E","R","T","M","R","?","E","M","R","B",null,"M","?","M","M","?","M","R","E"],"character_chosen":"IRONCLAD","items_purchased":["Apotheosis","Anchor"],"campfire_rested":2,"item_purchase_floors":[3,3],"current_hp_per_floor":[68,67,67,68,48,48,48,48,48,38,38,38,30,27,47,14,55,34,34,25,24,24,15,38,0],"gold":388,"neow_bonus":"TWO_FIFTY_GOLD","is_prod":false,"is_daily":false,"chose_seed":false,"campfire_upgraded":3,"win_rate":0,"timestamp":1553152972,"path_taken":["M","M","$","M","?","R","E","R","T","M","R","?","E","?","R","BOSS","M","?","M","?","?","M","R","E"],"build_version":"2019-01-23","purchased_purges":0,"victory":false,"max_hp_per_floor":[68,68,68,68,68,68,68,68,68,68,68,68,68,68,68,68,68,68,68,72,75,75,79,79,79],"card_choices":[{"not_picked":["Dual Wield","Wild Strike"],"picked":"Flex","floor":1},{"not_picked":["Sword Boomerang","Iron Wave"],"picked":"Battle Trance","floor":2},{"not_picked":["Havoc","Cleave"],"picked":"Headbutt","floor":4},{"not_picked":["True Grit","Heavy Blade"],"picked":"Sword Boomerang","floor":7},{"not_picked":["Feel No Pain","Wild Strike"],"picked":"Anger","floor":10},{"not_picked":["Ghostly Armor","Reckless Charge"],"picked":"Metallicize","floor":13},{"not_picked":["Iron Wave","Bludgeon"],"picked":"Inflame","floor":14},{"not_picked":["Offering","Barricade"],"picked":"Feed","floor":16},{"not_picked":["Headbutt","Combust","Seeing Red"],"picked":"SKIP","floor":18},{"not_picked":["Second Wind","Wild Strike"],"picked":"Sword Boomerang","floor":20},{"not_picked":["Twin Strike","Hemokinesis"],"picked":"Feed","floor":21},{"not_picked":["Warcry","Dropkick+1"],"picked":"Spot Weakness","floor":23}],"player_experience":971425,"relics_obtained":[{"floor":7,"key":"Blood Vial"},{"floor":9,"key":"Letter Opener"},{"floor":13,"key":"Mummified Hand"}],"event_choices":[{"damage_healed":0,"gold_gain":0,"player_choice":"Entered Light","damage_taken":20,"max_hp_gain":0,"max_hp_loss":0,"event_name":"Shining Light","floor":5,"gold_loss":0,"cards_upgraded":["Strike_R","Strike_R"]},{"damage_healed":0,"gold_gain":0,"player_choice":"Upgraded","damage_taken":0,"max_hp_gain":0,"max_hp_loss":0,"event_name":"Upgrade Shrine","floor":12,"gold_loss":0,"cards_upgraded":["Flex"]},{"damage_healed":0,"gold_gain":0,"player_choice":"Bought 1 Potion","damage_taken":0,"max_hp_gain":0,"max_hp_loss":0,"event_name":"The Woman in Blue","floor":19,"gold_loss":0},{"damage_healed":0,"gold_gain":50,"player_choice":"Pray","damage_taken":0,"max_hp_gain":0,"max_hp_loss":0,"event_name":"Golden Shrine","floor":22,"gold_loss":0}],"is_beta":false,"boss_relics":[{"not_picked":["Ectoplasm","Eternal Feather"],"picked":"Fusion Hammer"}],"items_purged_floors":[],"is_endless":false,"potions_floor_spawned":[1,14,18,20,23],"killed_by":"Gremlin Leader","ascension_level":20}