{"gold_per_floor":[116,130,16,16,16,16,16,16,16,33,67,67,67,43,43,116,116,133,151,21,36,36,68,68,68],"floor_reached":25,"playtime":1330,"items_purged":[],"score":412,"play_id":"c3a76a3a-894a-4621-8902-acddc2486b0d","local_time":"20190821215341","is_ascension_mode":true,"campfire_choices":[{"data":"Neutralize","floor":6,"key":"SMITH"},{"data":"Deadly Poison","floor":8,"key":"SMITH"},{"floor":13,"key":"REST"},{"data":"Noxious Fumes","floor":15,"key":"SMITH"},{"floor":24,"key":"REST"}],"neow_cost":"NONE","seed_source_timestamp":43339968773274,"circlet_count":0,"master_deck":["AscendersBane","Strike_G","Strike_G","Strike_G","Strike_G","Strike_G","Defend_G","Defend_G","Defend_G","Defend_G","Defend_G","Survivor","Neutralize+1","Quick Slash","Leg Sweep","Footwork+1","Deadly Poison+1","Noxious Fumes+1","Deadly Poison","Malaise","Deflect+1","Deflect+1","Blur","Dash","Escape Plan","Backflip"],"relics":["Ring of the Snake","Mummified Hand","Pantograph","Eternal Feather","Happy Flower"],"potions_floor_usage":[11,23,23],"damage_taken":[{"damage":10,"enemies":"Jaw Worm","floor":1,"turns":7},{"damage":5,"enemies":"Small Slimes","floor":2,"turns":6},{"damage":0,"enemies":"2 Louse","floor":10,"turns":4},{"damage":39,"enemies":"Gremlin Nob","floor":11,"turns":5},{"damage":23,"enemies":"The Guardian","floor":16,"turns":10},{"damage":15,"enemies":"Shell Parasite","floor":18,"turns":6},{"damage":10,"enemies":"Spheric Guardian","floor":19,"turns":5},{"damage":19,"enemies":"Shelled Parasite and Fungi","floor":21,"turns":10},{"damage":19,"enemies":"Book of Stabbing","floor":23,"turns":9},{"damage":54,"enemies":"Gremlin Leader","floor":25,"turns":7}],"seed_played":"3520560608630359088","potions_obtained":[{"floor":2,"key":"Swift Potion"},{"floor":18,"key":"LiquidBronze"},{"floor":21,"key":"SneckoOil"},{"floor":23,"key":"Swift Potion"}],"is_trial":false,"path_per_floor":["M","M","$","?","$","R","?","R","T","M","E","?","R","$","R","B",null,"M","M","$","M","?","E","R","E"],"character_chosen":"THE_SILENT","items_purchased":["Footwork","Deadly Poison","Deadly Poison","Blur","Dash"],"campfire_rested":2,"item_purchase_floors":[3,3,14,20,20],"current_hp_per_floor":[55,50,50,50,50,50,50,50,50,50,11,11,32,32,32,34,63,48,38,38,19,33,14,50,0],"gold":68,"neow_bonus":"TEN_PERCENT_HP_BONUS","is_prod":false,"is_daily":false,"chose_seed":false,"campfire_upgraded":3,"win_rate":0,"timestamp":1566417221,"path_taken":["M","M","$","?","?","R","?","R","T","M","E","?","R","?","R","BOSS","M","M","$","M","?","E","R","E"],"build_version":"2019-07-17","purchased_purges":0,"victory":false,"max_hp_per_floor":[72,72,72,72,72,72,72,72,72,72,72,72,72,72,72,72,72,72,72,72,72,72,72,72,72],"card_choices":[{"not_picked":["PiercingWail","Acrobatics"],"picked":"Quick Slash","floor":1},{"not_picked":["Escape Plan","Blade Dance"],"picked":"Leg Sweep","floor":2},{"not_picked":["Acrobatics","Leg Sweep","Flying Knee"],"picked":"SKIP","floor":10},{"not_picked":["Cloak And Dagger","Accuracy"],"picked":"Noxious Fumes","floor":11},{"not_picked":["Unload","Storm of Steel"],"picked":"Malaise","floor":16},{"not_picked":["Backflip","Noxious Fumes"],"picked":"Deflect+1","floor":18},{"not_picked":["Finisher","Deadly Poison"],"picked":"Deflect+1","floor":19},{"not_picked":["Endless Agony","Cloak And Dagger"],"picked":"Escape Plan","floor":21},{"not_picked":["PiercingWail","Escape Plan"],"picked":"Backflip","floor":23}],"player_experience":1002848,"relics_obtained":[{"floor":9,"key":"Mummified Hand"},{"floor":11,"key":"Pantograph"},{"floor":23,"key":"Happy Flower"}],"event_choices":[{"damage_healed":0,"gold_gain":0,"player_choice":"Grow","damage_taken":0,"max_hp_gain":0,"max_hp_loss":0,"event_name":"Living Wall","floor":4,"gold_loss":0,"cards_upgraded":["Footwork"]},{"damage_healed":0,"gold_gain":0,"player_choice":"Ignored","damage_taken":0,"max_hp_gain":0,"max_hp_loss":0,"event_name":"Golden Idol","floor":7,"gold_loss":0},{"damage_healed":0,"gold_gain":0,"player_choice":"Ignored","damage_taken":0,"max_hp_gain":0,"max_hp_loss":0,"event_name":"Liars Game","floor":12,"gold_loss":0},{"damage_healed":14,"gold_gain":0,"player_choice":"Heal","damage_taken":0,"max_hp_gain":0,"max_hp_loss":0,"event_name":"The Library","floor":22,"gold_loss":0}],"is_beta":false,"boss_relics":[{"not_picked":["Calling Bell","Runic Dome"],"picked":"Eternal Feather"}],"items_purged_floors":[],"is_endless":false,"potions_floor_spawned":[2,18,21,23],"killed_by":"Gremlin Leader","ascension_level":18}