{"gold_per_floor":[116,127,127,139,149,149,159,185,208,220,220,220,232,292,292,368,368,344,344,354,371,37,67,67],"floor_reached":24,"playtime":1395,"items_purged":[],"score":465,"play_id":"69f23582-ae51-47b9-a991-faedc750c72b","local_time":"20190418104734","is_ascension_mode":true,"campfire_choices":[{"data":"Go for the Eyes","floor":6,"key":"SMITH"},{"floor":12,"key":"REST"},{"floor":15,"key":"REST"}],"neow_cost":"NONE","seed_source_timestamp":877338763009100,"circlet_count":0,"master_deck":["AscendersBane","Strike_B","Strike_B","Strike_B","Strike_B","Defend_B","Defend_B","Defend_B+1","Defend_B","Zap+1","Dualcast","Turbo+1","Coolheaded","Go for the Eyes+1","Gash","Steam","Beam Cell","Coolheaded","FTL","Scrape","Echo Form","Gash","Gash","Sweeping Beam","Gash","Steam","Chill"],"relics":["Cracked Core","Blood Vial","StoneCalendar","Lantern","War Paint","Busted Crown","Gremlin Horn","DataDisk"],"potions_floor_usage":[8,10,14,23],"damage_taken":[{"damage":0,"enemies":"2 Louse","floor":1,"turns":1},{"damage":0,"enemies":"Cultist","floor":2,"turns":3},{"damage":2,"enemies":"Small Slimes","floor":4,"turns":3},{"damage":6,"enemies":"Blue Slaver","floor":5,"turns":6},{"damage":10,"enemies":"2 Fungi Beasts","floor":7,"turns":3},{"damage":50,"enemies":"Gremlin Nob","floor":8,"turns":5},{"damage":6,"enemies":"3 Louse","floor":10,"turns":3},{"damage":7,"enemies":"Blue Slaver","floor":13,"turns":4},{"damage":11,"enemies":"3 Sentries","floor":14,"turns":7},{"damage":21,"enemies":"Slime Boss","floor":16,"turns":7},{"damage":14,"enemies":"2 Thieves","floor":18,"turns":4},{"damage":3,"enemies":"Chosen","floor":20,"turns":5},{"damage":22,"enemies":"Shelled Parasite and Fungi","floor":21,"turns":6},{"damage":24,"enemies":"Gremlin Leader","floor":23,"turns":6},{"damage":12,"enemies":"Snake Plant","floor":24,"turns":2}],"seed_played":"-4642012689692027769","potions_obtained":[{"floor":1,"key":"Dexterity Potion"},{"floor":4,"key":"EssenceOfSteel"},{"floor":7,"key":"FearPotion"},{"floor":10,"key":"Energy Potion"},{"floor":13,"key":"Strength Potion"},{"floor":20,"key":"Fire Potion"}],"is_trial":false,"path_per_floor":["M","M","?","M","M","R","M","E","T","M","?","R","M","?","R","B",null,"M","?","M","M","$","E","M"],"character_chosen":"DEFECT","items_purchased":["Steam","Gremlin Horn"],"campfire_rested":2,"item_purchase_floors":[22,22],"current_hp_per_floor":[66,68,68,68,64,64,56,8,8,4,27,48,43,34,55,36,62,50,50,49,29,29,7,0],"gold":67,"neow_bonus":"RANDOM_COMMON_RELIC","is_prod":false,"is_daily":false,"chose_seed":false,"campfire_upgraded":1,"win_rate":0,"timestamp":1555573654,"path_taken":["M","M","?","M","?","R","M","E","T","M","?","R","M","?","R","BOSS","M","?","M","M","$","E","M"],"build_version":"2019-01-23","purchased_purges":0,"victory":false,"max_hp_per_floor":[71,71,71,71,71,71,71,71,71,71,71,71,71,71,71,71,71,71,71,71,71,71,71,71],"card_choices":[{"not_picked":["Lockon","Undo"],"picked":"Turbo","floor":1},{"not_picked":["Conserve Battery","Redo"],"picked":"Coolheaded","floor":2},{"not_picked":["Conserve Battery","Stack"],"picked":"Go for the Eyes","floor":4},{"not_picked":["Storm","Compile Driver"],"picked":"Gash","floor":5},{"not_picked":["Consume","Force Field"],"picked":"Steam","floor":7},{"not_picked":["Go for the Eyes","Genetic Algorithm"],"picked":"Beam Cell","floor":8},{"not_picked":["Heatsinks","Biased Cognition"],"picked":"Coolheaded","floor":10},{"not_picked":["Storm","Genetic Algorithm"],"picked":"FTL","floor":13},{"not_picked":["Gash","Coolheaded"],"picked":"Scrape","floor":14},{"not_picked":["Amplify","Buffer"],"picked":"Echo Form","floor":16},{"not_picked":[],"picked":"Gash","floor":18},{"not_picked":["Sweeping Beam"],"picked":"SKIP","floor":20},{"not_picked":[],"picked":"Sweeping Beam","floor":20},{"not_picked":[],"picked":"Gash","floor":21},{"not_picked":[],"picked":"Chill","floor":23}],"player_experience":1188391,"relics_obtained":[{"floor":8,"key":"StoneCalendar"},{"floor":9,"key":"Lantern"},{"floor":14,"key":"War Paint"},{"floor":23,"key":"DataDisk"}],"event_choices":[{"damage_healed":0,"gold_gain":0,"player_choice":"Forge","damage_taken":0,"max_hp_gain":0,"max_hp_loss":0,"event_name":"Accursed Blacksmith","floor":3,"gold_loss":0,"cards_upgraded":["Zap"]},{"damage_healed":23,"gold_gain":0,"player_choice":"Banana","damage_taken":0,"max_hp_gain":0,"max_hp_loss":0,"event_name":"Big Fish","floor":11,"gold_loss":0},{"damage_healed":0,"gold_gain":0,"player_choice":"Searched \u00271\u0027 times","damage_taken":0,"max_hp_gain":0,"max_hp_loss":0,"event_name":"Dead Adventurer","floor":14,"gold_loss":0},{"damage_healed":0,"gold_gain":0,"player_choice":"Read","damage_taken":0,"max_hp_gain":0,"max_hp_loss":0,"event_name":"The Library","floor":19,"gold_loss":0,"cards_obtained":["Gash"]}],"is_beta":false,"boss_relics":[{"not_picked":["Coffee Dripper","FrozenCore"],"picked":"Busted Crown"}],"items_purged_floors":[],"is_endless":false,"potions_floor_spawned":[1,4,7,10,13,20],"killed_by":"Snake Plant","ascension_level":20}