{"gold_per_floor":[215,226,243,51,61,61,93,93,141,170,170,225,242,252,252,352,352,362,382,382,398,246,246,277,292,292,302,315,334,334],"floor_reached":30,"playtime":1969,"items_purged":["Strike_R"],"score":290,"play_id":"912065c5-72a9-47b3-8c0f-41b559244b3b","local_time":"20190925205059","is_ascension_mode":true,"campfire_choices":[{"data":"Body Slam","floor":6.0,"key":"SMITH"},{"data":"Armaments","floor":8.0,"key":"SMITH"},{"floor":15.0,"key":"REST"},{"data":"Barricade","floor":23.0,"key":"SMITH"}],"neow_cost":"NONE","seed_source_timestamp":270191816415300,"circlet_count":0,"master_deck":["Strike_R","Strike_R","Strike_R","Defend_R","Defend_R","Defend_R","Defend_R","Bash","Iron Wave","Burning Pact","Body Slam+1","Shrug It Off","Pommel Strike","Armaments+1","Evolve","Seeing Red","Juggernaut","Barricade+1","Sentinel","Body Slam","Normality","True Grit+1","Ghostly Armor"],"special_seed":0,"relics":["Burning Blood","Orichalcum","Ornamental Fan","Lantern","Oddly Smooth Stone","Tiny Chest","Cursed Key","Potion Belt","Bottled Flame"],"potions_floor_usage":[],"damage_taken":[{"damage":5.0,"enemies":"Small Slimes","floor":1.0,"turns":4.0},{"damage":6.0,"enemies":"Cultist","floor":2.0,"turns":3.0},{"damage":2.0,"enemies":"2 Louse","floor":3.0,"turns":4.0},{"damage":24.0,"enemies":"Gremlin Gang","floor":5.0,"turns":8.0},{"damage":15.0,"enemies":"Gremlin Nob","floor":7.0,"turns":6.0},{"damage":29.0,"enemies":"Lagavulin","floor":10.0,"turns":9.0},{"damage":3.0,"enemies":"3 Sentries","floor":12.0,"turns":8.0},{"damage":1.0,"enemies":"Large Slime","floor":13.0,"turns":5.0},{"damage":2.0,"enemies":"Exordium Wildlife","floor":14.0,"turns":6.0},{"damage":45.0,"enemies":"The Guardian","floor":16.0,"turns":15.0},{"damage":14.0,"enemies":"Spheric Guardian","floor":18.0,"turns":4.0},{"damage":3.0,"enemies":"3 Byrds","floor":19.0,"turns":6.0},{"damage":9.0,"enemies":"Centurion and Healer","floor":21.0,"turns":5.0},{"damage":41.0,"enemies":"Book of Stabbing","floor":24.0,"turns":8.0},{"damage":14.0,"enemies":"Cultist and Chosen","floor":25.0,"turns":6.0},{"damage":13.0,"enemies":"Snake Plant","floor":27.0,"turns":3.0},{"damage":20.0,"enemies":"Sentry and Sphere","floor":28.0,"turns":9.0},{"damage":0.0,"enemies":"Centurion and Healer","floor":29.0,"turns":6.0},{"damage":19,"enemies":"Shelled Parasite and Fungi","floor":30,"turns":4}],"seed_played":"-6044610214577086772","potions_obtained":[{"floor":2.0,"key":"Fruit Juice"},{"floor":3.0,"key":"Energy Potion"},{"floor":10.0,"key":"SteroidPotion"},{"floor":12.0,"key":"BloodPotion"},{"floor":16.0,"key":"SkillPotion"},{"floor":24.0,"key":"EssenceOfSteel"}],"is_trial":false,"path_per_floor":["M","M","M","$","M","R","E","R","T","E","?","E","M","M","R","B",null,"M","M","$","M","$","R","E","M","T","M","M","M","M"],"character_chosen":"IRONCLAD","items_purchased":["Shrug It Off","Orichalcum","Sentinel"],"campfire_rested":1,"item_purchase_floors":[4,4,22],"current_hp_per_floor":[80,85,85,85,67,67,58,58,58,35,35,38,43,47,72,54,85,77,80,80,77,77,77,42,34,34,27,13,19,0],"gold":334,"neow_bonus":"HUNDRED_GOLD","is_prod":false,"is_daily":false,"chose_seed":false,"campfire_upgraded":3,"win_rate":0,"timestamp":1569412259,"path_taken":["M","M","M","$","M","R","E","R","T","E","?","E","M","M","R","BOSS","M","M","$","M","$","R","E","M","T","M","M","M","M"],"build_version":"2019-07-17","purchased_purges":1,"victory":false,"max_hp_per_floor":[80,85,85,85,85,85,85,85,85,85,85,85,85,85,85,85,85,85,85,85,85,85,85,85,85,85,85,85,85,85],"card_choices":[{"not_picked":["Havoc","Flex"],"picked":"Iron Wave","floor":1.0},{"not_picked":["Battle Trance","Iron Wave"],"picked":"Burning Pact","floor":2.0},{"not_picked":["Clothesline","Headbutt"],"picked":"Body Slam","floor":3.0},{"not_picked":["Carnage","Anger"],"picked":"Pommel Strike","floor":5.0},{"not_picked":["Thunderclap","True Grit"],"picked":"Armaments","floor":7.0},{"not_picked":["Pummel","Burning Pact"],"picked":"Evolve","floor":10.0},{"not_picked":["Evolve","Brutality"],"picked":"Seeing Red","floor":12.0},{"not_picked":["True Grit","Warcry","Thunderclap"],"picked":"SKIP","floor":13.0},{"not_picked":["Havoc","Burning Pact","Pommel Strike"],"picked":"SKIP","floor":14.0},{"not_picked":["Brutality","Berserk"],"picked":"Juggernaut","floor":16.0},{"not_picked":["Twin Strike","Spot Weakness+1","Corruption"],"picked":"SKIP","floor":18.0},{"not_picked":["Corruption+1","Warcry","Anger"],"picked":"SKIP","floor":19.0},{"not_picked":["Clothesline","Havoc+1"],"picked":"Barricade","floor":21.0},{"not_picked":["Rupture","Dropkick","Brutality"],"picked":"SKIP","floor":24.0},{"not_picked":["Shrug It Off+1","Perfected Strike+1"],"picked":"Body Slam","floor":25.0},{"not_picked":["Inflame+1","Blood for Blood","Twin Strike"],"picked":"SKIP","floor":27.0},{"not_picked":["Infernal Blade","Pummel"],"picked":"True Grit+1","floor":28.0},{"not_picked":["Iron Wave","Pommel Strike+1"],"picked":"Ghostly Armor","floor":29.0}],"player_experience":483184,"relics_obtained":[{"floor":7.0,"key":"Ornamental Fan"},{"floor":9.0,"key":"Lantern"},{"floor":10.0,"key":"Oddly Smooth Stone"},{"floor":12.0,"key":"Tiny Chest"},{"floor":24.0,"key":"Potion Belt"},{"floor":26.0,"key":"Bottled Flame"}],"event_choices":[{"cards_removed":["Strike_R"],"damage_healed":0.0,"max_hp_gain":0.0,"max_hp_loss":0.0,"gold_gain":0.0,"event_name":"Living Wall","player_choice":"Forget","floor":11.0,"gold_loss":0.0,"damage_taken":0.0}],"is_beta":false,"boss_relics":[{"not_picked":["Busted Crown","Runic Cube"],"picked":"Cursed Key"}],"items_purged_floors":[22],"is_endless":false,"potions_floor_spawned":[2,3,10,12,16,18,19,24],"killed_by":"Shelled Parasite and Fungi","ascension_level":1}