{"gold_per_floor":[118,130,130,37,54,54,66,95,95,125,125,152,110,172,172,246,246,263,273,273,286,286,286,315,315,315,331,331,357,376,409,409,480,480,490,542,561,561,561,561,138,172,172,172,172,27,40,0,0,0],"floor_reached":51,"playtime":3947,"items_purged":["Writhe","Writhe"],"score":1328,"play_id":"494b5db1-ed2c-4be0-a2f4-b170f1882047","local_time":"20190809143821","is_ascension_mode":true,"campfire_choices":[{"data":"Bouncing Flask","floor":6,"key":"SMITH"},{"floor":11,"key":"REST"},{"data":"Neutralize","floor":15,"key":"SMITH"},{"data":"Caltrops","floor":23,"key":"SMITH"},{"data":"Footwork","floor":25,"key":"SMITH"},{"floor":28,"key":"REST"},{"floor":32,"key":"REST"},{"floor":40,"key":"REST"},{"floor":44,"key":"REST"},{"floor":49,"key":"REST"}],"neow_cost":"NONE","seed_source_timestamp":4020323066130,"circlet_count":0,"master_deck":["AscendersBane","Strike_G+1","Defend_G","Defend_G","Defend_G","Defend_G","Defend_G","Survivor","Neutralize+1","Dagger Throw","Deflect","Bouncing Flask+1","Flying Knee","Sucker Punch","Malaise+1","Dagger Spray","Corpse Explosion+1","Dodge and Roll+1","Caltrops+1","Deadly Poison+1","Footwork+1","PiercingWail+1","Crippling Poison+1","Deflect+1","Catalyst+1","Doppelganger+1","Prepared+1","PiercingWail+1","Dramatic Entrance","Prepared+1","Dodge and Roll+1","Outmaneuver+1","Noxious Fumes","Deadly Poison+1","Outmaneuver+1"],"relics":["Ring of the Snake","Whetstone","The Courier","Toxic Egg 2","Mercury Hourglass","Boot","Tiny Chest","Runic Pyramid","Bag of Preparation","Pen Nib","Happy Flower","Gremlin Horn","Ornamental Fan","Empty Cage","Ginger","Mummified Hand","Meat on the Bone"],"potions_floor_usage":[8,8,10,24,33,36,42,50],"damage_taken":[{"damage":0,"enemies":"2 Louse","floor":1,"turns":2},{"damage":0,"enemies":"Jaw Worm","floor":2,"turns":3},{"damage":2,"enemies":"Small Slimes","floor":5,"turns":3},{"damage":3,"enemies":"Blue Slaver","floor":7,"turns":4},{"damage":1,"enemies":"Lagavulin","floor":8,"turns":5},{"damage":18,"enemies":"Gremlin Nob","floor":10,"turns":4},{"damage":22,"enemies":"3 Sentries","floor":14,"turns":5},{"damage":18,"enemies":"Hexaghost","floor":16,"turns":11},{"damage":0,"enemies":"3 Byrds","floor":18,"turns":2},{"damage":2,"enemies":"Chosen","floor":19,"turns":5},{"damage":4,"enemies":"Snecko","floor":21,"turns":6},{"damage":15,"enemies":"Gremlin Leader","floor":24,"turns":7},{"damage":7,"enemies":"Centurion and Healer","floor":27,"turns":7},{"damage":2,"enemies":"Slavers","floor":29,"turns":3},{"damage":9,"enemies":"Snake Plant","floor":30,"turns":5},{"damage":1,"enemies":"Gremlin Leader","floor":31,"turns":6},{"damage":17,"enemies":"Champ","floor":33,"turns":9},{"damage":5,"enemies":"3 Darklings","floor":35,"turns":4},{"damage":52,"enemies":"2 Orb Walkers","floor":36,"turns":8},{"damage":0,"enemies":"3 Shapes","floor":37,"turns":3},{"damage":11,"enemies":"Reptomancer","floor":42,"turns":7},{"damage":0,"enemies":"Jaw Worm Horde","floor":47,"turns":3},{"damage":40,"enemies":"Time Eater","floor":50,"turns":9}],"seed_played":"904698393820852831","potions_obtained":[{"floor":2,"key":"EssenceOfSteel"},{"floor":7,"key":"FearPotion"},{"floor":8,"key":"Weak Potion"},{"floor":16,"key":"Block Potion"},{"floor":19,"key":"Dexterity Potion"},{"floor":29,"key":"GhostInAJar"},{"floor":42,"key":"Strength Potion"}],"is_trial":false,"path_per_floor":["M","M","?","$","M","R","M","E","T","E","R","T","?","E","R","B",null,"M","M","?","M","?","R","E","R","T","M","R","E","M","E","R","B",null,"M","?","M","?","?","R","$","E","T","R","?","$","M","$","R","B",null],"character_chosen":"THE_SILENT","items_purchased":["Bouncing Flask","Flying Knee","Mummified Hand","Fruit Juice","Prepared+1","Dodge and Roll+1","Noxious Fumes","Outmaneuver+1"],"campfire_rested":6,"item_purchase_floors":[4,4,41,41,41,41,46,48],"current_hp_per_floor":[59,59,52,52,50,50,47,46,46,28,47,47,47,25,25,7,51,51,49,49,45,45,45,30,30,30,23,42,40,31,30,49,32,58,53,1,1,1,1,20,20,14,14,35,49,49,49,49,70,42],"gold":0,"neow_bonus":"RANDOM_COMMON_RELIC","is_prod":false,"is_daily":false,"chose_seed":false,"campfire_upgraded":4,"win_rate":0,"timestamp":1565354301,"path_taken":["M","M","?","$","M","R","M","E","T","E","R","?","?","E","R","BOSS","M","M","?","M","?","R","E","R","T","M","R","E","M","E","R","BOSS","M","?","M","?","?","R","$","E","T","R","?","$","?","$","R","BOSS"],"build_version":"2019-07-17","purchased_purges":2,"victory":true,"max_hp_per_floor":[66,66,66,66,66,66,66,66,66,66,66,66,66,66,66,66,66,66,66,66,66,66,66,66,66,66,66,66,66,66,66,66,66,66,66,66,66,66,66,66,66,71,71,71,71,71,71,71,71,71],"card_choices":[{"not_picked":["Cloak And Dagger","Quick Slash"],"picked":"Dagger Throw","floor":1},{"not_picked":["Underhanded Strike","Tactician"],"picked":"Deflect","floor":2},{"not_picked":["Deflect","Blade Dance","Flechettes"],"picked":"SKIP","floor":5},{"not_picked":["Cloak And Dagger","Bane"],"picked":"Sucker Punch","floor":7},{"not_picked":["Sucker Punch","Concentrate","Dodge and Roll"],"picked":"SKIP","floor":8},{"not_picked":["Caltrops","Dagger Throw"],"picked":"Malaise+1","floor":10},{"not_picked":["Bane","Underhanded Strike"],"picked":"Dagger Spray","floor":14},{"not_picked":["Wraith Form v2","A Thousand Cuts"],"picked":"Corpse Explosion+1","floor":16},{"not_picked":["Infinite Blades","Underhanded Strike"],"picked":"Dodge and Roll+1","floor":18},{"not_picked":["Expertise+1","Predator"],"picked":"Caltrops","floor":19},{"not_picked":["Flying Knee","Slice"],"picked":"Deadly Poison+1","floor":21},{"not_picked":["Storm of Steel+1","Prepared+1"],"picked":"Footwork","floor":24},{"not_picked":["Backstab+1","Sucker Punch"],"picked":"PiercingWail+1","floor":27},{"not_picked":["Caltrops","Quick Slash"],"picked":"Crippling Poison+1","floor":29},{"not_picked":["Slice","Dagger Throw"],"picked":"Deflect+1","floor":30},{"not_picked":["Setup+1","Burst+1"],"picked":"Catalyst+1","floor":31},{"not_picked":["Corpse Explosion+1","Storm of Steel+1"],"picked":"Doppelganger+1","floor":33},{"not_picked":["Dodge and Roll+1","Sucker Punch","Distraction+1"],"picked":"SKIP","floor":35},{"not_picked":["Dash+1","Choke"],"picked":"Prepared+1","floor":36},{"not_picked":["Sucker Punch","Doppelganger+1"],"picked":"PiercingWail+1","floor":37},{"not_picked":["Enlightenment+1","Secret Weapon+1"],"picked":"Dramatic Entrance","floor":39},{"not_picked":["Acrobatics+1","Eviscerate"],"picked":"Outmaneuver+1","floor":42},{"not_picked":["Deflect+1","Endless Agony+1"],"picked":"Deadly Poison+1","floor":47}],"player_experience":797998,"relics_obtained":[{"floor":8,"key":"The Courier"},{"floor":9,"key":"Toxic Egg 2"},{"floor":10,"key":"Mercury Hourglass"},{"floor":12,"key":"Boot"},{"floor":14,"key":"Tiny Chest"},{"floor":24,"key":"Pen Nib"},{"floor":26,"key":"Happy Flower"},{"floor":29,"key":"Gremlin Horn"},{"floor":31,"key":"Ornamental Fan"},{"floor":36,"key":"Ginger"},{"floor":42,"key":"Meat on the Bone"}],"event_choices":[{"cards_removed":["Strike_G"],"damage_healed":0,"gold_gain":0,"player_choice":"Card Removal","damage_taken":7,"max_hp_gain":0,"max_hp_loss":0,"event_name":"Golden Wing","floor":3,"gold_loss":0},{"damage_healed":0,"gold_gain":0,"player_choice":"Left Gold","damage_taken":0,"max_hp_gain":0,"max_hp_loss":0,"event_name":"World of Goop","floor":13,"gold_loss":42},{"damage_healed":0,"gold_gain":0,"player_choice":"Ignored","damage_taken":0,"max_hp_gain":0,"max_hp_loss":0,"event_name":"Vampires","floor":20,"gold_loss":0},{"damage_healed":0,"gold_gain":0,"player_choice":"Opened","damage_taken":0,"relics_obtained":["Bag of Preparation"],"max_hp_gain":0,"max_hp_loss":0,"event_name":"The Mausoleum","floor":22,"gold_loss":0,"cards_obtained":["Writhe"]},{"damage_healed":0,"gold_gain":0,"player_choice":"Fight","damage_taken":0,"max_hp_gain":0,"max_hp_loss":0,"event_name":"Mysterious Sphere","floor":36,"gold_loss":0},{"cards_removed":["Strike_G"],"damage_healed":0,"gold_gain":0,"player_choice":"Removed Attack","damage_taken":0,"max_hp_gain":0,"max_hp_loss":0,"event_name":"Falling","floor":38,"gold_loss":0},{"damage_healed":0,"gold_gain":0,"player_choice":"Memory 1","damage_taken":0,"max_hp_gain":0,"max_hp_loss":0,"event_name":"SensoryStone","floor":39,"gold_loss":0},{"damage_healed":14,"gold_gain":0,"player_choice":"Writhe","damage_taken":0,"max_hp_gain":0,"max_hp_loss":0,"event_name":"Winding Halls","floor":45,"gold_loss":0,"cards_obtained":["Writhe"]}],"is_beta":false,"boss_relics":[{"not_picked":["HoveringKite","Pandora\u0027s Box"],"picked":"Runic Pyramid"},{"not_picked":["Runic Dome","Tiny House"],"picked":"Empty Cage"}],"items_purged_floors":[41,46],"is_endless":false,"potions_floor_spawned":[2,7,8,16,19,29,42],"ascension_level":16}