{"gold_per_floor":[111,122,140,154,79,79,79,79,105,119,119,153,170,170,170,267,267,267,267,267,267,267,267,267,267,267,267],"floor_reached":27,"playtime":715,"items_purged":["Strike_R"],"score":217,"play_id":"2d12bc13-742f-40de-8466-fd1bd1f40d48","local_time":"20190817001800","is_ascension_mode":false,"campfire_choices":[{"data":"Uppercut","floor":6,"key":"SMITH"},{"data":"Rampage","floor":8,"key":"SMITH"},{"floor":15,"key":"REST"},{"data":"Fiend Fire","floor":23,"key":"SMITH"}],"neow_cost":"NONE","seed_source_timestamp":55032643084168,"circlet_count":0,"master_deck":["Strike_R+1","Strike_R","Strike_R","Defend_R","Defend_R","Defend_R","Defend_R+1","Bash+1","Rampage+1","Uppercut+1","Fiend Fire+1","Demon Form+1","Burning Pact+1","Impervious","Sword Boomerang"],"relics":["Burning Blood","Vajra","Ancient Tea Set","Ectoplasm","Lantern"],"potions_floor_usage":[12,27],"damage_taken":[{"damage":1,"enemies":"Cultist","floor":1,"turns":3},{"damage":0,"enemies":"Small Slimes","floor":2,"turns":3},{"damage":10,"enemies":"Jaw Worm","floor":3,"turns":4},{"damage":10,"enemies":"Looter","floor":4,"turns":3},{"damage":24,"enemies":"Large Slime","floor":10,"turns":6},{"damage":12,"enemies":"3 Sentries","floor":12,"turns":6},{"damage":4,"enemies":"Red Slaver","floor":13,"turns":2},{"damage":39,"enemies":"Slime Boss","floor":16,"turns":10},{"damage":32,"enemies":"Spheric Guardian","floor":18,"turns":5},{"damage":12,"enemies":"Shell Parasite","floor":20,"turns":5},{"damage":16,"enemies":"Centurion and Healer","floor":21,"turns":5},{"damage":10,"enemies":"Snecko","floor":24,"turns":4},{"damage":12,"enemies":"Snake Plant","floor":25,"turns":5},{"damage":50,"enemies":"Gremlin Leader","floor":27,"turns":3}],"seed_played":"-113195519261984363","potions_obtained":[{"floor":3,"key":"Energy Potion"},{"floor":4,"key":"BloodPotion"},{"floor":10,"key":"SmokeBomb"},{"floor":16,"key":"FearPotion"}],"is_trial":false,"path_per_floor":["M","M","M","M","$","R","?","R","T","M","?","E","M","?","R","B",null,"M","?","M","M","?","R","M","M","T","E"],"character_chosen":"IRONCLAD","items_purchased":[],"campfire_rested":1,"item_purchase_floors":[],"current_hp_per_floor":[80,80,76,72,72,72,65,65,65,47,47,41,43,27,51,18,80,54,54,48,38,38,38,34,28,28,0],"gold":267,"neow_bonus":"UPGRADE_CARD","is_prod":false,"is_daily":false,"chose_seed":false,"campfire_upgraded":3,"win_rate":0,"timestamp":1565993880,"path_taken":["M","M","M","?","$","R","?","R","T","M","?","E","M","?","R","BOSS","M","?","?","M","?","R","M","M","T","E"],"build_version":"2019-07-17","purchased_purges":1,"victory":false,"max_hp_per_floor":[80,80,80,80,80,80,80,80,80,80,80,80,80,80,80,80,80,80,80,80,80,80,80,80,80,80,80],"card_choices":[{"not_picked":["Havoc","Reckless Charge","Evolve"],"picked":"SKIP","floor":1},{"not_picked":["Pommel Strike","Cleave"],"picked":"Rampage","floor":2},{"not_picked":["True Grit","Evolve","Clash"],"picked":"SKIP","floor":3},{"not_picked":["Warcry","Thunderclap"],"picked":"Uppercut","floor":4},{"not_picked":["Shrug It Off","Cleave"],"picked":"Fiend Fire","floor":10},{"not_picked":["Pommel Strike","Warcry","Fire Breathing"],"picked":"SKIP","floor":12},{"not_picked":["Armaments","Rage","Pommel Strike"],"picked":"SKIP","floor":13},{"not_picked":["Reaper","Exhume"],"picked":"Demon Form","floor":16},{"not_picked":["Perfected Strike","True Grit+1"],"picked":"Burning Pact+1","floor":18},{"not_picked":["Iron Wave+1","Clash","Thunderclap"],"picked":"SKIP","floor":20},{"not_picked":["Heavy Blade","Body Slam"],"picked":"Impervious","floor":21},{"not_picked":["Iron Wave+1","Flame Barrier"],"picked":"Sword Boomerang","floor":24},{"not_picked":["Flex","Wild Strike","Warcry"],"picked":"SKIP","floor":25}],"player_experience":960908,"relics_obtained":[{"floor":9,"key":"Vajra"},{"floor":12,"key":"Ancient Tea Set"},{"floor":26,"key":"Lantern"}],"event_choices":[{"cards_removed":["Strike_R"],"damage_healed":0,"gold_gain":0,"player_choice":"Card Removal","damage_taken":7,"max_hp_gain":0,"max_hp_loss":0,"event_name":"Golden Wing","floor":7,"gold_loss":0},{"damage_healed":0,"gold_gain":0,"player_choice":"Ignored","damage_taken":0,"max_hp_gain":0,"max_hp_loss":0,"event_name":"Liars Game","floor":11,"gold_loss":0},{"damage_healed":0,"gold_gain":0,"player_choice":"Entered Light","damage_taken":16,"max_hp_gain":0,"max_hp_loss":0,"event_name":"Shining Light","floor":14,"gold_loss":0,"cards_upgraded":["Defend_R","Strike_R"]},{"damage_healed":0,"gold_gain":0,"player_choice":"Leave","damage_taken":0,"max_hp_gain":0,"max_hp_loss":0,"event_name":"FaceTrader","floor":19,"gold_loss":0},{"damage_healed":0,"gold_gain":0,"player_choice":"Forge","damage_taken":0,"max_hp_gain":0,"max_hp_loss":0,"event_name":"Accursed Blacksmith","floor":22,"gold_loss":0,"cards_upgraded":["Demon Form"]}],"is_beta":false,"boss_relics":[{"not_picked":["Runic Dome","Black Blood"],"picked":"Ectoplasm"}],"items_purged_floors":[5],"is_endless":false,"potions_floor_spawned":[3,4,10,16,20,24,25],"killed_by":"Gremlin Leader","ascension_level":0}