{"gold_per_floor":[367,442,442,442,462,490,509,509,535,556,556,609,621,216,216,314,314,324,324,224,241,256,256,275,293,293,293,321,348,376,388,400,513,525,554,566,632,441,458,487,487,79,79,98,115,131,149,149,149,149],"floor_reached":50,"playtime":1928,"items_purged":["Strike_R","Strike_R","Cleave","Entrench+1"],"score":569,"play_id":"84bb59f5-a456-41d8-9c39-89965b341630","local_time":"20190420185856","is_ascension_mode":false,"campfire_choices":[{"data":"Uppercut","floor":8,"key":"SMITH"},{"floor":11,"key":"REST"},{"data":"Whirlwind","floor":15,"key":"SMITH"},{"data":"Entrench","floor":23,"key":"SMITH"},{"data":"Body Slam","floor":27,"key":"SMITH"},{"data":"Entrench","floor":32,"key":"SMITH"},{"data":"Flame Barrier","floor":41,"key":"SMITH"},{"data":"Heavy Blade","floor":49,"key":"SMITH"}],"neow_cost":"CURSE","seed_source_timestamp":1079098079625099,"circlet_count":0,"master_deck":["Defend_R","Defend_R","Defend_R","Defend_R","Bash","Uppercut+1","Flame Barrier+1","Shrug It Off","Whirlwind+1","Entrench+1","True Grit","Disarm","Body Slam+1","Shrug It Off+1","Limit Break+1","Disarm+1","Thunderclap+1","Heavy Blade+1","Battle Trance","Flex+1"],"relics":["Burning Blood","Orichalcum","Dream Catcher","Odd Mushroom","Centennial Puzzle","Chemical X","Coffee Dripper","Pear","MawBank","Astrolabe","Charon\u0027s Ashes","Bottled Lightning","Cauldron","Torii"],"potions_floor_usage":[10,18,28,28,33,37,37,40,47,47,47,50,50],"damage_taken":[{"damage":4,"enemies":"2 Louse","floor":1,"turns":4},{"damage":1,"enemies":"Jaw Worm","floor":5,"turns":3},{"damage":40,"enemies":"Lagavulin","floor":6,"turns":8},{"damage":0,"enemies":"Cultist","floor":7,"turns":4},{"damage":10,"enemies":"The Mushroom Lair","floor":10,"turns":4},{"damage":4,"enemies":"3 Louse","floor":13,"turns":3},{"damage":19,"enemies":"Slime Boss","floor":16,"turns":6},{"damage":0,"enemies":"3 Byrds","floor":18,"turns":3},{"damage":2,"enemies":"Chosen","floor":21,"turns":5},{"damage":10,"enemies":"Snake Plant","floor":22,"turns":6},{"damage":25,"enemies":"Sentry and Sphere","floor":24,"turns":8},{"damage":6,"enemies":"Shelled Parasite and Fungi","floor":25,"turns":4},{"damage":2,"enemies":"Book of Stabbing","floor":28,"turns":2},{"damage":0,"enemies":"3 Cultists","floor":29,"turns":4},{"damage":6,"enemies":"Snake Plant","floor":30,"turns":5},{"damage":46,"enemies":"Automaton","floor":33,"turns":12},{"damage":15,"enemies":"3 Darklings","floor":35,"turns":5},{"damage":50,"enemies":"2 Orb Walkers","floor":37,"turns":5},{"damage":0,"enemies":"Orb Walker","floor":39,"turns":3},{"damage":23,"enemies":"Nemesis","floor":40,"turns":9},{"damage":0,"enemies":"4 Shapes","floor":44,"turns":2},{"damage":1,"enemies":"Writhing Mass","floor":45,"turns":9},{"damage":1,"enemies":"Spire Growth","floor":46,"turns":3},{"damage":0,"enemies":"Transient","floor":47,"turns":5},{"damage":72,"enemies":"Donu and Deca","floor":50,"turns":7}],"seed_played":"-8087392450115607662","potions_obtained":[{"floor":1,"key":"Fruit Juice"},{"floor":6,"key":"BloodPotion"},{"floor":13,"key":"SteroidPotion"},{"floor":16,"key":"Energy Potion"},{"floor":18,"key":"Regen Potion"},{"floor":21,"key":"Block Potion"},{"floor":28,"key":"AttackPotion"},{"floor":30,"key":"FearPotion"},{"floor":37,"key":"AttackPotion"},{"floor":40,"key":"Regen Potion"},{"floor":42,"key":"Strength Potion"},{"floor":42,"key":"Strength Potion"},{"floor":42,"key":"Energy Potion"},{"floor":48,"key":"Fruit Juice"},{"floor":48,"key":"Fire Potion"},{"floor":48,"key":"SmokeBomb"}],"is_trial":false,"path_per_floor":["M","?","?","?","M","E","M","R","T","?","R","T","M","$","R","B",null,"M","?","$","M","M","R","M","M","T","R","E","M","M","$","R","B",null,"M","?","?","$","M","E","R","$","T","M","M","M","M","?","R","B"],"character_chosen":"IRONCLAD","items_purchased":["Entrench","Chemical X","True Grit","Battle Trance","Cauldron","SteroidPotion"],"campfire_rested":1,"item_purchase_floors":[14,14,14,38,42,42],"current_hp_per_floor":[80,69,53,53,58,24,30,30,30,33,56,56,58,58,58,45,77,82,82,82,85,81,81,65,65,75,75,82,91,91,91,91,54,107,98,98,54,54,60,43,43,43,43,49,54,59,65,65,65,0],"gold":149,"neow_bonus":"TWO_FIFTY_GOLD","is_prod":false,"is_daily":false,"chose_seed":false,"campfire_upgraded":7,"win_rate":0,"timestamp":1555775936,"path_taken":["M","?","?","?","M","E","M","R","T","?","R","?","?","$","R","BOSS","M","?","$","M","M","R","M","M","T","R","E","M","?","$","R","BOSS","M","?","?","$","M","E","R","$","T","M","M","M","M","?","R","BOSS"],"build_version":"2019-01-23","purchased_purges":4,"victory":false,"max_hp_per_floor":[80,80,80,77,77,77,77,77,77,77,77,77,77,77,77,77,77,82,82,82,85,85,85,88,88,98,98,101,104,104,104,104,107,107,107,107,107,107,107,107,107,107,107,107,107,107,107,107,107,112],"card_choices":[{"not_picked":["Pommel Strike","Reckless Charge"],"picked":"Cleave","floor":1},{"not_picked":["Flex","Shockwave"],"picked":"Uppercut","floor":5},{"not_picked":["True Grit","Seeing Red"],"picked":"Flame Barrier","floor":6},{"not_picked":["Dropkick","Combust"],"picked":"Shrug It Off","floor":7},{"not_picked":["Pummel","Clothesline"],"picked":"Whirlwind","floor":13},{"not_picked":["Brutality","Exhume"],"picked":"Feed","floor":16},{"not_picked":["Iron Wave","Flex"],"picked":"Disarm","floor":18},{"not_picked":["Warcry","Cleave"],"picked":"Body Slam","floor":21},{"not_picked":["Thunderclap","Clash","Flex"],"picked":"SKIP","floor":22},{"not_picked":["Iron Wave","Sword Boomerang","True Grit"],"picked":"SKIP","floor":24},{"not_picked":["Fire Breathing","Sword Boomerang+1","Corruption"],"picked":"SKIP","floor":25},{"not_picked":["Headbutt+1","Thunderclap","Intimidate"],"picked":"SKIP","floor":28},{"not_picked":["Reckless Charge","Blood for Blood","Clash"],"picked":"SKIP","floor":29},{"not_picked":["Sever Soul","Havoc"],"picked":"Shrug It Off+1","floor":30},{"not_picked":["Power Through+1","Sentinel+1","Rupture+1"],"picked":"SKIP","floor":35},{"not_picked":["Feel No Pain+1","Warcry"],"picked":"Heavy Blade","floor":37},{"not_picked":["Shrug It Off","Thunderclap"],"picked":"Flex+1","floor":39},{"not_picked":["Dual Wield","Armaments","Hemokinesis+1"],"picked":"SKIP","floor":40},{"not_picked":["Disarm","Cleave+1","Power Through"],"picked":"SKIP","floor":44},{"not_picked":["Armaments","Body Slam+1","Anger"],"picked":"SKIP","floor":45},{"not_picked":["Sever Soul","Fire Breathing","Power Through"],"picked":"SKIP","floor":46},{"not_picked":["Thunderclap+1","Flex","Blood for Blood+1"],"picked":"SKIP","floor":47}],"player_experience":1207036,"relics_obtained":[{"floor":6,"key":"Orichalcum"},{"floor":9,"key":"Dream Catcher"},{"floor":10,"key":"Odd Mushroom"},{"floor":12,"key":"Centennial Puzzle"},{"floor":26,"key":"Pear"},{"floor":28,"key":"MawBank"},{"floor":37,"key":"Charon\u0027s Ashes"},{"floor":40,"key":"Bottled Lightning"},{"floor":43,"key":"Torii"}],"event_choices":[{"damage_healed":0,"gold_gain":75,"player_choice":"Gather Gold","damage_taken":11,"max_hp_gain":0,"max_hp_loss":0,"event_name":"World of Goop","floor":2,"gold_loss":0},{"damage_healed":0,"gold_gain":0,"player_choice":"Entered Light","damage_taken":16,"max_hp_gain":0,"max_hp_loss":0,"event_name":"Shining Light","floor":3,"gold_loss":0,"cards_upgraded":["Strike_R","Strike_R"]},{"cards_removed":["Parasite"],"damage_healed":0,"gold_gain":0,"player_choice":"Forget","damage_taken":0,"max_hp_gain":0,"max_hp_loss":0,"event_name":"Living Wall","floor":4,"gold_loss":0},{"damage_healed":0,"gold_gain":0,"player_choice":"Fought Mushrooms","damage_taken":0,"max_hp_gain":0,"max_hp_loss":0,"event_name":"Mushrooms","floor":10,"gold_loss":0},{"damage_healed":0,"gold_gain":0,"player_choice":"Copied","damage_taken":0,"max_hp_gain":0,"max_hp_loss":0,"event_name":"Duplicator","floor":19,"gold_loss":0,"cards_obtained":["Entrench"]},{"cards_removed":["Feed"],"damage_healed":0,"gold_gain":0,"player_choice":"Removed Attack","damage_taken":0,"max_hp_gain":0,"max_hp_loss":0,"event_name":"Falling","floor":36,"gold_loss":0},{"damage_healed":0,"gold_gain":0,"player_choice":"Fight","damage_taken":0,"max_hp_gain":0,"max_hp_loss":0,"event_name":"Mysterious Sphere","floor":37,"gold_loss":0},{"damage_healed":0,"gold_gain":0,"player_choice":"Got Potions","damage_taken":0,"max_hp_gain":0,"max_hp_loss":0,"event_name":"Lab","floor":48,"gold_loss":0}],"is_beta":false,"boss_relics":[{"not_picked":["Eternal Feather","Sozu"],"picked":"Coffee Dripper"},{"not_picked":["Fusion Hammer","Black Star"],"picked":"Astrolabe"}],"items_purged_floors":[14,20,38,42],"is_endless":false,"potions_floor_spawned":[1,6,13,16,18,21,28,30,37,40,46],"killed_by":"Donu and Deca","ascension_level":0}