{"gold_per_floor":[109,2,2,15,15,48,61,61,86,111,121,153,28,56,56,128,128,139,139,35,35,35,60,60,34,59,59,78,108,143,154,154,233,233,251,251,271,493,453,453,23,23,23,23,23,43,43,43],"floor_reached":48,"playtime":2053,"items_purged":["Strike_R","Strike_R"],"score":1080,"play_id":"6c802b40-0faf-4f80-a2f8-6f42efe694ac","local_time":"20190501124248","is_ascension_mode":true,"campfire_choices":[{"data":"Armaments","floor":8,"key":"SMITH"},{"floor":15,"key":"REST"},{"data":"Limit Break","floor":24,"key":"SMITH"},{"data":"Barricade","floor":27,"key":"SMITH"},{"data":"Inflame","floor":32,"key":"SMITH"},{"floor":40,"key":"REST"},{"data":"Corruption","floor":42,"key":"SMITH"},{"floor":47,"key":"REST"}],"neow_cost":"NONE","seed_source_timestamp":709891659956900,"circlet_count":0,"master_deck":["AscendersBane","Strike_R","Strike_R","Defend_R","Defend_R+1","Defend_R","Defend_R","Bash","Whirlwind","Armaments+1","Whirlwind","Burning Pact","Battle Trance","Seeing Red","Shrug It Off","Inflame+1","Thunderclap","Disarm","Limit Break+1","Shockwave","Barricade+1","Shrug It Off","Havoc","J.A.X.+1","Shrug It Off","Clothesline+1","Iron Wave+1","Reaper","Corruption+1","Entrench","Flame Barrier","Disarm"],"relics":["Burning Blood","NeowsBlessing","Bronze Scales","Bag of Preparation","Lantern","Bag of Marbles","Dream Catcher","Art of War","Velvet Choker","Paper Frog","War Paint","Meat on the Bone","Red Mask","Black Star","Strange Spoon"],"potions_floor_usage":[10,12,37],"damage_taken":[{"damage":0,"enemies":"2 Louse","floor":1,"turns":1},{"damage":0,"enemies":"Cultist","floor":4,"turns":1},{"damage":0,"enemies":"Gremlin Nob","floor":6,"turns":1},{"damage":7,"enemies":"Jaw Worm","floor":7,"turns":2},{"damage":22,"enemies":"3 Sentries","floor":10,"turns":7},{"damage":3,"enemies":"Blue Slaver","floor":11,"turns":3},{"damage":35,"enemies":"Lagavulin","floor":12,"turns":6},{"damage":31,"enemies":"Gremlin Nob","floor":14,"turns":4},{"damage":15,"enemies":"The Guardian","floor":16,"turns":13},{"damage":21,"enemies":"Shell Parasite","floor":18,"turns":3},{"damage":3,"enemies":"Gremlin Leader","floor":23,"turns":4},{"damage":0,"enemies":"Spheric Guardian","floor":28,"turns":3},{"damage":17,"enemies":"Book of Stabbing","floor":29,"turns":4},{"damage":7,"enemies":"Masked Bandits","floor":30,"turns":2},{"damage":5,"enemies":"Centurion and Healer","floor":31,"turns":2},{"damage":53,"enemies":"Automaton","floor":33,"turns":8},{"damage":44,"enemies":"Orb Walker","floor":35,"turns":6},{"damage":35,"enemies":"3 Darklings","floor":37,"turns":5},{"damage":48,"enemies":"Sphere and 2 Shapes","floor":46,"turns":9},{"damage":83,"enemies":"Transient","floor":48,"turns":5}],"seed_played":"6607117669482922181","potions_obtained":[{"floor":1,"key":"AttackPotion"},{"floor":10,"key":"SpeedPotion"},{"floor":14,"key":"Poison Potion"},{"floor":16,"key":"Fire Potion"},{"floor":18,"key":"Weak Potion"},{"floor":35,"key":"SteroidPotion"}],"is_trial":false,"path_per_floor":["M","$","?","M","?","E","M","R","T","E","M","E","$","E","R","B",null,"M","?","$","?","?","E","R","$","T","R","M","E","?","M","R","B",null,"M","?","M","?","$","R","$","R","T","?","$","M","R","M"],"character_chosen":"IRONCLAD","items_purchased":["Fire Potion","Armaments","Shrug It Off","Inflame","Havoc","Shrug It Off","Entrench","Strange Spoon","Flame Barrier","Disarm"],"campfire_rested":3,"item_purchase_floors":[2,2,13,13,20,25,39,41,41,41],"current_hp_per_floor":[74,74,63,69,69,75,74,74,74,58,61,32,32,7,29,20,61,46,46,46,46,46,49,49,49,49,49,55,44,55,56,56,21,62,36,36,19,19,19,41,41,41,41,41,41,34,56,0],"gold":43,"neow_bonus":"THREE_ENEMY_KILL","is_prod":false,"is_daily":false,"chose_seed":false,"campfire_upgraded":5,"win_rate":0,"timestamp":1556703768,"path_taken":["M","$","?","M","?","E","M","R","T","E","M","E","$","E","R","BOSS","M","?","$","?","?","E","R","?","T","R","?","E","?","M","R","BOSS","M","?","M","?","$","R","$","R","T","?","?","?","R","M"],"build_version":"2019-01-23","purchased_purges":2,"victory":false,"max_hp_per_floor":[75,75,75,75,75,75,75,75,75,75,75,75,75,75,75,75,75,75,75,75,75,75,75,75,75,75,75,75,75,75,75,75,75,75,75,75,75,75,75,75,75,75,75,75,75,75,75,75],"card_choices":[{"not_picked":["Body Slam","Intimidate"],"picked":"Whirlwind","floor":1},{"not_picked":["Sword Boomerang","Warcry"],"picked":"Headbutt","floor":4},{"not_picked":["Brutality","Pommel Strike"],"picked":"Whirlwind","floor":6},{"not_picked":["Infernal Blade","Armaments","Dual Wield"],"picked":"SKIP","floor":7},{"not_picked":["Sentinel","Thunderclap"],"picked":"Burning Pact","floor":10},{"not_picked":["Second Wind","Clash"],"picked":"Battle Trance","floor":11},{"not_picked":["Clash","Flex"],"picked":"Seeing Red","floor":12},{"not_picked":["Rupture","Cleave"],"picked":"Thunderclap","floor":14},{"not_picked":["Pommel Strike","Clash"],"picked":"Disarm","floor":15},{"not_picked":["Dark Embrace","Bludgeon"],"picked":"Limit Break","floor":16},{"not_picked":["Warcry","Pommel Strike"],"picked":"Shockwave","floor":18},{"not_picked":["Flex","Cleave","Warcry"],"picked":"SKIP","floor":23},{"not_picked":["True Grit","Iron Wave"],"picked":"Clothesline+1","floor":28},{"not_picked":["Reckless Charge","Perfected Strike","Barricade"],"picked":"SKIP","floor":29},{"not_picked":["Wild Strike","Clash"],"picked":"Iron Wave+1","floor":30},{"not_picked":["Bloodletting","Burning Pact+1","Dual Wield+1"],"picked":"SKIP","floor":31},{"not_picked":["Feed","Impervious"],"picked":"Reaper","floor":33},{"not_picked":["Wild Strike","Armaments","Fire Breathing"],"picked":"SKIP","floor":35},{"not_picked":["Shrug It Off+1","Perfected Strike+1"],"picked":"Corruption","floor":37},{"not_picked":["Searing Blow+1","Iron Wave","Twin Strike"],"picked":"SKIP","floor":46}],"player_experience":1272676,"relics_obtained":[{"floor":6,"key":"Bag of Preparation"},{"floor":9,"key":"Lantern"},{"floor":10,"key":"Bag of Marbles"},{"floor":12,"key":"Dream Catcher"},{"floor":14,"key":"Art of War"},{"floor":23,"key":"Paper Frog"},{"floor":26,"key":"War Paint"},{"floor":29,"key":"Meat on the Bone"},{"floor":30,"key":"Red Mask"}],"event_choices":[{"damage_healed":0,"gold_gain":0,"player_choice":"Success","damage_taken":11,"relics_obtained":["Bronze Scales"],"max_hp_gain":0,"max_hp_loss":0,"event_name":"Scrap Ooze","floor":3,"gold_loss":0},{"cards_removed":["Strike_R"],"damage_healed":0,"gold_gain":0,"player_choice":"Purged","damage_taken":0,"max_hp_gain":0,"max_hp_loss":0,"event_name":"Purifier","floor":5,"gold_loss":0},{"damage_healed":0,"gold_gain":0,"player_choice":"2 cards matched","damage_taken":0,"max_hp_gain":0,"max_hp_loss":0,"event_name":"Match and Keep!","floor":19,"gold_loss":0,"cards_obtained":["Barricade","Shrug It Off"]},{"damage_healed":0,"gold_gain":0,"player_choice":"Obtain J.A.X.","damage_taken":0,"max_hp_gain":0,"max_hp_loss":0,"event_name":"Drug Dealer","floor":21,"gold_loss":0,"cards_obtained":["J.A.X."]},{"damage_healed":0,"gold_gain":0,"player_choice":"Ignored","damage_taken":0,"max_hp_gain":0,"max_hp_loss":0,"event_name":"The Mausoleum","floor":22,"gold_loss":0},{"damage_healed":0,"gold_gain":0,"player_choice":"Fought Bandits","damage_taken":0,"max_hp_gain":0,"max_hp_loss":0,"event_name":"Masked Bandits","floor":30,"gold_loss":0},{"damage_healed":0,"gold_gain":0,"player_choice":"Ignored","damage_taken":0,"max_hp_gain":0,"max_hp_loss":0,"event_name":"Mysterious Sphere","floor":36,"gold_loss":0},{"damage_healed":0,"gold_gain":222,"player_choice":"Wore Mask","damage_taken":0,"max_hp_gain":0,"max_hp_loss":0,"event_name":"Tomb of Lord Red Mask","floor":38,"gold_loss":0},{"cards_removed":["Headbutt"],"damage_healed":0,"gold_gain":0,"player_choice":"Removed Attack","damage_taken":0,"max_hp_gain":0,"max_hp_loss":0,"event_name":"Falling","floor":44,"gold_loss":0}],"is_beta":false,"boss_relics":[{"not_picked":["Runic Cube","Astrolabe"],"picked":"Velvet Choker"},{"not_picked":["Calling Bell","Lizard Tail"],"picked":"Black Star"}],"items_purged_floors":[20,41],"is_endless":false,"potions_floor_spawned":[1,10,14,16,18,30,35],"killed_by":"Transient","ascension_level":20}