{"gold_per_floor":[110,123,141,30,44,44,65,93,93,93,43,70,70,70,70,174,174,189,39,49,49,68,68,102,102,126,126,126,139,139,172,172,276,276,292,309,309,249,266,296,296,306,331,261,261,278,161,173,173,173],"floor_reached":51,"playtime":2052,"items_purged":["Strike_R"],"score":845,"play_id":"399af429-496b-48b8-a306-1aafdf1c61f1","local_time":"20191008175056","is_ascension_mode":true,"campfire_choices":[{"data":"Bash","floor":6.0,"key":"SMITH"},{"data":"Metallicize","floor":10.0,"key":"SMITH"},{"data":"Disarm","floor":13.0,"key":"SMITH"},{"data":"Spot Weakness","floor":15.0,"key":"SMITH"},{"floor":23,"key":"REST"},{"data":"Strike_R+1","floor":27,"key":"PURGE"},{"data":"Strike_R+1","floor":32,"key":"PURGE"},{"data":"Fire Breathing+1","floor":41,"key":"PURGE"},{"data":"Metallicize+1","floor":49,"key":"PURGE"}],"neow_cost":"NONE","seed_source_timestamp":0,"circlet_count":0,"master_deck":["Defend_R+1","Defend_R+1","Defend_R+1","Defend_R+1","Bash+1","Sword Boomerang+1","Shrug It Off+1","Spot Weakness+1","Metallicize+1","Twin Strike+1","Disarm+1","Shrug It Off+1","Metallicize+1","Pommel Strike+1","Headbutt+1","Flex+1","Clothesline+1","Metallicize+1","Disarm","Twin Strike+1","Demon Form+1","Whirlwind+1","Heavy Blade+1","Shrug It Off","Uppercut+1"],"special_seed":0,"relics":["Burning Blood","War Paint","Odd Mushroom","PreservedInsect","Frozen Egg 2","CaptainsWheel","Mummified Hand","Fusion Hammer","Bag of Preparation","Peace Pipe","Vajra","Eternal Feather","Molten Egg 2","Sozu","Mark of the Bloom","Dodecahedron","Bronze Scales"],"potions_floor_usage":[33,33,46,50],"damage_taken":[{"damage":3.0,"enemies":"Jaw Worm","floor":1.0,"turns":4.0},{"damage":6.0,"enemies":"2 Louse","floor":2.0,"turns":4.0},{"damage":0.0,"enemies":"Small Slimes","floor":3.0,"turns":4.0},{"damage":2.0,"enemies":"Exordium Wildlife","floor":5.0,"turns":5.0},{"damage":18.0,"enemies":"The Mushroom Lair","floor":7.0,"turns":4.0},{"damage":22.0,"enemies":"Gremlin Nob","floor":8.0,"turns":4.0},{"damage":12.0,"enemies":"Lagavulin","floor":12.0,"turns":7.0},{"damage":6.0,"enemies":"Hexaghost","floor":16.0,"turns":9.0},{"damage":2,"enemies":"Spheric Guardian","floor":18,"turns":4},{"damage":3,"enemies":"2 Thieves","floor":20,"turns":4},{"damage":0,"enemies":"Cultist and Chosen","floor":22,"turns":5},{"damage":8,"enemies":"Gremlin Leader","floor":24,"turns":8},{"damage":2,"enemies":"Centurion and Healer","floor":29,"turns":4},{"damage":27,"enemies":"Slavers","floor":31,"turns":4},{"damage":7,"enemies":"Champ","floor":33,"turns":11},{"damage":0,"enemies":"Orb Walker","floor":35,"turns":3},{"damage":16,"enemies":"3 Darklings","floor":36,"turns":6},{"damage":0,"enemies":"Maw","floor":39,"turns":8},{"damage":0,"enemies":"Giant Head","floor":40,"turns":6},{"damage":3,"enemies":"Transient","floor":42,"turns":5},{"damage":2,"enemies":"Jaw Worm Horde","floor":46,"turns":4},{"damage":0,"enemies":"Maw","floor":48,"turns":6},{"damage":30,"enemies":"Awakened One","floor":50,"turns":8}],"seed_played":"-2872091278571825855","potions_obtained":[{"floor":1.0,"key":"FearPotion"},{"floor":12.0,"key":"Swift Potion"},{"floor":16.0,"key":"Dexterity Potion"},{"floor":18,"key":"Weak Potion"},{"floor":20,"key":"Energy Potion"},{"floor":30,"key":"SteroidPotion"},{"floor":33,"key":"Block Potion"}],"is_trial":false,"path_per_floor":["M","M","M","$","M","R","?","E","T","R","?","E","R","T","R","B",null,"M","$","M","?","M","R","E","?","T","R","T","M","?","E","R","B",null,"M","M","?","?","M","E","R","M","T","$","$","M","$","M","R","B",null],"character_chosen":"IRONCLAD","items_purchased":["Metallicize","Bag of Preparation","Metallicize+1","Shrug It Off","Uppercut+1"],"campfire_rested":1,"item_purchase_floors":[4,19,44,47,47],"current_hp_per_floor":[80,80,80,80,80,80,68,52,52,52,52,46,46,46,46,46,80,80,80,83,67,76,91,89,89,89,89,89,94,94,73,82,81,94,94,84,84,84,84,84,84,81,81,81,81,79,79,79,79,49],"gold":173,"neow_bonus":"RANDOM_COMMON_RELIC","is_prod":false,"is_daily":false,"chose_seed":false,"campfire_upgraded":4,"win_rate":0,"timestamp":1570521056,"path_taken":["M","M","M","$","M","R","?","E","T","R","?","E","R","?","R","BOSS","M","$","M","?","M","R","E","?","T","R","?","M","?","E","R","BOSS","M","?","?","?","?","E","R","?","T","?","$","M","$","M","R","BOSS"],"build_version":"2019-10-07","purchased_purges":1,"victory":true,"max_hp_per_floor":[80,80,80,80,80,80,80,80,80,80,80,80,80,80,80,80,80,80,80,83,88,91,91,91,91,91,91,91,94,94,94,94,94,94,94,94,94,94,94,94,94,94,94,94,94,94,94,94,94,94],"card_choices":[{"not_picked":["Bloodletting","Thunderclap"],"picked":"Sword Boomerang","floor":1.0},{"not_picked":["Thunderclap","Anger"],"picked":"Shrug It Off","floor":2.0},{"not_picked":["Perfected Strike","Blood for Blood"],"picked":"Spot Weakness","floor":3.0},{"not_picked":["True Grit","Reckless Charge"],"picked":"Twin Strike","floor":5.0},{"not_picked":["Body Slam","Rupture"],"picked":"Disarm","floor":7.0},{"not_picked":["Perfected Strike","Second Wind"],"picked":"Shrug It Off","floor":8.0},{"not_picked":["Warcry","Second Wind","Ghostly Armor"],"picked":"SKIP","floor":12.0},{"not_picked":["Double Tap","Impervious"],"picked":"Feed","floor":16.0},{"not_picked":["True Grit","Carnage"],"picked":"Metallicize+1","floor":18},{"not_picked":["Clash","Ghostly Armor"],"picked":"Pommel Strike","floor":20},{"not_picked":["Dropkick+1","Entrench","Rupture+1"],"picked":"SKIP","floor":22},{"not_picked":["Juggernaut+1","Anger"],"picked":"Headbutt","floor":24},{"not_picked":["Fire Breathing+1","Body Slam","Warcry"],"picked":"SKIP","floor":29},{"not_picked":["Burning Pact+1","Heavy Blade"],"picked":"Flex","floor":31},{"not_picked":["Power Through+1","Body Slam+1"],"picked":"Clothesline+1","floor":35},{"not_picked":["Twin Strike+1","Iron Wave+1"],"picked":"Metallicize+1","floor":36},{"not_picked":["Flex","Warcry"],"picked":"Twin Strike+1","floor":39},{"not_picked":["Pommel Strike+1","Shrug It Off"],"picked":"Demon Form+1","floor":40},{"not_picked":["Thunderclap+1","Body Slam+1"],"picked":"Whirlwind+1","floor":42},{"not_picked":["Twin Strike+1","Sword Boomerang+1"],"picked":"Heavy Blade+1","floor":46},{"not_picked":["Spot Weakness+1","Sword Boomerang+1","Shrug It Off"],"picked":"SKIP","floor":48}],"player_experience":23433,"relics_obtained":[{"floor":7.0,"key":"Odd Mushroom"},{"floor":8.0,"key":"PreservedInsect"},{"floor":9.0,"key":"Frozen Egg 2"},{"floor":12.0,"key":"CaptainsWheel"},{"floor":14.0,"key":"Mummified Hand"},{"floor":24,"key":"Peace Pipe"},{"floor":26,"key":"Vajra"},{"floor":28,"key":"Eternal Feather"},{"floor":31,"key":"Molten Egg 2"},{"floor":40,"key":"Dodecahedron"},{"floor":43,"key":"Bronze Scales"}],"event_choices":[{"damage_healed":0.0,"max_hp_gain":0.0,"max_hp_loss":0.0,"gold_gain":0.0,"event_name":"Mushrooms","player_choice":"Fought Mushrooms","floor":7.0,"gold_loss":0.0,"damage_taken":0.0},{"cards_removed":["Strike_R"],"damage_healed":0.0,"max_hp_gain":0.0,"max_hp_loss":0.0,"gold_gain":0.0,"event_name":"The Cleric","player_choice":"Card Removal","floor":11.0,"gold_loss":50.0,"damage_taken":0.0},{"damage_healed":0,"gold_gain":0,"player_choice":"Shed Blood","damage_taken":21,"max_hp_gain":5,"max_hp_loss":0,"event_name":"Forgotten Altar","floor":21,"gold_loss":0},{"damage_healed":0,"gold_gain":0,"player_choice":"Simplicity","damage_taken":0,"max_hp_gain":0,"max_hp_loss":0,"event_name":"Back to Basics","floor":25,"gold_loss":0,"cards_upgraded":["Strike_R","Strike_R","Strike_R","Defend_R","Defend_R"]},{"damage_healed":0,"gold_gain":0,"player_choice":"Got Potions","damage_taken":0,"max_hp_gain":0,"max_hp_loss":0,"event_name":"Lab","floor":30,"gold_loss":0},{"damage_healed":0,"gold_gain":0,"player_choice":"Upgrade","damage_taken":0,"relics_obtained":["Mark of the Bloom"],"max_hp_gain":0,"max_hp_loss":0,"event_name":"MindBloom","floor":37,"gold_loss":0,"cards_upgraded":["Sword Boomerang","Shrug It Off","Twin Strike","Shrug It Off","Feed","Pommel Strike","Headbutt","Flex"]},{"damage_healed":0,"gold_gain":0,"cards_transformed":["Strike_R","Feed"],"player_choice":"Transformed Cards","damage_taken":0,"max_hp_gain":0,"max_hp_loss":0,"event_name":"Designer","floor":38,"gold_loss":60,"cards_obtained":["Disarm","Fire Breathing"]}],"is_beta":true,"boss_relics":[{"not_picked":["Runic Dome","Black Blood"],"picked":"Fusion Hammer"},{"not_picked":["Snecko Eye","Black Star"],"picked":"Sozu"}],"items_purged_floors":[4],"is_endless":false,"potions_floor_spawned":[1,12,16,18,20,24,33,36,39,42],"ascension_level":2}