{"gold_per_floor":[111,111,125,50,68,102,102,132,158,176,176,176,209,226,226,297,297,313,588,24,37,37,37,51,51,105,136,136,236,236,236,236,236],"floor_reached":33,"playtime":1672,"items_purged":["Regret"],"score":534,"play_id":"9fd93b81-1655-45d4-a9cf-e0a6ae5e3bf2","local_time":"20191007213057","is_ascension_mode":true,"campfire_choices":[{"data":"Rampage","floor":7,"key":"SMITH"},{"floor":12,"key":"REST"},{"data":"Clothesline","floor":15,"key":"SMITH"},{"data":"Immolate","floor":23,"key":"SMITH"},{"floor":25,"key":"REST"},{"data":"Inflame","floor":28,"key":"SMITH"},{"floor":32,"key":"REST"}],"neow_cost":"NONE","seed_source_timestamp":43749791138852,"circlet_count":0,"master_deck":["AscendersBane","Strike_R","Strike_R","Strike_R","Strike_R","Defend_R","Defend_R","Defend_R","Defend_R","Bash+1","Rampage+1","Shockwave","Pommel Strike","Shrug It Off","Clothesline+1","Offering","Headbutt","Power Through","Burning Pact","Disarm","Headbutt","Feel No Pain","Immolate+1","Feel No Pain","Inflame+1","Sentinel","Feel No Pain","Seeing Red+1","Offering"],"relics":["Burning Blood","NeowsBlessing","Regal Pillow","Bag of Preparation","Vajra","Magic Flower","Centennial Puzzle","Orrery","Paper Frog","Lantern","Juzu Bracelet","Ginger","Pantograph","Enchiridion"],"potions_floor_usage":[10,13,27,27,33],"damage_taken":[{"damage":0,"enemies":"Small Slimes","floor":1,"turns":1},{"damage":0,"enemies":"2 Louse","floor":3,"turns":1},{"damage":0,"enemies":"Jaw Worm","floor":5,"turns":1},{"damage":24,"enemies":"Gremlin Nob","floor":6,"turns":4},{"damage":20,"enemies":"Lagavulin","floor":8,"turns":7},{"damage":5,"enemies":"Gremlin Gang","floor":10,"turns":5},{"damage":8,"enemies":"Gremlin Nob","floor":13,"turns":3},{"damage":9,"enemies":"Blue Slaver","floor":14,"turns":4},{"damage":51,"enemies":"Slime Boss","floor":16,"turns":12},{"damage":25,"enemies":"Spheric Guardian","floor":18,"turns":4},{"damage":9,"enemies":"Chosen","floor":21,"turns":3},{"damage":13,"enemies":"Centurion and Healer","floor":24,"turns":7},{"damage":24,"enemies":"Slavers","floor":27,"turns":4},{"damage":11,"enemies":"Colosseum Slavers","floor":29,"turns":2},{"damage":10,"enemies":"Colosseum Nobs","floor":29,"turns":3},{"damage":79,"enemies":"Champ","floor":33,"turns":8}],"seed_played":"1367265960563761249","potions_obtained":[{"floor":5,"key":"EssenceOfSteel"},{"floor":6,"key":"Swift Potion"},{"floor":10,"key":"EssenceOfSteel"},{"floor":24,"key":"Strength Potion"},{"floor":29,"key":"Swift Potion"}],"is_trial":false,"path_per_floor":["M","?","M","?","M","E","R","E","T","M","?","R","E","M","R","B",null,"M","?","$","M","?","R","M","R","T","E","R","?","?","?","R","B"],"character_chosen":"IRONCLAD","items_purchased":["Paper Frog","Immolate","Feel No Pain"],"campfire_rested":3,"item_purchase_floors":[20,20,20],"current_hp_per_floor":[74,74,75,75,75,57,57,43,43,44,26,63,64,64,64,22,62,46,46,46,46,46,46,42,75,75,60,60,57,57,36,73,0],"gold":236,"neow_bonus":"THREE_ENEMY_KILL","is_prod":false,"is_daily":false,"chose_seed":false,"campfire_upgraded":4,"win_rate":0,"timestamp":1570476657,"path_taken":["M","?","M","?","?","E","R","E","T","?","?","R","E","M","R","BOSS","M","?","$","?","?","R","M","R","T","E","R","?","?","?","R","BOSS"],"build_version":"2019-07-17","purchased_purges":1,"victory":false,"max_hp_per_floor":[75,75,75,75,75,75,75,75,75,75,75,75,75,75,75,75,75,75,75,75,75,75,75,75,75,75,75,75,75,75,75,75,75],"card_choices":[{"not_picked":["Armaments","Thunderclap","Body Slam"],"picked":"SKIP","floor":1},{"not_picked":["Second Wind","Bloodletting"],"picked":"Rampage","floor":3},{"not_picked":["Armaments","Clash"],"picked":"Shockwave","floor":5},{"not_picked":["Bloodletting","Spot Weakness"],"picked":"Pommel Strike","floor":6},{"not_picked":["Barricade","Perfected Strike","Clash"],"picked":"SKIP","floor":8},{"not_picked":["Barricade","Perfected Strike","Clash"],"picked":"SKIP","floor":8},{"not_picked":["Clothesline","Combust"],"picked":"Shrug It Off","floor":10},{"not_picked":["Anger","Sword Boomerang"],"picked":"Clothesline","floor":13},{"not_picked":["Pommel Strike","Anger","Havoc"],"picked":"SKIP","floor":14},{"not_picked":["Impervious","Berserk"],"picked":"Offering","floor":16},{"not_picked":["Thunderclap","Pummel"],"picked":"Headbutt","floor":17},{"not_picked":["Rampage","Sever Soul"],"picked":"Power Through","floor":17},{"not_picked":["Clothesline","Iron Wave"],"picked":"Burning Pact","floor":17},{"not_picked":["Carnage","Rampage"],"picked":"Disarm","floor":17},{"not_picked":["Thunderclap","Sword Boomerang"],"picked":"Headbutt","floor":17},{"not_picked":["Rupture","Shockwave+1"],"picked":"Feel No Pain","floor":18},{"not_picked":["Blood for Blood","Pommel Strike","Cleave+1"],"picked":"SKIP","floor":21},{"not_picked":["Flex","Sentinel","Wild Strike"],"picked":"SKIP","floor":24},{"not_picked":["Flex","Wild Strike"],"picked":"Sentinel","floor":24},{"not_picked":["Burning Pact","Reckless Charge+1"],"picked":"Feel No Pain","floor":27},{"not_picked":["Anger","Dual Wield"],"picked":"Seeing Red+1","floor":29}],"player_experience":1159420,"relics_obtained":[{"floor":6,"key":"Regal Pillow"},{"floor":8,"key":"Bag of Preparation"},{"floor":9,"key":"Vajra"},{"floor":13,"key":"Centennial Puzzle"},{"floor":26,"key":"Lantern"},{"floor":27,"key":"Juzu Bracelet"},{"floor":29,"key":"Ginger"},{"floor":29,"key":"Pantograph"},{"floor":31,"key":"Enchiridion"}],"event_choices":[{"damage_healed":0,"gold_gain":0,"player_choice":"Grow","damage_taken":0,"max_hp_gain":0,"max_hp_loss":0,"event_name":"Living Wall","floor":2,"gold_loss":0,"cards_upgraded":["Bash"]},{"cards_removed":["Strike_R"],"damage_healed":0,"gold_gain":0,"player_choice":"Card Removal","damage_taken":0,"max_hp_gain":0,"max_hp_loss":0,"event_name":"The Cleric","floor":4,"gold_loss":75},{"damage_healed":0,"gold_gain":0,"player_choice":"Success","damage_taken":18,"relics_obtained":["Magic Flower"],"max_hp_gain":0,"max_hp_loss":0,"event_name":"Scrap Ooze","floor":11,"gold_loss":0},{"damage_healed":0,"gold_gain":275,"player_choice":"Desecrate","damage_taken":0,"max_hp_gain":0,"max_hp_loss":0,"event_name":"Golden Shrine","floor":19,"gold_loss":0,"cards_obtained":["Regret"]},{"damage_healed":0,"gold_gain":0,"player_choice":"Read","damage_taken":0,"max_hp_gain":0,"max_hp_loss":0,"event_name":"The Library","floor":22,"gold_loss":0,"cards_obtained":["Inflame"]},{"damage_healed":0,"gold_gain":0,"player_choice":"Fight","damage_taken":0,"max_hp_gain":0,"max_hp_loss":0,"event_name":"Colosseum","floor":29,"gold_loss":0},{"damage_healed":0,"gold_gain":0,"player_choice":"Fought Nobs","damage_taken":0,"max_hp_gain":0,"max_hp_loss":0,"event_name":"Colosseum","floor":29,"gold_loss":0},{"damage_healed":0,"gold_gain":0,"player_choice":"Copied","damage_taken":0,"max_hp_gain":0,"max_hp_loss":0,"event_name":"Duplicator","floor":30,"gold_loss":0,"cards_obtained":["Offering"]},{"damage_healed":0,"gold_gain":0,"player_choice":"Obtained Book","damage_taken":21,"max_hp_gain":0,"max_hp_loss":0,"event_name":"Cursed Tome","floor":31,"gold_loss":0}],"is_beta":false,"boss_relics":[{"not_picked":["Eternal Feather","Black Blood"],"picked":"Orrery"}],"items_purged_floors":[20],"is_endless":false,"potions_floor_spawned":[5,6,10,24,29,29],"killed_by":"Champ","ascension_level":18}