{"gold_per_floor":[117,117,17,17,28,28,60,60,109,34,34,34,49,67,67,167,167,180,199,199,199,21,39,62,62,117,117,132,144,144,161,161,261,261,280,291,291,35,35,35,60,60,84,100,100,110,130,5,5,5],"floor_reached":51,"playtime":3672,"items_purged":["Regret","Scrape+1","Defend_B"],"score":1185,"play_id":"d7339467-3371-4e21-b09d-43071f830921","local_time":"20190331130557","is_ascension_mode":true,"campfire_choices":[{"data":"Zap","floor":6,"key":"SMITH"},{"data":"Barrage","floor":8,"key":"SMITH"},{"data":"Dualcast","floor":12,"key":"SMITH"},{"data":"Capacitor","floor":15,"key":"SMITH"},{"floor":25,"key":"REST"},{"data":"Machine Learning","floor":27,"key":"SMITH"},{"floor":30,"key":"REST"},{"data":"Defragment","floor":32,"key":"SMITH"},{"data":"Fusion","floor":40,"key":"SMITH"},{"data":"Chill","floor":42,"key":"SMITH"},{"data":"Buffer","floor":45,"key":"SMITH"},{"floor":49,"key":"REST"}],"neow_cost":"NONE","seed_source_timestamp":1129262357367300,"circlet_count":0,"master_deck":["AscendersBane","Defend_B","Defend_B","Defend_B","Dualcast+1","Capacitor+1","Coolheaded+1","Barrage+1","Blizzard","Machine Learning+1","Consume+1","Ball Lightning+1","Conserve Battery","Undo","Ghostly","Ghostly","Ghostly","Ghostly+1","Ghostly","Defragment+1","Redo+1","Turbo","Cold Snap","Coolheaded","Seek","Chill+1","Fusion+1","Buffer+1","Cold Snap"],"relics":["Cracked Core","NeowsBlessing","Matryoshka","Bag of Preparation","Omamori","Vajra","Boot","Astrolabe","DataDisk","War Paint","Potion Belt","Bronze Scales","Inserter","Happy Flower","Kunai","Lantern"],"potions_floor_usage":[33,33,50,50,50],"damage_taken":[{"damage":0,"enemies":"Jaw Worm","floor":1,"turns":1},{"damage":0,"enemies":"Small Slimes","floor":5,"turns":1},{"damage":0,"enemies":"Lagavulin","floor":7,"turns":1},{"damage":0,"enemies":"2 Louse","floor":13,"turns":1},{"damage":1,"enemies":"Looter","floor":14,"turns":2},{"damage":20,"enemies":"The Guardian","floor":16,"turns":12},{"damage":13,"enemies":"Shell Parasite","floor":18,"turns":7},{"damage":5,"enemies":"Chosen","floor":19,"turns":4},{"damage":34,"enemies":"Colosseum Slavers","floor":20,"turns":5},{"damage":0,"enemies":"Snake Plant","floor":23,"turns":7},{"damage":1,"enemies":"Snecko","floor":28,"turns":6},{"damage":8,"enemies":"3 Cultists","floor":29,"turns":6},{"damage":0,"enemies":"Shelled Parasite and Fungi","floor":31,"turns":8},{"damage":1,"enemies":"Champ","floor":33,"turns":17},{"damage":0,"enemies":"3 Darklings","floor":35,"turns":5},{"damage":0,"enemies":"3 Shapes","floor":36,"turns":6},{"damage":0,"enemies":"Reptomancer","floor":41,"turns":11},{"damage":0,"enemies":"Spire Growth","floor":44,"turns":11},{"damage":0,"enemies":"Writhing Mass","floor":46,"turns":12},{"damage":0,"enemies":"Sphere and 2 Shapes","floor":47,"turns":7},{"damage":0,"enemies":"Time Eater","floor":50,"turns":15}],"seed_played":"4968339442544325278","potions_obtained":[{"floor":1,"key":"FearPotion"},{"floor":5,"key":"Block Potion"},{"floor":14,"key":"SkillPotion"},{"floor":19,"key":"Energy Potion"},{"floor":28,"key":"PowerPotion"},{"floor":29,"key":"Explosive Potion"},{"floor":35,"key":"PowerPotion"},{"floor":41,"key":"FearPotion"},{"floor":46,"key":"FocusPotion"}],"is_trial":false,"path_per_floor":["M","?","$","?","M","R","E","R","T","$","?","R","M","M","R","B",null,"M","M","?","?","$","M","T","R","T","R","M","M","R","M","R","B",null,"M","M","?","$","?","R","E","R","T","M","R","M","M","$","R","B",null],"character_chosen":"DEFECT","items_purchased":["Coolheaded","Barrage","DataDisk","Defragment","Happy Flower"],"campfire_rested":3,"item_purchase_floors":[3,3,22,22,38],"current_hp_per_floor":[68,61,61,61,61,61,61,61,61,61,54,54,54,53,53,33,65,52,47,13,13,13,13,13,24,24,24,23,15,26,26,26,25,34,34,34,34,34,34,34,34,34,34,34,34,34,34,34,37,37],"gold":5,"neow_bonus":"THREE_ENEMY_KILL","is_prod":false,"is_daily":false,"chose_seed":false,"campfire_upgraded":9,"win_rate":0,"timestamp":1554026757,"path_taken":["M","?","$","?","M","R","E","R","T","$","?","R","M","M","R","BOSS","M","M","?","?","$","M","?","R","T","R","M","?","R","M","R","BOSS","M","M","?","$","?","R","E","R","T","M","R","M","?","$","R","BOSS"],"build_version":"2019-01-23","purchased_purges":3,"victory":true,"max_hp_per_floor":[75,75,75,75,75,75,75,75,75,75,75,75,75,75,75,75,75,75,75,75,37,37,37,37,37,37,37,37,37,37,37,37,37,37,37,37,37,37,37,37,37,37,37,37,37,37,37,37,37,37],"card_choices":[{"not_picked":["Stack","Reprogram"],"picked":"Capacitor","floor":1},{"not_picked":["Redo","Hello World","Gash"],"picked":"SKIP","floor":5},{"not_picked":["Barrage","Steam"],"picked":"Blizzard","floor":7},{"not_picked":["Stack","Skim","Hello World"],"picked":"SKIP","floor":13},{"not_picked":["Steam","Meteor Strike","Streamline"],"picked":"SKIP","floor":14},{"not_picked":["Multi-Cast","Meteor Strike"],"picked":"Machine Learning","floor":16},{"not_picked":["Leap","Hello World"],"picked":"Conserve Battery","floor":18},{"not_picked":["Steam","Streamline"],"picked":"Undo","floor":19},{"not_picked":["Beam Cell","Rebound"],"picked":"Redo+1","floor":23},{"not_picked":["Redo","Go for the Eyes+1"],"picked":"Turbo","floor":28},{"not_picked":["Rebound+1","Beam Cell"],"picked":"Cold Snap","floor":29},{"not_picked":["Skim","Creative AI"],"picked":"Coolheaded","floor":31},{"not_picked":["Machine Learning","Reboot"],"picked":"Seek","floor":33},{"not_picked":["Aggregate+1","Hello World"],"picked":"Chill","floor":35},{"not_picked":["Rebound","Streamline"],"picked":"Fusion","floor":36},{"not_picked":["Barrage+1","Stack","Genetic Algorithm"],"picked":"SKIP","floor":41},{"not_picked":["Aggregate+1","Streamline","Barrage"],"picked":"SKIP","floor":44},{"not_picked":["Beam Cell+1","Rebound"],"picked":"Cold Snap","floor":46},{"not_picked":["Streamline","Beam Cell","Hello World"],"picked":"SKIP","floor":47}],"player_experience":1078822,"relics_obtained":[{"floor":7,"key":"Omamori"},{"floor":9,"key":"Vajra"},{"floor":9,"key":"Boot"},{"floor":24,"key":"War Paint"},{"floor":24,"key":"Potion Belt"},{"floor":26,"key":"Bronze Scales"},{"floor":41,"key":"Kunai"},{"floor":43,"key":"Lantern"}],"event_choices":[{"damage_healed":0,"gold_gain":0,"player_choice":"Success","damage_taken":7,"relics_obtained":["Matryoshka"],"max_hp_gain":0,"max_hp_loss":0,"event_name":"Scrap Ooze","floor":2,"gold_loss":0},{"damage_healed":0,"gold_gain":0,"player_choice":"Box","damage_taken":0,"relics_obtained":["Bag of Preparation"],"max_hp_gain":0,"max_hp_loss":0,"event_name":"Big Fish","floor":4,"gold_loss":0,"cards_obtained":["Regret"]},{"cards_removed":["Strike_B"],"damage_healed":0,"gold_gain":0,"player_choice":"Card Removal","damage_taken":7,"max_hp_gain":0,"max_hp_loss":0,"event_name":"Golden Wing","floor":11,"gold_loss":0},{"damage_healed":0,"gold_gain":0,"player_choice":"Fight","damage_taken":0,"max_hp_gain":0,"max_hp_loss":0,"event_name":"Colosseum","floor":20,"gold_loss":0},{"damage_healed":0,"gold_gain":0,"player_choice":"Fled From Nobs","damage_taken":0,"max_hp_gain":0,"max_hp_loss":0,"event_name":"Colosseum","floor":20,"gold_loss":0},{"damage_healed":0,"gold_gain":0,"player_choice":"Became a Ghost","damage_taken":0,"max_hp_gain":0,"max_hp_loss":38,"event_name":"Ghosts","floor":21,"gold_loss":0,"cards_obtained":["Ghostly","Ghostly","Ghostly","Ghostly","Ghostly"]},{"cards_removed":["Zap"],"damage_healed":0,"gold_gain":0,"player_choice":"Removed Skill","damage_taken":0,"max_hp_gain":0,"max_hp_loss":0,"event_name":"Falling","floor":37,"gold_loss":0},{"damage_healed":0,"gold_gain":0,"player_choice":"1 cards matched","damage_taken":0,"max_hp_gain":0,"max_hp_loss":0,"event_name":"Match and Keep!","floor":39,"gold_loss":0,"cards_obtained":["Buffer"]}],"is_beta":false,"boss_relics":[{"not_picked":["Busted Crown","Tiny House"],"picked":"Astrolabe"},{"not_picked":["Calling Bell","Eternal Feather"],"picked":"Inserter"}],"items_purged_floors":[10,38,48],"is_endless":false,"potions_floor_spawned":[1,5,14,19,28,29,35,41,46],"ascension_level":12}