{"gold_per_floor":[113,113,38,38,38,38,65,65,90,105,131,144,42,42,42,144,194,206,223,223,223,223],"floor_reached":22,"playtime":769,"items_purged":["Strike_B"],"score":369,"play_id":"529ddc35-8584-4280-98bb-77013b0e66a1","local_time":"20190324205646","is_ascension_mode":true,"campfire_choices":[{"data":"Zap","floor":6,"key":"SMITH"},{"floor":15,"key":"REST"}],"neow_cost":"NONE","seed_source_timestamp":166440917367840,"circlet_count":0,"master_deck":["AscendersBane","Strike_B","Strike_B","Strike_B","Defend_B","Defend_B","Defend_B","Defend_B","Zap+1","Dualcast","BootSequence","Capacitor","Leap","Streamline","Electrodynamics","Hologram+1","Leap","Thunder Strike","Leap"],"relics":["Cracked Core","NeowsBlessing","Symbiotic Virus","Pen Nib","Bag of Marbles","Strawberry","StoneCalendar","Du-Vu Doll","Tiny House"],"potions_floor_usage":[16,22],"damage_taken":[{"damage":0,"enemies":"Cultist","floor":1,"turns":1},{"damage":0,"enemies":"Lagavulin","floor":7,"turns":1},{"damage":0,"enemies":"Small Slimes","floor":10,"turns":2},{"damage":46,"enemies":"Gremlin Nob","floor":11,"turns":5},{"damage":0,"enemies":"2 Louse","floor":12,"turns":1},{"damage":38,"enemies":"Slime Boss","floor":16,"turns":7},{"damage":16,"enemies":"3 Byrds","floor":18,"turns":4},{"damage":31,"enemies":"Spheric Guardian","floor":19,"turns":7},{"damage":10,"enemies":"Snake Plant","floor":22,"turns":2}],"seed_played":"4013616616588010306","potions_obtained":[{"floor":1,"key":"PowerPotion"},{"floor":11,"key":"Poison Potion"},{"floor":17,"key":"Ancient Potion"},{"floor":18,"key":"SpeedPotion"}],"is_trial":false,"path_per_floor":["M","T","$","?","?","R","E","$","T","M","E","M","$","?","R","B",null,"M","M","?","?","M"],"character_chosen":"DEFECT","items_purchased":["Capacitor","Leap"],"campfire_rested":1,"item_purchase_floors":[3,13],"current_hp_per_floor":[68,68,68,68,65,65,65,65,72,72,26,26,26,26,50,12,70,54,23,6,6,0],"gold":223,"neow_bonus":"THREE_ENEMY_KILL","is_prod":false,"is_daily":false,"chose_seed":false,"campfire_upgraded":1,"win_rate":0,"timestamp":1553428606,"path_taken":["M","?","?","?","?","R","E","?","T","M","E","?","$","?","R","BOSS","M","M","?","?","M"],"build_version":"2019-01-23","purchased_purges":1,"victory":false,"max_hp_per_floor":[75,75,75,75,75,75,75,75,82,82,82,82,82,82,82,82,87,87,87,92,92,92],"card_choices":[{"not_picked":["Steam","Chaos"],"picked":"BootSequence","floor":1},{"not_picked":["Compile Driver","Recycle"],"picked":"Leap","floor":7},{"not_picked":["Steam Power","Doom and Gloom"],"picked":"Streamline","floor":10},{"not_picked":["Coolheaded","FTL"],"picked":"Electrodynamics","floor":11},{"not_picked":["Ball Lightning","Reinforced Body"],"picked":"Hologram","floor":12},{"not_picked":["Creative AI","Meteor Strike"],"picked":"Thunder Strike","floor":16},{"not_picked":["Heatsinks","Redo"],"picked":"Leap","floor":17},{"not_picked":["Cold Snap","Sweeping Beam","Tempest"],"picked":"SKIP","floor":18},{"not_picked":["Storm","Steam","Go for the Eyes+1"],"picked":"SKIP","floor":19}],"player_experience":315304,"relics_obtained":[{"floor":2,"key":"Symbiotic Virus"},{"floor":7,"key":"Bag of Marbles"},{"floor":9,"key":"Strawberry"},{"floor":11,"key":"StoneCalendar"}],"event_choices":[{"damage_healed":0,"gold_gain":0,"player_choice":"Leave","damage_taken":0,"max_hp_gain":0,"max_hp_loss":0,"event_name":"The Cleric","floor":4,"gold_loss":0},{"damage_healed":0,"gold_gain":0,"player_choice":"Success","damage_taken":3,"relics_obtained":["Pen Nib"],"max_hp_gain":0,"max_hp_loss":0,"event_name":"Scrap Ooze","floor":5,"gold_loss":0},{"damage_healed":0,"gold_gain":0,"player_choice":"Searched \u00271\u0027 times","damage_taken":0,"relics_obtained":["Du-Vu Doll"],"max_hp_gain":0,"max_hp_loss":0,"event_name":"Dead Adventurer","floor":14,"gold_loss":0},{"damage_healed":0,"gold_gain":0,"player_choice":"Shed Blood","damage_taken":22,"max_hp_gain":5,"max_hp_loss":0,"event_name":"Forgotten Altar","floor":20,"gold_loss":0},{"damage_healed":0,"gold_gain":0,"player_choice":"Ignored","damage_taken":0,"max_hp_gain":0,"max_hp_loss":0,"event_name":"The Mausoleum","floor":21,"gold_loss":0}],"is_beta":false,"boss_relics":[{"not_picked":["White Beast Statue","Runic Dome"],"picked":"Tiny House"}],"items_purged_floors":[13],"is_endless":false,"potions_floor_spawned":[1,11,12,18],"killed_by":"Snake Plant","ascension_level":12}