{"gold_per_floor":[368,31,31,42,62,95,95,106,133,133,160,160,160,193,193,269,269,287,212,212,224,34,34,53,53,78,78,107,119,148,177,189,279,291,321,347,1358,1383,1395],"floor_reached":39,"playtime":2329,"items_purged":["Strike_R"],"score":863,"play_id":"a4d847cb-eba1-4b17-858c-f6769c1fd5ce","local_time":"20191005102037","is_ascension_mode":true,"campfire_choices":[{"data":"Armaments","floor":7,"key":"SMITH"},{"data":"Bash","floor":10,"key":"SMITH"},{"data":"Anger","floor":15,"key":"SMITH"},{"data":"Corruption","floor":23,"key":"SMITH"},{"data":"Fiend Fire","floor":25,"key":"SMITH"},{"data":"Anger","floor":27,"key":"SMITH"},{"data":"Dual Wield","floor":32,"key":"SMITH"}],"neow_cost":"TEN_PERCENT_HP_LOSS","seed_source_timestamp":724975668339400,"circlet_count":0,"master_deck":["AscendersBane","Strike_R+1","Strike_R+1","Defend_R+1","Defend_R+1","Defend_R+1","Defend_R+1","Bash+1","Anger+1","Finesse","Armaments+1","Anger+1","Corruption+1","Pommel Strike","Fiend Fire+1","Reaper","Metallicize+1","Iron Wave","Shrug It Off","Juggernaut","Shockwave","True Grit","Dual Wield+1","Limit Break","Shrug It Off"],"relics":["Burning Blood","Regal Pillow","Oddly Smooth Stone","Centennial Puzzle","Lantern","Torii","Runic Pyramid","Pen Nib","Omamori","MawBank","Mark of Pain"],"potions_floor_usage":[6,11,28,33,33,38],"damage_taken":[{"damage":6,"enemies":"2 Louse","floor":1,"turns":3},{"damage":7,"enemies":"Jaw Worm","floor":4,"turns":3},{"damage":4,"enemies":"Small Slimes","floor":5,"turns":4},{"damage":23,"enemies":"Lagavulin","floor":6,"turns":6},{"damage":0,"enemies":"Exordium Wildlife","floor":8,"turns":3},{"damage":8,"enemies":"Gremlin Nob","floor":11,"turns":3},{"damage":29,"enemies":"Lagavulin","floor":14,"turns":5},{"damage":16,"enemies":"Hexaghost","floor":16,"turns":7},{"damage":20,"enemies":"2 Thieves","floor":18,"turns":4},{"damage":0,"enemies":"Spheric Guardian","floor":21,"turns":4},{"damage":2,"enemies":"Snake Plant","floor":24,"turns":4},{"damage":30,"enemies":"Gremlin Leader","floor":28,"turns":5},{"damage":0,"enemies":"Sentry and Sphere","floor":30,"turns":5},{"damage":2,"enemies":"Centurion and Healer","floor":31,"turns":8},{"damage":61,"enemies":"Automaton","floor":33,"turns":10},{"damage":6,"enemies":"Orb Walker","floor":35,"turns":3},{"damage":9,"enemies":"3 Darklings","floor":36,"turns":7},{"damage":55,"enemies":"Transient","floor":38,"turns":6},{"damage":30,"enemies":"Jaw Worm Horde","floor":39,"turns":1}],"seed_played":"-5992108221023894631","potions_obtained":[{"floor":1,"key":"SkillPotion"},{"floor":4,"key":"Swift Potion"},{"floor":16,"key":"SkillPotion"},{"floor":21,"key":"Poison Potion"},{"floor":28,"key":"Energy Potion"},{"floor":36,"key":"GamblersBrew"}],"is_trial":false,"path_per_floor":["M","$","?","M","M","E","R","M","T","R","E","?","?","E","R","B",null,"M","?","?","M","$","R","M","R","T","R","E","?","M","M","R","B",null,"M","M","?","M","M"],"character_chosen":"IRONCLAD","items_purchased":["Regal Pillow","Finesse","Pen Nib","Shrug It Off"],"campfire_rested":0,"item_purchase_floors":[2,2,22,22],"current_hp_per_floor":[68,68,68,67,68,51,51,57,57,57,55,55,55,32,32,22,57,48,48,48,54,54,54,64,64,64,64,40,40,46,65,65,21,56,56,68,68,19,0],"gold":1395,"neow_bonus":"TWO_FIFTY_GOLD","is_prod":false,"is_daily":false,"chose_seed":false,"campfire_upgraded":7,"win_rate":0,"timestamp":1570260037,"path_taken":["M","$","?","M","M","E","R","M","T","R","E","?","?","E","R","BOSS","M","?","?","M","$","R","M","R","T","R","E","?","?","M","R","BOSS","M","M","?","M","M"],"build_version":"2019-07-17","purchased_purges":1,"victory":false,"max_hp_per_floor":[68,68,68,68,68,68,68,68,68,68,68,68,68,68,68,68,68,68,68,68,68,68,68,68,68,68,68,68,68,68,68,68,68,68,68,68,68,68,68],"card_choices":[{"not_picked":["Hemokinesis","Perfected Strike"],"picked":"Anger","floor":1},{"not_picked":["Thunderclap","Perfected Strike"],"picked":"Armaments","floor":4},{"not_picked":["Pummel","Rage"],"picked":"Anger","floor":5},{"not_picked":["Offering","Twin Strike"],"picked":"Corruption","floor":6},{"not_picked":["Wild Strike","Heavy Blade"],"picked":"Pommel Strike","floor":8},{"not_picked":["Rampage","True Grit"],"picked":"Fiend Fire","floor":11},{"not_picked":["Combust","Entrench","Pummel"],"picked":"SKIP","floor":14},{"not_picked":["Offering","Demon Form"],"picked":"Reaper","floor":16},{"not_picked":["Thunderclap","Warcry"],"picked":"Metallicize+1","floor":18},{"not_picked":["Clothesline","Twin Strike"],"picked":"Iron Wave","floor":21},{"not_picked":["Anger","Evolve","Iron Wave"],"picked":"SKIP","floor":24},{"not_picked":["Dark Embrace","True Grit"],"picked":"Juggernaut","floor":28},{"not_picked":["Ghostly Armor","Havoc"],"picked":"True Grit","floor":30},{"not_picked":["Cleave","Blood for Blood"],"picked":"Dual Wield","floor":31},{"not_picked":["Reaper","Offering"],"picked":"Limit Break","floor":33},{"not_picked":["Inflame","Seeing Red"],"picked":"Shrug It Off","floor":35},{"not_picked":["Reckless Charge","Body Slam","Clothesline+1"],"picked":"SKIP","floor":36},{"not_picked":["Thunderclap","Dropkick","Sever Soul+1"],"picked":"SKIP","floor":38}],"player_experience":1341127,"relics_obtained":[{"floor":6,"key":"Oddly Smooth Stone"},{"floor":9,"key":"Centennial Puzzle"},{"floor":11,"key":"Lantern"},{"floor":14,"key":"Torii"},{"floor":26,"key":"Omamori"},{"floor":28,"key":"MawBank"}],"event_choices":[{"damage_healed":0,"gold_gain":0,"player_choice":"Ignored","damage_taken":0,"max_hp_gain":0,"max_hp_loss":0,"event_name":"Liars Game","floor":3,"gold_loss":0},{"damage_healed":0,"gold_gain":0,"player_choice":"Fled","damage_taken":0,"max_hp_gain":0,"max_hp_loss":0,"event_name":"Scrap Ooze","floor":12,"gold_loss":0},{"cards_removed":["Strike_R"],"damage_healed":0,"gold_gain":0,"player_choice":"Forget","damage_taken":0,"max_hp_gain":0,"max_hp_loss":0,"event_name":"Living Wall","floor":13,"gold_loss":0},{"cards_removed":["Strike_R"],"damage_healed":0,"gold_gain":0,"player_choice":"Gave Gold","damage_taken":0,"max_hp_gain":0,"max_hp_loss":0,"event_name":"Beggar","floor":19,"gold_loss":75},{"damage_healed":0,"gold_gain":0,"player_choice":"Simplicity","damage_taken":0,"max_hp_gain":0,"max_hp_loss":0,"event_name":"Back to Basics","floor":20,"gold_loss":0,"cards_upgraded":["Strike_R","Strike_R","Defend_R","Defend_R","Defend_R","Defend_R"]},{"damage_healed":0,"gold_gain":0,"player_choice":"Read","damage_taken":0,"max_hp_gain":0,"max_hp_loss":0,"event_name":"The Library","floor":29,"gold_loss":0,"cards_obtained":["Shockwave"]},{"damage_healed":0,"gold_gain":999,"player_choice":"Gold","damage_taken":0,"max_hp_gain":0,"max_hp_loss":0,"event_name":"MindBloom","floor":37,"gold_loss":0,"cards_obtained":["Normality","Normality"]}],"is_beta":false,"boss_relics":[{"not_picked":["Sozu","Empty Cage"],"picked":"Runic Pyramid"},{"not_picked":["Calling Bell","Runic Cube"],"picked":"Mark of Pain"}],"items_purged_floors":[2],"is_endless":false,"potions_floor_spawned":[1,4,16,21,24,28,36],"killed_by":"Jaw Worm Horde","ascension_level":20}