{"gold_per_floor":[116,130,130,130,149,175,255,267,267,267,267,283,283,301,301,422,422,441,126,147,172,172],"floor_reached":22,"playtime":795,"items_purged":[],"score":226,"play_id":"d7545c4f-dc76-489e-9a5b-f53d01ec58f9","local_time":"20180806102048","is_ascension_mode":true,"campfire_choices":[{"floor":10,"key":"REST"},{"floor":13,"key":"REST"},{"floor":15,"key":"REST"}],"neow_cost":"FIFTY_PERCENT_DAMAGE","seed_source_timestamp":87634150382413,"circlet_count":0,"master_deck":["Strike_B","Strike_B","Strike_B","Strike_B","Defend_B","Defend_B","Defend_B","Defend_B","Zap+1","Dualcast","Sweeping Beam","Sunder","Beam Cell","Rebound","Streamline","Chaos","Ball Lightning","Creative AI","Fusion","White Noise","Beam Cell"],"relics":["Cracked Core","Question Card","Incense Burner","Golden Idol","Velvet Choker","Membership Card","Vajra"],"potions_floor_usage":[16,16,22,22],"damage_taken":[{"damage":2,"enemies":"Jaw Worm","floor":1,"turns":3},{"damage":4,"enemies":"2 Louse","floor":2,"turns":2},{"damage":1,"enemies":"Cultist","floor":5,"turns":3},{"damage":15,"enemies":"Lagavulin","floor":6,"turns":5},{"damage":8,"enemies":"Gremlin Gang","floor":8,"turns":2},{"damage":8,"enemies":"Large Slime","floor":12,"turns":4},{"damage":0,"enemies":"Looter","floor":14,"turns":2},{"damage":51,"enemies":"Hexaghost","floor":16,"turns":8},{"damage":41,"enemies":"3 Byrds","floor":18,"turns":4},{"damage":13,"enemies":"2 Thieves","floor":20,"turns":3},{"damage":14,"enemies":"Cultist and Chosen","floor":21,"turns":6},{"damage":14,"enemies":"3 Cultists","floor":22,"turns":3}],"seed_played":"-8369427814361917689","potions_obtained":[{"floor":2,"key":"Energy Potion"},{"floor":5,"key":"Ancient Potion"},{"floor":12,"key":"FocusPotion"},{"floor":16,"key":"Energy Potion"},{"floor":20,"key":"SpeedPotion"}],"is_trial":false,"path_per_floor":["M","M","?","$","M","E","?","M","T","R","?","M","R","M","R","B",null,"M","$","M","M"],"character_chosen":"DEFECT","items_purchased":["Membership Card","Vajra"],"campfire_rested":3,"item_purchase_floors":[19,19],"current_hp_per_floor":[43,39,39,39,38,23,23,15,15,41,41,33,57,57,81,30,82,41,41,28,14,0],"gold":172,"neow_bonus":"TWENTY_PERCENT_HP_BONUS","is_prod":false,"is_daily":false,"chose_seed":false,"campfire_upgraded":0,"win_rate":0,"timestamp":1533518448,"path_taken":["M","M","?","$","M","E","?","M","T","R","?","M","R","?","R","BOSS","M","$","M","M","M"],"build_version":"2018-08-02","purchased_purges":0,"victory":false,"max_hp_per_floor":[89,89,89,89,89,89,89,89,89,89,82,82,82,82,82,82,82,82,82,82,82,82],"card_choices":[{"not_picked":["Rebound","Cold Snap"],"picked":"Sweeping Beam","floor":1},{"not_picked":["Hologram","Rebound"],"picked":"Sunder","floor":2},{"not_picked":["Steam Power","Defragment"],"picked":"Beam Cell","floor":5},{"not_picked":["Sweeping Beam","Core Surge"],"picked":"Rebound","floor":6},{"not_picked":["Force Field","Turbo","Redo"],"picked":"Streamline","floor":8},{"not_picked":["Sweeping Beam","Defragment","Cold Snap"],"picked":"Chaos","floor":12},{"not_picked":["Stack","Hologram","Darkness"],"picked":"Ball Lightning","floor":14},{"not_picked":["Rainbow","Multi-Cast","Echo Form"],"picked":"Creative AI","floor":16},{"not_picked":["Go for the Eyes","Leap","Coolheaded"],"picked":"Fusion","floor":18},{"not_picked":["Sweeping Beam","Turbo","Sunder"],"picked":"White Noise","floor":20},{"not_picked":["Rebound+1","Genetic Algorithm+1","Sweeping Beam"],"picked":"Beam Cell","floor":21}],"player_experience":137406,"relics_obtained":[{"floor":6,"key":"Question Card"},{"floor":9,"key":"Incense Burner"}],"event_choices":[{"event_name":"Living Wall","player_choice":"Grow","floor":3,"damage_taken":0},{"event_name":"Golden Wing","player_choice":"Gained Gold","floor":7,"damage_taken":0},{"event_name":"Golden Idol","player_choice":"Lose Max HP","floor":11,"damage_taken":0}],"is_beta":false,"boss_relics":[{"not_picked":["Astrolabe","FrozenCore"],"picked":"Velvet Choker"}],"items_purged_floors":[],"is_endless":false,"potions_floor_spawned":[2,5,12,16,20],"killed_by":"3 Cultists","ascension_level":4}