{"gold_per_floor":[111,27,27,27,27,63,63,102,102,102,142,223,223,10,10,106,106,125,0,0,14,33,66,66,105,156,156,175,200,218,50,50,140,140,164,1163,1496,779,792,792],"floor_reached":40,"playtime":1971,"items_purged":["Strike_R","Normality"],"score":1026,"play_id":"d77fb481-ce8c-48e0-8d84-409634edfabc","local_time":"20190516121315","is_ascension_mode":true,"campfire_choices":[{"data":"Bash","floor":7,"key":"SMITH"},{"data":"Rampage","floor":10,"key":"SMITH"},{"data":"Rage","floor":13,"key":"SMITH"},{"data":"Apotheosis","floor":15,"key":"SMITH"},{"data":"Shockwave","floor":24,"key":"SMITH"},{"data":"Flame Barrier","floor":27,"key":"SMITH"},{"data":"Inflame","floor":32,"key":"SMITH"}],"neow_cost":"NONE","seed_source_timestamp":338304257949300,"circlet_count":0,"master_deck":["AscendersBane","Strike_R","Strike_R","Strike_R","Strike_R","Defend_R","Defend_R+1","Defend_R","Defend_R","Bash+1","Headbutt","Flame Barrier+1","Rampage+1","Cleave","Rage+1","Apotheosis+1","Fiend Fire","Rampage","Flex+1","Headbutt+1","Shockwave+1","Spot Weakness+1","Havoc","Inflame+1","Havoc","Dark Embrace","Battle Trance","Shrug It Off+1","Shrug It Off+1","Bloodletting","Normality"],"relics":["Burning Blood","NeowsBlessing","Shuriken","Gambling Chip","Calipers","Smiling Mask","Ancient Tea Set","Blood Vial","Runic Pyramid","Meat on the Bone","Paper Frog","Strawberry","War Paint","Orrery","Dead Branch","Nunchaku"],"potions_floor_usage":[11],"damage_taken":[{"damage":0,"enemies":"Jaw Worm","floor":1,"turns":1},{"damage":0,"enemies":"Lagavulin","floor":6,"turns":2},{"damage":0,"enemies":"Gremlin Nob","floor":8,"turns":1},{"damage":18,"enemies":"Lagavulin","floor":11,"turns":5},{"damage":20,"enemies":"3 Sentries","floor":12,"turns":7},{"damage":19,"enemies":"Slime Boss","floor":16,"turns":9},{"damage":17,"enemies":"2 Thieves","floor":18,"turns":4},{"damage":5,"enemies":"Shell Parasite","floor":21,"turns":3},{"damage":0,"enemies":"Snecko","floor":22,"turns":3},{"damage":47,"enemies":"Book of Stabbing","floor":23,"turns":4},{"damage":33,"enemies":"Gremlin Leader","floor":25,"turns":4},{"damage":13,"enemies":"Chosen and Byrds","floor":28,"turns":6},{"damage":5,"enemies":"Sentry and Sphere","floor":29,"turns":5},{"damage":16,"enemies":"Centurion and Healer","floor":30,"turns":9},{"damage":38,"enemies":"Champ","floor":33,"turns":8},{"damage":46,"enemies":"3 Shapes","floor":35,"turns":6},{"damage":35,"enemies":"3 Darklings","floor":39,"turns":6},{"damage":29,"enemies":"Writhing Mass","floor":40,"turns":3}],"seed_played":"6793814731798563829","potions_obtained":[{"floor":6,"key":"Strength Potion"},{"floor":11,"key":"BloodPotion"},{"floor":16,"key":"Dexterity Potion"},{"floor":28,"key":"Poison Potion"},{"floor":29,"key":"LiquidBronze"}],"is_trial":false,"path_per_floor":["M","$","?","$","?","E","R","E","T","R","E","?","R","$","R","B",null,"M","?","?","M","M","E","R","E","T","R","M","M","M","$","R","B",null,"M","?","?","$","M","M"],"character_chosen":"IRONCLAD","items_purchased":["Flame Barrier","Apotheosis","Inflame","Havoc","Dead Branch","Nunchaku"],"campfire_rested":0,"item_purchase_floors":[2,14,31,31,38,38],"current_hp_per_floor":[74,74,56,56,56,62,62,68,68,68,56,42,42,42,42,31,59,50,50,50,53,61,34,34,28,28,28,35,50,54,54,54,36,65,39,39,39,39,24,0],"gold":792,"neow_bonus":"THREE_ENEMY_KILL","is_prod":false,"is_daily":false,"chose_seed":false,"campfire_upgraded":7,"win_rate":0,"timestamp":1557997995,"path_taken":["M","$","?","$","?","E","R","E","T","R","E","?","R","?","R","BOSS","M","?","?","M","M","E","R","E","T","R","M","M","?","$","R","BOSS","M","?","?","$","?","M"],"build_version":"2019-01-23","purchased_purges":2,"victory":false,"max_hp_per_floor":[75,75,75,75,68,68,68,68,68,68,68,68,68,68,68,68,68,68,68,68,68,68,68,68,75,75,75,75,75,75,75,75,75,75,75,75,75,75,75,75],"card_choices":[{"not_picked":["Perfected Strike","Warcry"],"picked":"Headbutt","floor":1},{"not_picked":["Headbutt","Second Wind"],"picked":"Rampage","floor":6},{"not_picked":["Pommel Strike","Havoc"],"picked":"Cleave","floor":8},{"not_picked":["Sword Boomerang","Limit Break"],"picked":"Rage","floor":11},{"not_picked":["Brutality","Exhume"],"picked":"Fiend Fire","floor":16},{"not_picked":["Twin Strike","Shrug It Off"],"picked":"Rampage","floor":18},{"not_picked":["Clothesline","Warcry"],"picked":"Flex+1","floor":21},{"not_picked":["Warcry","Inflame"],"picked":"Headbutt+1","floor":22},{"not_picked":["Perfected Strike","Pummel+1"],"picked":"Shockwave","floor":23},{"not_picked":["Havoc","True Grit"],"picked":"Spot Weakness","floor":25},{"not_picked":["Rupture","Metallicize"],"picked":"Havoc","floor":28},{"not_picked":["Reckless Charge","Carnage","Cleave"],"picked":"SKIP","floor":29},{"not_picked":["Rupture","Clothesline","Sentinel"],"picked":"SKIP","floor":30},{"not_picked":["Berserk","Feed"],"picked":"Dark Embrace","floor":33},{"not_picked":["Burning Pact","Heavy Blade"],"picked":"Battle Trance","floor":34},{"not_picked":["Pommel Strike","Flex"],"picked":"Shrug It Off+1","floor":34},{"not_picked":["Pommel Strike","True Grit+1"],"picked":"Shrug It Off+1","floor":34},{"not_picked":["Armaments","Flex"],"picked":"Bloodletting","floor":34},{"not_picked":["Clothesline","Havoc","Armaments"],"picked":"SKIP","floor":35},{"not_picked":["Thunderclap+1","Uppercut","Shrug It Off"],"picked":"SKIP","floor":39}],"player_experience":1316699,"relics_obtained":[{"floor":6,"key":"Gambling Chip"},{"floor":8,"key":"Calipers"},{"floor":9,"key":"Smiling Mask"},{"floor":11,"key":"Ancient Tea Set"},{"floor":12,"key":"Blood Vial"},{"floor":23,"key":"Paper Frog"},{"floor":25,"key":"Strawberry"},{"floor":26,"key":"War Paint"}],"event_choices":[{"damage_healed":0,"gold_gain":0,"player_choice":"Success","damage_taken":18,"relics_obtained":["Shuriken"],"max_hp_gain":0,"max_hp_loss":0,"event_name":"Scrap Ooze","floor":3,"gold_loss":0},{"damage_healed":0,"gold_gain":0,"player_choice":"Lose Max HP","damage_taken":0,"relics_obtained":["Golden Idol"],"max_hp_gain":0,"max_hp_loss":7,"event_name":"Golden Idol","floor":5,"gold_loss":0},{"damage_healed":0,"gold_gain":0,"player_choice":"Searched \u00271\u0027 times","damage_taken":0,"max_hp_gain":0,"max_hp_loss":0,"event_name":"Dead Adventurer","floor":12,"gold_loss":0},{"damage_healed":0,"gold_gain":0,"player_choice":"Paid Fearfully","damage_taken":0,"max_hp_gain":0,"max_hp_loss":0,"event_name":"Masked Bandits","floor":19,"gold_loss":125},{"damage_healed":0,"gold_gain":0,"player_choice":"Gave Potion","damage_taken":0,"relics_obtained":["Meat on the Bone"],"max_hp_gain":0,"max_hp_loss":0,"event_name":"WeMeetAgain","floor":20,"gold_loss":0},{"damage_healed":0,"gold_gain":999,"player_choice":"Gold","damage_taken":0,"max_hp_gain":0,"max_hp_loss":0,"event_name":"MindBloom","floor":36,"gold_loss":0,"cards_obtained":["Normality","Normality"]},{"damage_healed":0,"gold_gain":333,"player_choice":"Gave Idol","damage_taken":0,"max_hp_gain":0,"max_hp_loss":0,"event_name":"The Moai Head","floor":37,"relics_lost":["Golden Idol"],"gold_loss":0}],"is_beta":false,"boss_relics":[{"not_picked":["Empty Cage","Black Star"],"picked":"Runic Pyramid"},{"not_picked":["Eternal Feather","Runic Dome"],"picked":"Orrery"}],"items_purged_floors":[31,38],"is_endless":false,"potions_floor_spawned":[6,11,16,28,29,30,33,39],"killed_by":"Writhing Mass","ascension_level":20}