{"gold_per_floor":[367,367,377,397,61,61,21,40,90,118,118,27,27,58,58,132,132,144,144,15,34,9,9,21,21,47,47,80,91,110,142,142,216,216,236,236,236,72,83,115,0,25,25,35,46,46,65,0,0,0],"floor_reached":50,"playtime":3363,"items_purged":["Strike_R"],"score":1196,"play_id":"7f2a0ccb-40e2-4d9d-80ed-994303f6077f","local_time":"20190405110128","is_ascension_mode":true,"campfire_choices":[{"data":"Body Slam","floor":6,"key":"SMITH"},{"data":"Carnage","floor":11,"key":"SMITH"},{"data":"Entrench","floor":13,"key":"SMITH"},{"data":"Disarm","floor":15,"key":"SMITH"},{"data":"Clothesline","floor":23,"key":"SMITH"},{"data":"Double Tap","floor":25,"key":"SMITH"},{"floor":32,"key":"REST"},{"floor":46,"key":"REST"},{"floor":49,"key":"REST"}],"neow_cost":"TEN_PERCENT_HP_LOSS","seed_source_timestamp":1554135185779600,"circlet_count":0,"master_deck":["AscendersBane","Strike_R","Strike_R","Strike_R","Defend_R","Defend_R","Defend_R","Defend_R+1","Bash","Body Slam+1","Clothesline","Ghostly Armor","Carnage+1","Disarm+1","Iron Wave","Corruption","Entrench+1","Iron Wave","Headbutt","Double Tap+1","Clothesline+1","Disarm+1","Spot Weakness","Shrug It Off","Entrench","Sentinel","Shrug It Off","Shrug It Off","Juggernaut","Sentinel+1","Shrug It Off","Corruption","The Bomb","Flame Barrier+1","Flame Barrier+1","Entrench+1"],"relics":["Burning Blood","Membership Card","Tiny Chest","Ancient Tea Set","Oddly Smooth Stone","Smiling Mask","Snecko Eye","Bottled Flame","TheAbacus","War Paint","Centennial Puzzle","The Courier","Empty Cage","Lantern","Kunai","Anchor","Darkstone Periapt","Toxic Egg 2","Happy Flower"],"potions_floor_usage":[10,14,18,30,31,42,50],"damage_taken":[{"damage":5,"enemies":"Small Slimes","floor":1,"turns":4},{"damage":11,"enemies":"Cultist","floor":3,"turns":4},{"damage":8,"enemies":"2 Louse","floor":4,"turns":3},{"damage":2,"enemies":"Exordium Wildlife","floor":8,"turns":3},{"damage":25,"enemies":"Lagavulin","floor":10,"turns":5},{"damage":4,"enemies":"3 Sentries","floor":14,"turns":6},{"damage":39,"enemies":"The Guardian","floor":16,"turns":13},{"damage":0,"enemies":"3 Byrds","floor":18,"turns":6},{"damage":5,"enemies":"Shell Parasite","floor":21,"turns":3},{"damage":25,"enemies":"3 Cultists","floor":24,"turns":6},{"damage":16,"enemies":"Gremlin Leader","floor":28,"turns":4},{"damage":4,"enemies":"Snake Plant","floor":29,"turns":2},{"damage":3,"enemies":"Shelled Parasite and Fungi","floor":30,"turns":6},{"damage":13,"enemies":"Slavers","floor":31,"turns":8},{"damage":43,"enemies":"Champ","floor":33,"turns":11},{"damage":30,"enemies":"3 Darklings","floor":35,"turns":6},{"damage":3,"enemies":"Orb Walker","floor":39,"turns":3},{"damage":12,"enemies":"Nemesis","floor":40,"turns":9},{"damage":21,"enemies":"Giant Head","floor":42,"turns":7},{"damage":5,"enemies":"Jaw Worm Horde","floor":44,"turns":3},{"damage":19,"enemies":"Spire Growth","floor":45,"turns":5},{"damage":5,"enemies":"Writhing Mass","floor":47,"turns":5},{"damage":55,"enemies":"Time Eater","floor":50,"turns":14}],"seed_played":"2748429036288574","potions_obtained":[{"floor":4,"key":"Block Potion"},{"floor":8,"key":"FearPotion"},{"floor":10,"key":"Fire Potion"},{"floor":14,"key":"Weak Potion"},{"floor":18,"key":"Block Potion"},{"floor":40,"key":"Regen Potion"},{"floor":44,"key":"PowerPotion"}],"is_trial":false,"path_per_floor":["M","?","M","M","$","R","$","M","T","E","R","$","R","E","R","B",null,"M","T","$","M","$","R","M","R","T","?","E","M","M","E","R","B",null,"M","?","T","$","M","E","$","E","T","M","M","R","M","$","R","B"],"character_chosen":"IRONCLAD","items_purchased":["Membership Card","Tiny Chest","Ghostly Armor","Carnage","Corruption","Entrench","Iron Wave","TheAbacus","Disarm","Shrug It Off","Lantern","Kunai","Shrug It Off","Corruption","The Bomb","Happy Flower"],"campfire_rested":3,"item_purchase_floors":[5,5,5,7,12,12,12,20,20,22,38,38,41,41,41,48],"current_hp_per_floor":[68,68,63,61,61,61,61,65,65,46,46,46,46,48,48,15,55,61,61,61,62,62,62,43,43,43,43,33,35,38,31,51,14,55,31,31,31,31,34,28,28,25,25,26,13,32,33,33,52,0],"gold":0,"neow_bonus":"TWO_FIFTY_GOLD","is_prod":false,"is_daily":false,"chose_seed":false,"campfire_upgraded":6,"win_rate":0,"timestamp":1554451288,"path_taken":["M","?","?","?","?","R","$","M","T","E","R","$","R","E","R","BOSS","M","?","$","M","?","R","M","R","T","?","E","M","M","E","R","BOSS","M","?","?","$","?","E","$","E","T","M","M","R","M","?","R","BOSS"],"build_version":"2019-01-23","purchased_purges":1,"victory":false,"max_hp_per_floor":[68,68,68,68,68,68,68,68,68,68,68,68,68,68,68,68,68,68,68,68,68,68,68,68,68,68,68,68,68,68,68,68,68,68,68,65,65,65,65,65,65,65,65,65,65,65,65,65,65,65],"card_choices":[{"not_picked":["Pummel","Headbutt"],"picked":"Body Slam","floor":1},{"not_picked":["Dual Wield","Entrench"],"picked":"Anger","floor":3},{"not_picked":["Wild Strike","Armaments"],"picked":"Disarm","floor":8},{"not_picked":["Thunderclap","Fiend Fire"],"picked":"Iron Wave","floor":10},{"not_picked":["Wild Strike","Twin Strike"],"picked":"Headbutt","floor":14},{"not_picked":["Demon Form","Limit Break"],"picked":"Double Tap","floor":16},{"not_picked":["Pommel Strike","Dropkick+1"],"picked":"Clothesline","floor":18},{"not_picked":["Bloodletting","Havoc"],"picked":"Spot Weakness","floor":21},{"not_picked":["Pommel Strike","Flex"],"picked":"Entrench","floor":24},{"not_picked":["Anger","Searing Blow"],"picked":"Sentinel","floor":28},{"not_picked":["Dual Wield","Twin Strike+1"],"picked":"Shrug It Off","floor":29},{"not_picked":["Wild Strike","Sever Soul"],"picked":"Shrug It Off","floor":30},{"not_picked":["Wild Strike","Clothesline","Metallicize"],"picked":"SKIP","floor":31},{"not_picked":["Bludgeon","Impervious"],"picked":"Juggernaut","floor":33},{"not_picked":["Twin Strike","Body Slam"],"picked":"Sentinel+1","floor":35},{"not_picked":["Twin Strike","Sword Boomerang+1","Burning Pact"],"picked":"SKIP","floor":39},{"not_picked":["Twin Strike","Sword Boomerang+1","Burning Pact"],"picked":"SKIP","floor":39},{"not_picked":["Iron Wave","Dropkick","Metallicize+1"],"picked":"SKIP","floor":40},{"not_picked":["Corruption","Warcry+1","Cleave"],"picked":"SKIP","floor":42},{"not_picked":["Flex+1","Spot Weakness+1"],"picked":"Flame Barrier+1","floor":44},{"not_picked":["Offering+1","Perfected Strike+1"],"picked":"Flame Barrier+1","floor":45},{"not_picked":["Wild Strike","Headbutt"],"picked":"Entrench+1","floor":47}],"player_experience":1115497,"relics_obtained":[{"floor":9,"key":"Ancient Tea Set"},{"floor":10,"key":"Oddly Smooth Stone"},{"floor":14,"key":"Smiling Mask"},{"floor":19,"key":"Bottled Flame"},{"floor":26,"key":"War Paint"},{"floor":28,"key":"Centennial Puzzle"},{"floor":31,"key":"The Courier"},{"floor":40,"key":"Anchor"},{"floor":42,"key":"Darkstone Periapt"},{"floor":43,"key":"Toxic Egg 2"}],"event_choices":[{"damage_healed":0,"gold_gain":0,"player_choice":"1 cards matched","damage_taken":0,"max_hp_gain":0,"max_hp_loss":0,"event_name":"Match and Keep!","floor":2,"gold_loss":0,"cards_obtained":["Clothesline"]},{"damage_healed":0,"gold_gain":0,"player_choice":"1 cards matched","damage_taken":0,"max_hp_gain":0,"max_hp_loss":0,"event_name":"Match and Keep!","floor":2,"gold_loss":0,"cards_obtained":["Clothesline"]},{"damage_healed":0,"gold_gain":0,"player_choice":"Max HP","damage_taken":0,"max_hp_gain":0,"max_hp_loss":3,"event_name":"Winding Halls","floor":36,"gold_loss":0}],"is_beta":false,"boss_relics":[{"not_picked":["Astrolabe","Runic Cube"],"picked":"Snecko Eye"},{"not_picked":["Tiny House","Lizard Tail"],"picked":"Empty Cage"}],"items_purged_floors":[5],"is_endless":false,"potions_floor_spawned":[4,8,10,14,18,28,40,44],"killed_by":"Time Eater","ascension_level":20}