{"gold_per_floor":[111,127,140,140,63,63,78,78,102,133,149,167,167,178,178,277,277,297,315,315,19,35,45,45,45,68,68,78,78,97,62,62,167,167,180,235,160,179,79,96,96,111,137,137,152,181,181,181,181,181],"floor_reached":50,"playtime":3109,"items_purged":["Strike_G","Defend_G"],"score":526,"play_id":"b0e125f8-dd32-4fa0-a7e1-714a4e0dac55","local_time":"20180805122355","is_ascension_mode":false,"campfire_choices":[{"data":"Noxious Fumes","floor":6,"key":"SMITH"},{"data":"Neutralize","floor":8,"key":"SMITH"},{"floor":15,"key":"REST"},{"data":"Bouncing Flask","floor":25,"key":"SMITH"},{"data":"Burst","floor":27,"key":"SMITH"},{"data":"Catalyst","floor":29,"key":"SMITH"},{"floor":32,"key":"REST"},{"data":"Tools of the Trade","floor":41,"key":"SMITH"},{"floor":47,"key":"REST"},{"data":"Catalyst","floor":49,"key":"SMITH"}],"neow_cost":"","seed_source_timestamp":6304598204937,"circlet_count":0,"master_deck":["Defend_G","Defend_G","Defend_G","Defend_G","Strike_G","Strike_G","Strike_G","Strike_G","Survivor","Neutralize+1","Catalyst+1","Dagger Spray+1","Dagger Spray+1","Noxious Fumes+1","Prepared","Cloak And Dagger","Cloak And Dagger","Bouncing Flask+1","Burst+1","Bane","Distraction+1","Catalyst+1","Die Die Die","Backflip","Catalyst","Tools of the Trade+1","Deadly Poison","Deadly Poison+1"],"relics":["Ring of the Serpent","Lantern","Oddly Smooth Stone","Gremlin Horn","Meat on the Bone","Orichalcum","Runic Pyramid","Tingsha","Whetstone","Juzu Bracelet","Question Card"],"potions_floor_usage":[36,42,46,50],"damage_taken":[{"damage":0,"enemies":"2 Louse","floor":1,"turns":3},{"damage":0,"enemies":"Small Slimes","floor":2,"turns":4},{"damage":0,"enemies":"Cultist","floor":3,"turns":3},{"damage":14,"enemies":"Exordium Thugs","floor":7,"turns":4},{"damage":19,"enemies":"Lagavulin","floor":10,"turns":7},{"damage":2,"enemies":"Large Slime","floor":11,"turns":5},{"damage":0,"enemies":"3 Louse","floor":12,"turns":3},{"damage":9,"enemies":"Exordium Thugs","floor":14,"turns":4},{"damage":24,"enemies":"Slime Boss","floor":16,"turns":8},{"damage":3,"enemies":"Shell Parasite","floor":18,"turns":5},{"damage":0,"enemies":"Chosen","floor":19,"turns":4},{"damage":11,"enemies":"Snake Plant","floor":22,"turns":4},{"damage":22,"enemies":"Centurion and Healer","floor":23,"turns":4},{"damage":10,"enemies":"Cultist and Chosen","floor":28,"turns":6},{"damage":9,"enemies":"Snecko","floor":30,"turns":3},{"damage":9,"enemies":"Champ","floor":33,"turns":5},{"damage":3,"enemies":"Orb Walker","floor":35,"turns":3},{"damage":31,"floor":36,"turns":5},{"damage":18,"enemies":"3 Shapes","floor":38,"turns":6},{"damage":0,"enemies":"Transient","floor":40,"turns":3},{"damage":16,"enemies":"Flame Bruiser 2 Orb","floor":42,"turns":5},{"damage":4,"enemies":"Spire Growth","floor":45,"turns":2},{"damage":0,"enemies":"Nemesis","floor":46,"turns":3},{"damage":76,"enemies":"Awakened One","floor":50,"turns":4}],"seed_played":"-1358721112275943599","potions_obtained":[{"floor":3,"key":"Weak Potion"},{"floor":10,"key":"Explosive Potion"},{"floor":11,"key":"GhostInAJar"},{"floor":38,"key":"Poison Potion"},{"floor":40,"key":"Explosive Potion"}],"is_trial":false,"path_per_floor":["M","M","M","?","$","R","M","R","T","E","M","M","?","M","R","B",null,"M","M","?","$","M","M","T","R","T","R","M","R","M","$","R","B",null,"M","?","$","M","$","M","R","M","T","?","M","E","R","T","R"],"character_chosen":"THE_SILENT","items_purchased":["Noxious Fumes","Catalyst","Gremlin Horn","Catalyst"],"campfire_rested":3,"item_purchase_floors":[5,21,21,31],"current_hp_per_floor":[70,70,70,70,70,70,56,56,56,37,35,35,40,31,53,29,75,72,72,72,72,61,39,39,39,39,39,41,41,44,44,66,57,75,72,41,41,35,35,47,47,43,43,43,39,39,61,61,61,0],"gold":181,"neow_bonus":"","is_prod":false,"is_daily":false,"chose_seed":false,"campfire_upgraded":7,"win_rate":0,"timestamp":1533439435,"path_taken":["M","M","M","?","?","R","M","R","T","E","M","M","?","?","R","BOSS","M","M","?","$","M","M","?","R","T","R","M","R","M","?","R","BOSS","M","?","$","M","$","?","R","M","T","?","M","E","R","?","R","BOSS"],"build_version":"2018-08-02","purchased_purges":2,"victory":false,"max_hp_per_floor":[70,70,70,70,70,70,70,70,70,70,70,70,75,75,75,75,75,75,75,75,75,75,75,75,75,75,75,75,75,75,75,75,75,75,75,75,75,75,75,75,75,75,75,75,75,75,75,75,75,75],"card_choices":[{"not_picked":["Sucker Punch","Eviscerate"],"picked":"Catalyst","floor":1},{"not_picked":["Blade Dance","Acrobatics"],"picked":"Dagger Spray","floor":2},{"not_picked":["Underhanded Strike","Slice"],"picked":"Dagger Spray","floor":3},{"not_picked":["Choke","Tactician"],"picked":"Prepared","floor":7},{"not_picked":["Slice","Sucker Punch"],"picked":"Cloak And Dagger","floor":10},{"not_picked":["Outmaneuver","Wraith Form v2"],"picked":"Cloak And Dagger","floor":11},{"not_picked":["Expertise","Blur"],"picked":"Bouncing Flask","floor":12},{"not_picked":["Reflex","Tactician","All Out Attack"],"picked":"SKIP","floor":14},{"not_picked":["Adrenaline","Glass Knife"],"picked":"Burst","floor":16},{"not_picked":["Cloak And Dagger","Prepared"],"picked":"Bane","floor":18},{"not_picked":["Dodge and Roll","Underhanded Strike+1"],"picked":"Distraction+1","floor":19},{"not_picked":["Dagger Throw","Quick Slash","Crippling Poison"],"picked":"SKIP","floor":22},{"not_picked":["Outmaneuver","Deflect+1"],"picked":"Die Die Die","floor":23},{"not_picked":["Prepared","Riddle With Holes"],"picked":"Backflip","floor":28},{"not_picked":["Blade Dance","Deflect","Sucker Punch+1"],"picked":"SKIP","floor":30},{"not_picked":["Wraith Form v2","Phantasmal Killer"],"picked":"Tools of the Trade","floor":33},{"not_picked":["Cloak And Dagger","Underhanded Strike+1","Dagger Throw"],"picked":"SKIP","floor":35},{"not_picked":["Underhanded Strike+1","Backflip","Flechettes"],"picked":"SKIP","floor":38},{"not_picked":["Blade Dance","Slice+1","Tactician"],"picked":"SKIP","floor":40},{"not_picked":["Cloak And Dagger","Wraith Form v2"],"picked":"Deadly Poison","floor":42},{"not_picked":["Reflex+1","Underhanded Strike+1"],"picked":"Deadly Poison+1","floor":45},{"not_picked":["Dagger Spray","Slice","A Thousand Cuts"],"picked":"SKIP","floor":46}],"player_experience":111488,"relics_obtained":[{"floor":9,"key":"Lantern"},{"floor":10,"key":"Oddly Smooth Stone"},{"floor":24,"key":"Meat on the Bone"},{"floor":26,"key":"Orichalcum"},{"floor":36,"key":"Tingsha"},{"floor":43,"key":"Whetstone"},{"floor":46,"key":"Juzu Bracelet"},{"floor":48,"key":"Question Card"}],"event_choices":[{"event_name":"Liars Game","player_choice":"disagreed","floor":4,"damage_taken":0},{"event_name":"Big Fish","player_choice":"Donut","floor":13,"damage_taken":0},{"event_name":"Drug Dealer","player_choice":"Ignored","floor":20,"damage_taken":0},{"event_name":"Mysterious Sphere","player_choice":"Fight","floor":36,"damage_taken":0},{"event_name":"Match and Keep!","player_choice":"0 cards matched","floor":44,"damage_taken":0}],"is_beta":false,"boss_relics":[{"not_picked":["Philosopher\u0027s Stone","Velvet Choker"],"picked":"Ring of the Serpent"},{"not_picked":["Sozu","Orrery"],"picked":"Runic Pyramid"}],"items_purged_floors":[37,39],"is_endless":false,"potions_floor_spawned":[3,10,11,14,18,19,22,28,35,38,40],"killed_by":"Awakened One","ascension_level":0}