{"gold_per_floor":[113,113,113,128,146,146,181,181,205,41,41,64,77,118,118,212,212,233,249,249,82,106,139,139,177,250,250],"floor_reached":27,"playtime":1009,"items_purged":["Bash"],"score":572,"play_id":"88868dbf-de3b-44b1-8c10-ac9dfdedc95b","local_time":"20190417102953","is_ascension_mode":true,"campfire_choices":[{"data":"Uppercut","floor":6.0,"key":"SMITH"},{"data":"Armaments","floor":8.0,"key":"SMITH"},{"data":"Immolate","floor":11.0,"key":"SMITH"},{"data":"Uppercut","floor":15.0,"key":"SMITH"},{"data":"True Grit","floor":24.0,"key":"SMITH"}],"neow_cost":"NONE","seed_source_timestamp":790110030728700,"circlet_count":0,"master_deck":["AscendersBane","Strike_R","Strike_R","Strike_R+1","Strike_R","Strike_R+1","Defend_R","Defend_R","Defend_R","Defend_R","Spot Weakness","Uppercut+1","Armaments+1","Shrug It Off","Immolate+1","Uppercut+1","Thunderclap","Reaper","True Grit+1","Dual Wield+1","Flash of Steel","Flame Barrier","Flame Barrier","Feed","Reaper"],"special_seed":0,"relics":["Burning Blood","NeowsBlessing","Golden Idol","Anchor","Orichalcum","Prayer Wheel","Runic Pyramid","Red Skull","Whetstone","Vajra","Mercury Hourglass"],"potions_floor_usage":[25],"damage_taken":[{"damage":0.0,"enemies":"Jaw Worm","floor":1.0,"turns":1.0},{"damage":0.0,"enemies":"Small Slimes","floor":4.0,"turns":1.0},{"damage":0.0,"enemies":"Cultist","floor":5.0,"turns":1.0},{"damage":23.0,"enemies":"Lagavulin","floor":7.0,"turns":7.0},{"damage":0.0,"enemies":"Gremlin Gang","floor":12.0,"turns":3.0},{"damage":3.0,"enemies":"Exordium Thugs","floor":13.0,"turns":5.0},{"damage":0.0,"enemies":"3 Sentries","floor":14.0,"turns":3.0},{"damage":36.0,"enemies":"Hexaghost","floor":16.0,"turns":8.0},{"damage":31.0,"enemies":"3 Byrds","floor":18.0,"turns":6.0},{"damage":9.0,"enemies":"2 Thieves","floor":19.0,"turns":4.0},{"damage":6.0,"enemies":"3 Cultists","floor":22.0,"turns":3.0},{"damage":85.0,"enemies":"Slavers","floor":23.0,"turns":8.0},{"damage":44,"enemies":"Book of Stabbing","floor":25,"turns":6},{"damage":5,"enemies":"Sentry and Sphere","floor":27,"turns":3}],"seed_played":"-2757213130230440000","potions_obtained":[{"floor":4.0,"key":"LiquidBronze"},{"floor":5.0,"key":"Fire Potion"},{"floor":7.0,"key":"AttackPotion"},{"floor":16.0,"key":"Block Potion"},{"floor":19.0,"key":"SteroidPotion"},{"floor":22.0,"key":"Dexterity Potion"},{"floor":23.0,"key":"SkillPotion"},{"floor":25,"key":"SkillPotion"}],"is_trial":false,"path_per_floor":["M","?","?","M","M","R","E","R","T","$","R","M","M","E","R","B",null,"M","M","?","$","M","E","R","E","T","M"],"character_chosen":"IRONCLAD","items_purchased":["Immolate","Flash of Steel"],"campfire_rested":0,"item_purchase_floors":[10,21],"current_hp_per_floor":[74,68,73,73,73,73,56,56,56,56,56,62,65,71,71,41,65,52,55,55,55,66,50,50,12,12,15],"gold":250,"neow_bonus":"THREE_ENEMY_KILL","is_prod":false,"is_daily":false,"chose_seed":false,"campfire_upgraded":5,"win_rate":0,"timestamp":1555486193,"path_taken":["M","?","?","M","M","R","E","R","T","$","R","M","M","E","R","BOSS","M","M","?","$","?","E","R","E","T","?"],"build_version":"2019-01-23","purchased_purges":1,"victory":false,"max_hp_per_floor":[75,68,73,73,73,73,73,73,73,73,73,73,73,73,73,73,73,73,73,73,73,73,73,73,73,73,73],"card_choices":[{"not_picked":["Thunderclap","Wild Strike"],"picked":"Spot Weakness","floor":1.0},{"not_picked":["Perfected Strike","Heavy Blade"],"picked":"Uppercut","floor":4.0},{"not_picked":["Body Slam","Wild Strike"],"picked":"Armaments","floor":5.0},{"not_picked":["Dual Wield","Burning Pact"],"picked":"Shrug It Off","floor":7.0},{"not_picked":["Heavy Blade","Metallicize"],"picked":"Uppercut","floor":12.0},{"not_picked":["Twin Strike","Seeing Red"],"picked":"Thunderclap","floor":13.0},{"not_picked":["Cleave","Iron Wave","Heavy Blade"],"picked":"SKIP","floor":14.0},{"not_picked":["Barricade","Impervious"],"picked":"Reaper","floor":16.0},{"not_picked":["Carnage","Twin Strike+1"],"picked":"True Grit","floor":18.0},{"not_picked":["Warcry","Armaments","Twin Strike"],"picked":"SKIP","floor":18.0},{"not_picked":["Wild Strike","Clash"],"picked":"Dual Wield+1","floor":19.0},{"not_picked":["Perfected Strike","Dropkick","Cleave"],"picked":"SKIP","floor":19.0},{"not_picked":["Twin Strike","Body Slam"],"picked":"Flame Barrier","floor":22.0},{"not_picked":["Feel No Pain","Body Slam"],"picked":"Flame Barrier","floor":22.0},{"not_picked":["Reckless Charge","Armaments"],"picked":"Feed","floor":23.0},{"not_picked":["Body Slam","Headbutt"],"picked":"Reaper","floor":25}],"player_experience":1176781,"relics_obtained":[{"floor":7.0,"key":"Anchor"},{"floor":9.0,"key":"Orichalcum"},{"floor":14.0,"key":"Prayer Wheel"},{"floor":23.0,"key":"Whetstone"},{"floor":25,"key":"Vajra"},{"floor":26,"key":"Mercury Hourglass"}],"event_choices":[{"damage_healed":0.0,"max_hp_gain":0.0,"max_hp_loss":7.0,"gold_gain":0.0,"event_name":"Golden Idol","player_choice":"Lose Max HP","floor":2.0,"gold_loss":0.0,"damage_taken":0.0,"relics_obtained":["Golden Idol"]},{"damage_healed":0.0,"max_hp_gain":5.0,"max_hp_loss":0.0,"gold_gain":0.0,"event_name":"Big Fish","player_choice":"Donut","floor":3.0,"gold_loss":0.0,"damage_taken":0.0},{"damage_healed":0.0,"max_hp_gain":0.0,"max_hp_loss":0.0,"gold_gain":0.0,"event_name":"WeMeetAgain","player_choice":"Gave Potion","floor":20.0,"gold_loss":0.0,"damage_taken":0.0,"relics_obtained":["Red Skull"]}],"is_beta":false,"boss_relics":[{"not_picked":["Pandora\u0027s Box","Sozu"],"picked":"Runic Pyramid"}],"items_purged_floors":[21],"is_endless":false,"potions_floor_spawned":[4,5,7,16,19,22,23,25],"killed_by":"Sentry and Sphere","ascension_level":20}