{"gold_per_floor":[115,115,125,31,41,69,69,97,168,168,168,179,207,237,237,342,342,359,359,359,378,397,426,426],"floor_reached":24,"playtime":1665,"items_purged":[],"score":369,"play_id":"491636ce-2414-43d5-b1bc-bbdc0b1a26b1","local_time":"20190810235605","is_ascension_mode":true,"campfire_choices":[{"floor":7,"key":"REST"},{"data":"Streamline","floor":15,"key":"SMITH"}],"neow_cost":"NONE","seed_source_timestamp":51308724322120,"circlet_count":0,"master_deck":["Strike_B+1","Defend_B","Defend_B","Defend_B","Defend_B","Zap","Dualcast+1","Compile Driver","Ball Lightning","Coolheaded","Chaos+1","Streamline+1","Hologram","Gash","Seek","Buffer","Coolheaded+1","Steam","Loop","Doom and Gloom"],"relics":["Cracked Core","Girya","PreservedInsect","Meat on the Bone","Bag of Marbles","Empty Cage","Dream Catcher"],"potions_floor_usage":[8,8,21,22,22,23],"damage_taken":[{"damage":2,"enemies":"Jaw Worm","floor":1,"turns":4},{"damage":5,"enemies":"Small Slimes","floor":3,"turns":2},{"damage":0,"enemies":"Cultist","floor":5,"turns":3},{"damage":13,"enemies":"Lagavulin","floor":6,"turns":7},{"damage":7,"enemies":"3 Sentries","floor":8,"turns":7},{"damage":0,"enemies":"3 Louse","floor":12,"turns":4},{"damage":7,"enemies":"Lagavulin","floor":13,"turns":4},{"damage":0,"enemies":"Slime Boss","floor":16,"turns":5},{"damage":12,"enemies":"Shell Parasite","floor":18,"turns":5},{"damage":6,"enemies":"Chosen","floor":21,"turns":4},{"damage":41,"enemies":"Shelled Parasite and Fungi","floor":22,"turns":9},{"damage":18,"enemies":"Slavers","floor":23,"turns":5},{"damage":27,"enemies":"Snecko","floor":24,"turns":4}],"seed_played":"-514552520188649813","potions_obtained":[{"floor":1,"key":"SpeedPotion"},{"floor":3,"key":"Block Potion"},{"floor":6,"key":"Explosive Potion"},{"floor":12,"key":"EssenceOfSteel"},{"floor":18,"key":"Fruit Juice"},{"floor":21,"key":"Regen Potion"}],"is_trial":false,"path_per_floor":["M","?","M","$","M","E","R","E","T","?","?","M","E","?","R","B",null,"M","?","?","M","M","E","M"],"character_chosen":"DEFECT","items_purchased":["Coolheaded","AttackPotion"],"campfire_rested":1,"item_purchase_floors":[4,4],"current_hp_per_floor":[66,51,46,46,46,33,55,48,48,48,48,48,41,41,41,41,67,55,55,48,47,33,27,0],"gold":426,"neow_bonus":"REMOVE_CARD","is_prod":false,"is_daily":false,"chose_seed":false,"campfire_upgraded":1,"win_rate":0,"timestamp":1565474165,"path_taken":["M","?","M","$","M","E","R","E","T","?","?","?","E","?","R","BOSS","M","?","?","?","M","E","M"],"build_version":"2019-07-17","purchased_purges":0,"victory":false,"max_hp_per_floor":[75,75,75,75,75,75,75,75,75,75,75,75,75,75,75,75,75,75,75,75,80,80,80,80],"card_choices":[{"not_picked":["Skim","Stack"],"picked":"Compile Driver","floor":1},{"not_picked":["Stack","Hologram"],"picked":"Ball Lightning","floor":3},{"not_picked":["Darkness","Amplify"],"picked":"Chaos","floor":5},{"not_picked":["Stack","Compile Driver"],"picked":"Streamline","floor":6},{"not_picked":["Steam Power","Conserve Battery"],"picked":"Hologram","floor":8},{"not_picked":["Barrage","Tempest"],"picked":"Gash","floor":12},{"not_picked":["Force Field","Double Energy"],"picked":"Seek","floor":13},{"not_picked":["Core Surge","Thunder Strike"],"picked":"Buffer","floor":16},{"not_picked":["Barrage","Go for the Eyes+1"],"picked":"Coolheaded+1","floor":18},{"not_picked":["Leap+1","Compile Driver"],"picked":"Steam","floor":21},{"not_picked":["Beam Cell","Core Surge"],"picked":"Loop","floor":22},{"not_picked":["Compile Driver","Heatsinks"],"picked":"Doom and Gloom","floor":23}],"player_experience":856315,"relics_obtained":[{"floor":6,"key":"Girya"},{"floor":8,"key":"PreservedInsect"},{"floor":9,"key":"Meat on the Bone"},{"floor":13,"key":"Bag of Marbles"},{"floor":23,"key":"Dream Catcher"}],"event_choices":[{"damage_healed":0,"gold_gain":0,"player_choice":"Entered Light","damage_taken":15,"max_hp_gain":0,"max_hp_loss":0,"event_name":"Shining Light","floor":2,"gold_loss":0,"cards_upgraded":["Strike_B","Dualcast"]},{"damage_healed":0,"gold_gain":0,"player_choice":"Ignored","damage_taken":0,"max_hp_gain":0,"max_hp_loss":0,"event_name":"Liars Game","floor":10,"gold_loss":0},{"damage_healed":0,"gold_gain":0,"player_choice":"Upgraded","damage_taken":0,"max_hp_gain":0,"max_hp_loss":0,"event_name":"Upgrade Shrine","floor":11,"gold_loss":0,"cards_upgraded":["Chaos"]},{"damage_healed":0,"gold_gain":30,"player_choice":"Searched \u00272\u0027 times","damage_taken":0,"max_hp_gain":0,"max_hp_loss":0,"event_name":"Dead Adventurer","floor":14,"gold_loss":0},{"damage_healed":0,"gold_gain":0,"player_choice":"Ignored","damage_taken":0,"max_hp_gain":0,"max_hp_loss":0,"event_name":"Ghosts","floor":19,"gold_loss":0},{"damage_healed":0,"gold_gain":0,"player_choice":"","damage_taken":7,"max_hp_gain":0,"max_hp_loss":0,"event_name":"Knowing Skull","floor":20,"potions_obtained":[],"gold_loss":0,"cards_obtained":[]}],"is_beta":false,"boss_relics":[{"not_picked":["White Beast Statue","Lizard Tail"],"picked":"Empty Cage"}],"items_purged_floors":[],"is_endless":false,"potions_floor_spawned":[1,3,6,12,18,21],"killed_by":"Snecko","ascension_level":6}