{"gold_per_floor":[111,111,131,131,131,131,23,53,53,53,53,76,91,105,105,105],"floor_reached":16,"playtime":636,"items_purged":[],"score":196,"play_id":"b11b500f-832f-4e6d-940b-4e447828a540","local_time":"20190505132320","is_ascension_mode":true,"campfire_choices":[{"data":"Zap","floor":6,"key":"SMITH"},{"floor":10,"key":"REST"},{"data":"Chaos","floor":15,"key":"SMITH"}],"neow_cost":"PERCENT_DAMAGE","seed_source_timestamp":1059364885917099,"circlet_count":0,"master_deck":["AscendersBane","Strike_B","Defend_B","Defend_B","Defend_B","Zap+1","Dualcast","Gash","Sweeping Beam","Compile Driver","Go for the Eyes","Chaos+1","Go for the Eyes","Coolheaded"],"relics":["Cracked Core","Anchor","Ornamental Fan","Smiling Mask"],"potions_floor_usage":[16],"damage_taken":[{"damage":4,"enemies":"Jaw Worm","floor":1,"turns":4},{"damage":0,"enemies":"2 Louse","floor":3,"turns":2},{"damage":32,"enemies":"Gremlin Nob","floor":8,"turns":4},{"damage":0,"enemies":"Small Slimes","floor":13,"turns":2},{"damage":2,"enemies":"Red Slaver","floor":14,"turns":3},{"damage":22,"enemies":"Hexaghost","floor":16,"turns":11}],"seed_played":"-4194942273227386526","potions_obtained":[{"floor":8,"key":"EssenceOfSteel"},{"floor":14,"key":"Explosive Potion"}],"is_trial":false,"path_per_floor":["M","?","M","?","?","R","$","E","T","R","$","T","M","M","R","B"],"character_chosen":"DEFECT","items_purchased":["Compile Driver","Go for the Eyes"],"campfire_rested":1,"item_purchase_floors":[7,7],"current_hp_per_floor":[42,42,42,35,35,35,35,3,3,24,24,24,24,22,22,0],"gold":105,"neow_bonus":"REMOVE_TWO","is_prod":false,"is_daily":false,"chose_seed":false,"campfire_upgraded":2,"win_rate":0,"timestamp":1557051800,"path_taken":["M","?","M","?","?","R","$","E","T","R","?","?","M","M","R","BOSS"],"build_version":"2019-01-23","purchased_purges":0,"victory":false,"max_hp_per_floor":[71,71,71,71,71,71,71,71,71,71,71,71,71,71,71,71],"card_choices":[{"not_picked":["BootSequence","Leap"],"picked":"Gash","floor":1},{"not_picked":["Leap","Redo"],"picked":"Sweeping Beam","floor":3},{"not_picked":["Genetic Algorithm","Compile Driver"],"picked":"Chaos","floor":8},{"not_picked":["Sunder","Cold Snap"],"picked":"Go for the Eyes","floor":13},{"not_picked":["Double Energy","Cold Snap"],"picked":"Coolheaded","floor":14}],"player_experience":1297042,"relics_obtained":[{"floor":8,"key":"Anchor"},{"floor":9,"key":"Ornamental Fan"},{"floor":12,"key":"Smiling Mask"}],"event_choices":[{"damage_healed":0,"gold_gain":0,"player_choice":"Ignored","damage_taken":0,"max_hp_gain":0,"max_hp_loss":0,"event_name":"Liars Game","floor":2,"gold_loss":0},{"cards_removed":["Strike_B"],"damage_healed":0,"gold_gain":0,"player_choice":"Card Removal","damage_taken":7,"max_hp_gain":0,"max_hp_loss":0,"event_name":"Golden Wing","floor":4,"gold_loss":0},{"cards_removed":["Strike_B"],"damage_healed":0,"gold_gain":0,"player_choice":"Forget","damage_taken":0,"max_hp_gain":0,"max_hp_loss":0,"event_name":"Living Wall","floor":5,"gold_loss":0}],"is_beta":false,"boss_relics":[],"items_purged_floors":[],"is_endless":false,"potions_floor_spawned":[8,14],"killed_by":"Hexaghost","ascension_level":20}