{"gold_per_floor":[16,31,31,31,46,46,71,71,96,96,116,41,72,83,83,155,155,165,165,180,198,217,276,276,6,32,32,32,52,52,52,52,124,124,140,15,15,31,47,80,94,94,94,126,126,226,279,289,289,289],"floor_reached":50,"playtime":2814,"items_purged":["Strike_R","Strike_R","Havoc+1"],"score":1085,"play_id":"b3b20634-c9dc-4904-8dfa-c3888fc286eb","local_time":"20190327112209","is_ascension_mode":true,"campfire_choices":[{"data":"Bash","floor":6,"key":"SMITH"},{"data":"Infernal Blade","floor":8,"key":"SMITH"},{"data":"Defend_R","floor":15,"key":"SMITH"},{"data":"Anger","floor":24,"key":"SMITH"},{"floor":27,"key":"REST"},{"floor":32,"key":"REST"},{"floor":42,"key":"REST"},{"floor":45,"key":"RECALL"},{"floor":49,"key":"DIG"}],"neow_cost":"NO_GOLD","seed_source_timestamp":778266490972300,"circlet_count":0,"master_deck":["AscendersBane","Strike_R","Defend_R","Defend_R","Defend_R","Defend_R+1","Bash+1","Reaper","Infernal Blade+1","Combust+1","Twin Strike","Impervious","Sword Boomerang","Anger+1","Exhume+1","Offering+1","Intimidate+1","Rage+1","Impatience+1","Fire Breathing","Spot Weakness+1","Juggernaut","Flex+1","Iron Wave","Metallicize","True Grit+1"],"relics":["Burning Blood","Happy Flower","Bag of Preparation","Self Forming Clay","Toxic Egg 2","Busted Crown","Tiny Chest","Bag of Marbles","Magic Flower","Philosopher\u0027s Stone","Letter Opener","Bottled Flame","Incense Burner","Ginger","Shovel","Mercury Hourglass"],"potions_floor_usage":[13,16,23,50,50],"damage_taken":[{"damage":13,"enemies":"Small Slimes","floor":1,"turns":4},{"damage":2,"enemies":"Jaw Worm","floor":2,"turns":3},{"damage":2,"enemies":"Cultist","floor":5,"turns":4},{"damage":37,"enemies":"3 Sentries","floor":7,"turns":7},{"damage":31,"enemies":"Exordium Thugs","floor":11,"turns":5},{"damage":7,"enemies":"Gremlin Nob","floor":13,"turns":3},{"damage":9,"enemies":"Lots of Slimes","floor":14,"turns":4},{"damage":37,"enemies":"The Guardian","floor":16,"turns":13},{"damage":9,"enemies":"2 Thieves","floor":18,"turns":3},{"damage":10,"enemies":"Shell Parasite","floor":20,"turns":3},{"damage":12,"enemies":"Centurion and Healer","floor":21,"turns":5},{"damage":50,"enemies":"Cultist and Chosen","floor":22,"turns":6},{"damage":19,"enemies":"Book of Stabbing","floor":23,"turns":5},{"damage":17,"enemies":"Snake Plant","floor":29,"turns":3},{"damage":53,"enemies":"Collector","floor":33,"turns":8},{"damage":8,"enemies":"3 Darklings","floor":35,"turns":3},{"damage":2,"enemies":"Orb Walker","floor":38,"turns":3},{"damage":36,"enemies":"Writhing Mass","floor":39,"turns":6},{"damage":48,"enemies":"Nemesis","floor":40,"turns":7},{"damage":26,"enemies":"Maw","floor":41,"turns":5},{"damage":26,"enemies":"Giant Head","floor":44,"turns":4},{"damage":36,"enemies":"Mind Bloom Boss Battle","floor":46,"turns":5},{"damage":7,"enemies":"2 Orb Walkers","floor":47,"turns":3},{"damage":22,"enemies":"4 Shapes","floor":48,"turns":3},{"damage":121,"enemies":"Awakened One","floor":50,"turns":10}],"seed_played":"7091994895511705472","potions_obtained":[{"floor":2,"key":"FairyPotion"},{"floor":5,"key":"SpeedPotion"},{"floor":11,"key":"SkillPotion"},{"floor":14,"key":"Regen Potion"},{"floor":18,"key":"Regen Potion"},{"floor":23,"key":"FearPotion"},{"floor":33,"key":"EssenceOfSteel"},{"floor":40,"key":"Block Potion"},{"floor":46,"key":"Strength Potion"}],"is_trial":false,"path_per_floor":["M","M","?","?","M","R","E","R","T","T","M","$","E","M","R","B",null,"M","?","M","M","M","E","R","$","T","R","$","M","?","T","R","B",null,"M","$","?","M","M","E","M","R","T","E","R","?","?","M","R","B"],"character_chosen":"IRONCLAD","items_purchased":["Rage+1","Impatience+1"],"campfire_rested":3,"item_purchase_floors":[25,25],"current_hp_per_floor":[65,69,69,69,73,73,54,54,54,54,32,32,37,43,43,33,65,62,62,64,64,24,25,25,25,25,47,47,42,42,42,64,40,66,75,75,71,71,62,23,20,41,41,48,48,39,55,71,71,0],"gold":289,"neow_bonus":"TRANSFORM_TWO_CARDS","is_prod":false,"is_daily":false,"chose_seed":false,"campfire_upgraded":4,"win_rate":0,"timestamp":1553674929,"path_taken":["M","M","?","?","?","R","E","R","T","?","?","?","E","M","R","BOSS","M","?","M","?","?","E","R","$","T","R","?","M","?","?","R","BOSS","M","$","?","M","M","E","M","R","T","E","R","?","?","M","R","BOSS"],"build_version":"2019-01-23","purchased_purges":3,"victory":false,"max_hp_per_floor":[75,75,75,75,75,75,75,75,75,75,75,75,75,75,75,75,75,75,75,75,75,75,75,75,75,75,75,75,75,75,75,75,75,75,75,75,71,71,71,71,71,71,71,71,71,71,71,71,71,71],"card_choices":[{"not_picked":["Warcry","Wild Strike","Fire Breathing"],"picked":"SKIP","floor":1},{"not_picked":["Headbutt","Twin Strike"],"picked":"Combust","floor":2},{"not_picked":["Flex","Shrug It Off"],"picked":"Impervious","floor":5},{"not_picked":["Clothesline","Warcry"],"picked":"Sword Boomerang","floor":7},{"not_picked":["Wild Strike","Armaments"],"picked":"Anger","floor":11},{"not_picked":["Cleave","Barricade"],"picked":"Exhume","floor":13},{"not_picked":["Sword Boomerang","Cleave","Heavy Blade"],"picked":"SKIP","floor":14},{"not_picked":["Brutality","Exhume+1"],"picked":"Offering+1","floor":16},{"not_picked":[],"picked":"Intimidate+1","floor":18},{"not_picked":[],"picked":"Havoc+1","floor":20},{"not_picked":["Sword Boomerang"],"picked":"SKIP","floor":21},{"not_picked":["Dropkick+1"],"picked":"SKIP","floor":22},{"not_picked":["Heavy Blade"],"picked":"SKIP","floor":23},{"not_picked":[],"picked":"Fire Breathing","floor":29},{"not_picked":[],"picked":"Juggernaut","floor":33},{"not_picked":["Warcry+1"],"picked":"SKIP","floor":35},{"not_picked":["Havoc+1"],"picked":"SKIP","floor":38},{"not_picked":[],"picked":"Flex+1","floor":39},{"not_picked":[],"picked":"Iron Wave","floor":40},{"not_picked":[],"picked":"Metallicize","floor":41},{"not_picked":["Searing Blow"],"picked":"SKIP","floor":44},{"not_picked":[],"picked":"True Grit+1","floor":47},{"not_picked":["Infernal Blade+1"],"picked":"SKIP","floor":48}],"player_experience":1029466,"relics_obtained":[{"floor":7,"key":"Happy Flower"},{"floor":9,"key":"Bag of Preparation"},{"floor":10,"key":"Self Forming Clay"},{"floor":13,"key":"Toxic Egg 2"},{"floor":23,"key":"Tiny Chest"},{"floor":26,"key":"Bag of Marbles"},{"floor":31,"key":"Magic Flower"},{"floor":40,"key":"Letter Opener"},{"floor":43,"key":"Bottled Flame"},{"floor":44,"key":"Incense Burner"},{"floor":46,"key":"Ginger"},{"floor":47,"key":"Shovel"},{"floor":49,"key":"Mercury Hourglass"}],"event_choices":[{"damage_healed":0,"gold_gain":0,"player_choice":"Ignored","damage_taken":0,"max_hp_gain":0,"max_hp_loss":0,"event_name":"Liars Game","floor":3,"gold_loss":0},{"damage_healed":0,"gold_gain":0,"player_choice":"1 cards matched","damage_taken":0,"max_hp_gain":0,"max_hp_loss":0,"event_name":"Match and Keep!","floor":4,"gold_loss":0,"cards_obtained":["Twin Strike"]},{"damage_healed":0,"gold_gain":0,"player_choice":"Forge","damage_taken":0,"max_hp_gain":0,"max_hp_loss":0,"event_name":"Accursed Blacksmith","floor":19,"gold_loss":0,"cards_upgraded":["Combust"]},{"damage_healed":0,"gold_gain":0,"player_choice":"Read","damage_taken":0,"max_hp_gain":0,"max_hp_loss":0,"event_name":"The Library","floor":30,"gold_loss":0,"cards_obtained":["Spot Weakness"]},{"damage_healed":0,"gold_gain":0,"player_choice":"Max HP","damage_taken":0,"max_hp_gain":0,"max_hp_loss":4,"event_name":"Winding Halls","floor":37,"gold_loss":0},{"damage_healed":0,"gold_gain":0,"player_choice":"Fight","damage_taken":0,"max_hp_gain":0,"max_hp_loss":0,"event_name":"MindBloom","floor":46,"gold_loss":0},{"damage_healed":0,"gold_gain":0,"player_choice":"Fight","damage_taken":0,"max_hp_gain":0,"max_hp_loss":0,"event_name":"Mysterious Sphere","floor":47,"gold_loss":0}],"is_beta":false,"boss_relics":[{"not_picked":["Velvet Choker","Runic Dome"],"picked":"Busted Crown"},{"not_picked":["Lizard Tail","Black Star"],"picked":"Philosopher\u0027s Stone"}],"items_purged_floors":[12,25,36],"is_endless":false,"potions_floor_spawned":[2,5,11,14,18,23,33,38,40,44,46],"killed_by":"Awakened One","ascension_level":20}