{"gold_per_floor":[112,128,138,138,138,138,176,191,191,207,207,207],"floor_reached":12,"playtime":384,"items_purged":[],"score":124,"play_id":"d14f68f4-ab78-446e-9e32-d957bdf560ce","local_time":"20180813164853","is_ascension_mode":true,"campfire_choices":[{"data":"Zap","floor":6,"key":"SMITH"}],"neow_cost":"PERCENT_DAMAGE","seed_source_timestamp":424404957121482,"circlet_count":0,"master_deck":["Strike_B","Strike_B","Defend_B","Defend_B","Defend_B","Defend_B","Zap+1","Dualcast","AscendersBane","Double Energy","Sweeping Beam","Loop","Gash","Genetic Algorithm","Seek"],"relics":["Cracked Core","Golden Idol","Ornamental Fan","Gambling Chip"],"potions_floor_usage":[7],"damage_taken":[{"damage":3,"enemies":"Jaw Worm","floor":1,"turns":4},{"damage":0,"enemies":"Small Slimes","floor":2,"turns":3},{"damage":0,"enemies":"2 Louse","floor":3,"turns":3},{"damage":20,"enemies":"Lagavulin","floor":7,"turns":6},{"damage":11,"enemies":"Blue Slaver","floor":8,"turns":3},{"damage":5,"enemies":"Looter","floor":10,"turns":4},{"damage":11,"enemies":"Lots of Slimes","floor":12,"turns":1}],"seed_played":"-5590456500289696628","potions_obtained":[{"floor":2,"key":"AttackPotion"},{"floor":10,"key":"PowerPotion"}],"is_trial":false,"path_per_floor":["M","M","M","?","$","R","E","M","T","M","?"],"character_chosen":"DEFECT","items_purchased":[],"campfire_rested":0,"item_purchase_floors":[],"current_hp_per_floor":[47,47,47,47,47,47,27,16,16,11,11,0],"gold":207,"neow_bonus":"REMOVE_TWO","is_prod":false,"is_daily":false,"chose_seed":false,"campfire_upgraded":1,"win_rate":0,"timestamp":1534146533,"path_taken":["M","M","M","?","?","R","E","M","T","M","?","M"],"build_version":"2018-08-09","purchased_purges":0,"victory":false,"max_hp_per_floor":[75,75,75,69,69,69,69,69,69,69,69,69],"card_choices":[{"not_picked":["Barrage","Stack"],"picked":"Double Energy","floor":1},{"not_picked":["Rebound","Lockon"],"picked":"Sweeping Beam","floor":2},{"not_picked":["Lockon","Sweeping Beam"],"picked":"Loop","floor":3},{"not_picked":["Sweeping Beam","Cold Snap"],"picked":"Gash","floor":7},{"not_picked":["Aggregate","Heatsinks"],"picked":"Genetic Algorithm","floor":8},{"not_picked":["Cold Snap","Stack"],"picked":"Seek","floor":10}],"player_experience":211570,"relics_obtained":[{"floor":7,"key":"Ornamental Fan"},{"floor":9,"key":"Gambling Chip"}],"event_choices":[{"event_name":"Golden Idol","player_choice":"Lose Max HP","floor":4,"damage_taken":0},{"event_name":"Scrap Ooze","player_choice":"unsuccessful","floor":11,"damage_taken":0}],"is_beta":false,"boss_relics":[],"items_purged_floors":[],"is_endless":false,"potions_floor_spawned":[2,10],"killed_by":"Lots of Slimes","ascension_level":11}