{"gold_per_floor":[117,127,142,142,1,1,32,32,32,43,102,118,118,118,118,189,189,203,179,179,199,216,216,216,216,216,229,229,16,16,16],"floor_reached":31,"playtime":1827,"items_purged":["Strike_G"],"score":466,"play_id":"351a368c-bd86-48fb-98d7-500315837228","local_time":"20190918221422","is_ascension_mode":true,"campfire_choices":[{"data":"Poisoned Stab","floor":6,"key":"SMITH"},{"floor":13,"key":"REST"},{"floor":15,"key":"REST"},{"floor":23,"key":"REST"},{"data":"Footwork","floor":25,"key":"SMITH"},{"data":"Noxious Fumes","floor":28,"key":"SMITH"}],"neow_cost":"NONE","seed_source_timestamp":3983896002752,"circlet_count":0,"master_deck":["AscendersBane","Strike_G","Strike_G","Defend_G","Defend_G","Defend_G","Defend_G","Defend_G","Survivor","Neutralize","Cloak And Dagger","Footwork+1","Caltrops","Noxious Fumes+1","Poisoned Stab+1","Leg Sweep+1","Deadly Poison+1","PiercingWail+1","Prepared+1","All Out Attack","Dash+1","Backflip+1","Outmaneuver+1","Glass Knife","Blur+1","Footwork+1"],"relics":["Ring of the Snake","Mummified Hand","Toxic Egg 2","Tiny Chest","Runic Pyramid","Strawberry","Bag of Marbles"],"potions_floor_usage":[11,27,31],"damage_taken":[{"damage":4,"enemies":"Cultist","floor":1,"turns":4},{"damage":0,"enemies":"2 Louse","floor":2,"turns":4},{"damage":5,"enemies":"Small Slimes","floor":3,"turns":5},{"damage":8,"enemies":"Lagavulin","floor":7,"turns":7},{"damage":16,"enemies":"Gremlin Gang","floor":10,"turns":4},{"damage":23,"enemies":"Gremlin Nob","floor":11,"turns":4},{"damage":0,"enemies":"3 Louse","floor":12,"turns":4},{"damage":26,"enemies":"Slime Boss","floor":16,"turns":10},{"damage":3,"enemies":"Chosen","floor":18,"turns":7},{"damage":27,"enemies":"2 Thieves","floor":19,"turns":4},{"damage":10,"enemies":"Sentry and Sphere","floor":21,"turns":7},{"damage":7,"enemies":"Cultist and Chosen","floor":22,"turns":7},{"damage":10,"enemies":"Snecko","floor":27,"turns":6},{"damage":51,"enemies":"Slavers","floor":31,"turns":4}],"seed_played":"-5509191562411739454","potions_obtained":[{"floor":2,"key":"Dexterity Potion"},{"floor":10,"key":"Poison Potion"},{"floor":12,"key":"GamblersBrew"},{"floor":21,"key":"Block Potion"},{"floor":22,"key":"Regen Potion"}],"is_trial":false,"path_per_floor":["M","M","M","?","$","R","E","?","T","M","E","M","R","?","R","B",null,"M","M","?","M","M","R","?","R","T","M","R","$","?","E"],"character_chosen":"THE_SILENT","items_purchased":["Noxious Fumes","Poisoned Stab","Swift Potion","Blur+1","Dexterity Potion"],"campfire_rested":3,"item_purchase_floors":[5,5,5,29,29],"current_hp_per_floor":[61,61,56,49,49,49,41,41,41,25,2,2,23,23,44,18,59,56,29,36,26,19,42,42,42,42,46,46,46,46,0],"gold":16,"neow_bonus":"TEN_PERCENT_HP_BONUS","is_prod":false,"is_daily":false,"chose_seed":false,"campfire_upgraded":3,"win_rate":0,"timestamp":1568837662,"path_taken":["M","?","M","?","$","R","E","?","T","M","E","M","R","?","R","BOSS","M","?","?","M","?","R","?","R","T","M","R","$","?","E"],"build_version":"2019-07-17","purchased_purges":1,"victory":false,"max_hp_per_floor":[72,72,72,72,72,72,72,72,72,72,72,72,72,72,72,72,72,72,72,79,79,79,79,79,79,79,79,79,79,79,79],"card_choices":[{"not_picked":["Caltrops","Sucker Punch"],"picked":"Cloak And Dagger","floor":1},{"not_picked":["Bane","Catalyst"],"picked":"Footwork","floor":2},{"not_picked":["Dodge and Roll","Reflex"],"picked":"Caltrops","floor":3},{"not_picked":["Eviscerate","Prepared"],"picked":"Dagger Throw","floor":7},{"not_picked":["Deflect+1","Endless Agony"],"picked":"Leg Sweep+1","floor":10},{"not_picked":["Acrobatics+1","Flechettes"],"picked":"Deadly Poison+1","floor":11},{"not_picked":["Dagger Throw","Outmaneuver+1"],"picked":"PiercingWail+1","floor":12},{"not_picked":["Underhanded Strike","Sucker Punch"],"picked":"All Out Attack","floor":18},{"not_picked":["Prepared+1","Cloak And Dagger+1"],"picked":"Dash+1","floor":19},{"not_picked":["Flying Knee+1","Deadly Poison+1"],"picked":"Backflip+1","floor":21},{"not_picked":["Acrobatics+1","Backflip+1"],"picked":"Outmaneuver+1","floor":22},{"not_picked":["Dodge and Roll+1","Well Laid Plans"],"picked":"Glass Knife","floor":27}],"player_experience":1063037,"relics_obtained":[{"floor":7,"key":"Mummified Hand"},{"floor":9,"key":"Toxic Egg 2"},{"floor":11,"key":"Tiny Chest"},{"floor":26,"key":"Bag of Marbles"}],"event_choices":[{"cards_removed":["Strike_G"],"damage_healed":0,"gold_gain":0,"player_choice":"Card Removal","damage_taken":7,"max_hp_gain":0,"max_hp_loss":0,"event_name":"Golden Wing","floor":4,"gold_loss":0},{"damage_healed":0,"gold_gain":0,"player_choice":"Searched \u00271\u0027 times","damage_taken":0,"max_hp_gain":0,"max_hp_loss":0,"event_name":"Dead Adventurer","floor":8,"gold_loss":0},{"damage_healed":0,"gold_gain":0,"cards_transformed":["Strike_G"],"player_choice":"Transformed","damage_taken":0,"max_hp_gain":0,"max_hp_loss":0,"event_name":"Transmorgrifier","floor":14,"gold_loss":0,"cards_obtained":["Prepared"]},{"cards_removed":["Dagger Throw"],"damage_healed":0,"gold_gain":0,"player_choice":"Gave Card","damage_taken":0,"relics_obtained":["Strawberry"],"max_hp_gain":0,"max_hp_loss":0,"event_name":"WeMeetAgain","floor":20,"gold_loss":0},{"damage_healed":0,"gold_gain":0,"player_choice":"Ignored","damage_taken":0,"max_hp_gain":0,"max_hp_loss":0,"event_name":"Vampires","floor":24,"gold_loss":0},{"damage_healed":0,"gold_gain":0,"player_choice":"Copied","damage_taken":0,"max_hp_gain":0,"max_hp_loss":0,"event_name":"Duplicator","floor":30,"gold_loss":0,"cards_obtained":["Footwork"]}],"is_beta":false,"boss_relics":[{"not_picked":["Fusion Hammer","Calling Bell"],"picked":"Runic Pyramid"}],"items_purged_floors":[29],"is_endless":false,"potions_floor_spawned":[2,10,12,18,21,22],"killed_by":"Slavers","ascension_level":18}