{"gold_per_floor":[367,442,10,10,10,43,43,59,59,76,23,42,42,68,68,141,141,153,153,153,165,177,189,213,225],"floor_reached":25,"playtime":895,"items_purged":["Regret"],"score":398,"play_id":"eb3ec9ef-a6fb-4c07-b72a-17728f01ea51","local_time":"20191007112833","is_ascension_mode":true,"campfire_choices":[{"data":"Whirlwind","floor":7,"key":"SMITH"},{"data":"Body Slam","floor":13,"key":"SMITH"},{"data":"Pommel Strike","floor":15,"key":"SMITH"},{"data":"Clothesline","floor":23,"key":"SMITH"}],"neow_cost":"CURSE","seed_source_timestamp":903297775935900,"circlet_count":0,"master_deck":["AscendersBane","Strike_R+1","Strike_R+1","Strike_R+1","Strike_R+1","Strike_R+1","Defend_R+1","Defend_R+1","Defend_R+1","Defend_R+1","Bash+1","Pommel Strike+1","Whirlwind+1","Body Slam+1","Disarm","Shrug It Off","Feed","Clothesline+1","Writhe","Carnage"],"relics":["Burning Blood","TheAbacus","Mercury Hourglass","Matryoshka","Anchor","Art of War","White Beast Statue","MawBank"],"potions_floor_usage":[6,10,21,24,25],"damage_taken":[{"damage":7,"enemies":"2 Louse","floor":1,"turns":4},{"damage":34,"enemies":"Lagavulin","floor":6,"turns":7},{"damage":12,"enemies":"Jaw Worm","floor":8,"turns":2},{"damage":0,"enemies":"Small Slimes","floor":10,"turns":2},{"damage":2,"enemies":"Exordium Thugs","floor":12,"turns":4},{"damage":8,"enemies":"The Guardian","floor":16,"turns":14},{"damage":23,"enemies":"Shell Parasite","floor":18,"turns":4},{"damage":0,"enemies":"Chosen","floor":21,"turns":1},{"damage":10,"enemies":"3 Cultists","floor":24,"turns":4},{"damage":28,"enemies":"Cultist and Chosen","floor":25,"turns":5}],"seed_played":"6415851101515303521","potions_obtained":[{"floor":6,"key":"FearPotion"},{"floor":8,"key":"Fire Potion"},{"floor":18,"key":"SmokeBomb"},{"floor":24,"key":"SkillPotion"}],"is_trial":false,"path_per_floor":["M","?","$","?","$","E","R","M","T","M","$","M","R","T","R","B",null,"M","?","?","M","?","R","M","M"],"character_chosen":"IRONCLAD","items_purchased":["TheAbacus","Whirlwind","FearPotion","Shrug It Off"],"campfire_rested":0,"item_purchase_floors":[3,3,3,11],"current_hp_per_floor":[67,56,56,56,56,28,28,22,22,28,28,32,32,32,32,30,64,47,26,26,32,32,32,28,0],"gold":225,"neow_bonus":"TWO_FIFTY_GOLD","is_prod":false,"is_daily":false,"chose_seed":false,"campfire_upgraded":4,"win_rate":0,"timestamp":1570436913,"path_taken":["M","?","$","?","?","E","R","M","T","M","$","M","R","?","R","BOSS","M","?","?","M","?","R","M","M"],"build_version":"2019-07-17","purchased_purges":1,"victory":false,"max_hp_per_floor":[75,75,75,75,75,75,75,75,75,75,75,75,75,75,75,75,75,75,80,80,80,80,80,80,80],"card_choices":[{"not_picked":["Sword Boomerang","Heavy Blade"],"picked":"Pommel Strike","floor":1},{"not_picked":["Wild Strike","Cleave"],"picked":"Body Slam","floor":6},{"not_picked":["Flex","Iron Wave"],"picked":"Disarm","floor":8},{"not_picked":["Havoc","Warcry","Perfected Strike"],"picked":"SKIP","floor":10},{"not_picked":["Infernal Blade","Flex","Sword Boomerang"],"picked":"SKIP","floor":12},{"not_picked":["Exhume","Fiend Fire"],"picked":"Feed","floor":16},{"not_picked":["Bloodletting","Iron Wave"],"picked":"Clothesline","floor":18},{"not_picked":["Iron Wave","Twin Strike"],"picked":"Carnage","floor":24}],"player_experience":1349389,"relics_obtained":[{"floor":6,"key":"Mercury Hourglass"},{"floor":9,"key":"Matryoshka"},{"floor":14,"key":"Anchor"},{"floor":14,"key":"Art of War"}],"event_choices":[{"damage_healed":0,"gold_gain":75,"player_choice":"Gather Gold","damage_taken":11,"max_hp_gain":0,"max_hp_loss":0,"event_name":"World of Goop","floor":2,"gold_loss":0},{"damage_healed":0,"gold_gain":0,"player_choice":"Grow","damage_taken":0,"max_hp_gain":0,"max_hp_loss":0,"event_name":"Living Wall","floor":4,"gold_loss":0,"cards_upgraded":["Bash"]},{"damage_healed":0,"gold_gain":0,"player_choice":"Shed Blood","damage_taken":26,"max_hp_gain":5,"max_hp_loss":0,"event_name":"Forgotten Altar","floor":19,"gold_loss":0},{"damage_healed":0,"gold_gain":0,"player_choice":"Opened","damage_taken":0,"relics_obtained":["MawBank"],"max_hp_gain":0,"max_hp_loss":0,"event_name":"The Mausoleum","floor":20,"gold_loss":0,"cards_obtained":["Writhe"]},{"damage_healed":0,"gold_gain":0,"player_choice":"Simplicity","damage_taken":0,"max_hp_gain":0,"max_hp_loss":0,"event_name":"Back to Basics","floor":22,"gold_loss":0,"cards_upgraded":["Strike_R","Strike_R","Strike_R","Strike_R","Strike_R","Defend_R","Defend_R","Defend_R","Defend_R"]}],"is_beta":false,"boss_relics":[{"not_picked":["Empty Cage","Tiny House"],"picked":"White Beast Statue"}],"items_purged_floors":[3],"is_endless":false,"potions_floor_spawned":[6,8,18,21,24],"killed_by":"Cultist and Chosen","ascension_level":20}