{"gold_per_floor":[112,131,148,162,162,190,190,206,274,287,313,388,405,484,484,584,584,599,611,625,638,652,652,668,668,668,210,210,227,326,342,342,441,441,458,477,477,130,142,142,167,178,229,229,93,110,128,128,128,128,128,128,7,42,42],"floor_reached":55,"playtime":3609,"items_purged":["Strike_R","Normality","Normality","Strike_R"],"score":767,"play_id":"36e2d609-1c85-4a94-a1b5-6cfddeb28cf7","local_time":"20190917045327","is_ascension_mode":false,"campfire_choices":[{"data":"Clothesline","floor":7.0,"key":"SMITH"},{"floor":15.0,"key":"REST"},{"data":"Iron Wave","floor":23.0,"key":"SMITH"},{"floor":25.0,"key":"RECALL"},{"data":"Shrug It Off","floor":28.0,"key":"SMITH"},{"floor":32.0,"key":"REST"},{"data":"Searing Blow","floor":40.0,"key":"SMITH"},{"data":"Offering","floor":44.0,"key":"SMITH"},{"floor":49.0,"key":"REST"},{"data":"Burning Pact","floor":52.0,"key":"SMITH"}],"neow_cost":"PERCENT_DAMAGE","seed_source_timestamp":267209051558499,"circlet_count":0,"master_deck":["Strike_R","Defend_R","Defend_R","Defend_R","Defend_R","Bash","Immolate","Clothesline+1","Pommel Strike","Battle Trance","Metallicize","Headbutt","Iron Wave","Flex","Feed","Burning Pact+1","Flex","Rage","Anger","Iron Wave+1","Armaments+1","Pain","Shrug It Off+1","Searing Blow+1","Shrug It Off","Cleave","Impervious","Decay","Clumsy","Shrug It Off+1","Offering+1","Panacea","Intimidate+1","True Grit+1","Blood for Blood+1","Inflame","Warcry+1"],"special_seed":0,"relics":["Burning Blood","Pen Nib","Question Card","Du-Vu Doll","Darkstone Periapt","Cursed Key","Membership Card","Juzu Bracelet","PreservedInsect","Calling Bell","Bronze Scales","Mercury Hourglass","FossilizedHelix","Happy Flower","Strawberry","Oddly Smooth Stone","Ancient Tea Set","Anchor","Vajra"],"potions_floor_usage":[55,55,55],"damage_taken":[{"damage":0.0,"enemies":"Small Slimes","floor":1.0,"turns":2.0},{"damage":5.0,"enemies":"2 Louse","floor":2.0,"turns":2.0},{"damage":6.0,"enemies":"Jaw Worm","floor":3.0,"turns":3.0},{"damage":3.0,"enemies":"Gremlin Gang","floor":4.0,"turns":3.0},{"damage":14.0,"enemies":"Gremlin Nob","floor":6.0,"turns":3.0},{"damage":0.0,"enemies":"Lots of Slimes","floor":8.0,"turns":1.0},{"damage":4.0,"enemies":"2 Fungi Beasts","floor":10.0,"turns":3.0},{"damage":26.0,"enemies":"3 Sentries","floor":11.0,"turns":5.0},{"damage":12.0,"enemies":"Exordium Wildlife","floor":13.0,"turns":3.0},{"damage":14.0,"enemies":"Slime Boss","floor":16.0,"turns":8.0},{"damage":2.0,"enemies":"Shell Parasite","floor":18.0,"turns":7.0},{"damage":10.0,"enemies":"Chosen","floor":19.0,"turns":4.0},{"damage":32.0,"enemies":"Snecko","floor":20.0,"turns":6.0},{"damage":9.0,"enemies":"3 Cultists","floor":21.0,"turns":4.0},{"damage":15.0,"enemies":"Cultist and Chosen","floor":22.0,"turns":6.0},{"damage":13.0,"enemies":"Shelled Parasite and Fungi","floor":24.0,"turns":4.0},{"damage":16.0,"enemies":"Snecko","floor":29.0,"turns":5.0},{"damage":18.0,"enemies":"Chosen and Byrds","floor":31.0,"turns":5.0},{"damage":50.0,"enemies":"Automaton","floor":33.0,"turns":10.0},{"damage":0.0,"enemies":"3 Darklings","floor":35.0,"turns":2.0},{"damage":19.0,"enemies":"3 Shapes","floor":36.0,"turns":4.0},{"damage":0.0,"enemies":"3 Darklings","floor":39.0,"turns":3.0},{"damage":19.0,"enemies":"Nemesis","floor":41.0,"turns":5.0},{"damage":16.0,"enemies":"Sphere and 2 Shapes","floor":42.0,"turns":4.0},{"damage":16.0,"enemies":"Maw","floor":46.0,"turns":7.0},{"damage":35.0,"enemies":"Spire Growth","floor":47.0,"turns":6.0},{"damage":79.0,"enemies":"Awakened One","floor":50.0,"turns":17.0},{"damage":36.0,"enemies":"Shield and Spear","floor":54.0,"turns":6.0},{"damage":111,"enemies":"The Heart","floor":55,"turns":12}],"seed_played":"3120712576812607486","potions_obtained":[{"floor":6.0,"key":"Dexterity Potion"},{"floor":8.0,"key":"Ancient Potion"},{"floor":10.0,"key":"Weak Potion"},{"floor":19.0,"key":"Energy Potion"},{"floor":36.0,"key":"Swift Potion"}],"is_trial":false,"path_per_floor":["M","M","M","M","?","E","R","M","T","M","E","?","M","T","R","B",null,"M","M","M","M","M","R","M","R","T","$","R","M","?","M","R","B",null,"M","M","?","$","M","R","E","M","T","R","$","M","M","?","R","B",null,"R","$","E","B"],"character_chosen":"IRONCLAD","items_purchased":["Membership Card","Shrug It Off","Searing Blow","Juzu Bracelet","PreservedInsect","Happy Flower","Strawberry","Offering","Panacea","Strength Potion","Anchor","PowerPotion","Inflame"],"campfire_rested":3,"item_purchase_floors":[27,27,27,27,27,38,38,38,38,38,45,53,53],"current_hp_per_floor":[62,63,63,66,59,51,51,57,57,59,39,28,22,22,46,38,80,83,82,59,59,53,53,46,46,52,52,52,42,42,33,64,20,122,122,112,112,119,125,125,112,105,111,111,111,101,72,72,114,41,141,141,141,111,0],"gold":42,"neow_bonus":"THREE_RARE_CARDS","is_prod":false,"is_daily":false,"chose_seed":false,"campfire_upgraded":6,"win_rate":0,"timestamp":1568663607,"path_taken":["M","M","M","M","?","E","R","M","T","M","E","?","M","?","R","BOSS","M","M","M","M","?","R","M","R","T","$","R","M","?","M","R","BOSS","M","M","?","$","M","R","E","M","T","R","$","M","M","?","R","BOSS","R","$","E","BOSS"],"build_version":"2019-07-17","purchased_purges":4,"victory":false,"max_hp_per_floor":[80,80,80,80,80,80,80,80,80,80,80,80,80,80,80,80,80,83,86,89,92,95,95,95,95,101,101,101,101,101,104,104,104,122,122,125,125,132,132,132,132,135,141,141,141,141,141,141,141,141,141,141,141,141,141],"card_choices":[{"not_picked":["Demon Form","Bludgeon"],"picked":"Immolate","floor":0.0},{"not_picked":["Havoc","Rupture"],"picked":"Clothesline","floor":1.0},{"not_picked":["Fire Breathing","Clash","Body Slam"],"picked":"SKIP","floor":2.0},{"not_picked":["Warcry","True Grit"],"picked":"Pommel Strike","floor":3.0},{"not_picked":["Flex","Thunderclap"],"picked":"Battle Trance","floor":4.0},{"not_picked":["Evolve","Fire Breathing"],"picked":"Metallicize","floor":6.0},{"not_picked":["Perfected Strike","Immolate"],"picked":"Headbutt","floor":8.0},{"not_picked":["Clothesline","Perfected Strike","Flex"],"picked":"Iron Wave","floor":10.0},{"not_picked":["Barricade","Sword Boomerang","Twin Strike"],"picked":"Flex","floor":11.0},{"not_picked":["Clothesline","Barricade","Body Slam","Clash"],"picked":"SKIP","floor":13.0},{"not_picked":["Exhume","Juggernaut","Limit Break"],"picked":"Feed","floor":16.0},{"not_picked":["Seeing Red","Carnage","Heavy Blade"],"picked":"Burning Pact","floor":18.0},{"not_picked":["Body Slam","Perfected Strike+1","Entrench"],"picked":"Flex","floor":19.0},{"not_picked":["Corruption","Berserk","Clash+1"],"picked":"Rage","floor":20.0},{"not_picked":["Carnage","Wild Strike","Immolate"],"picked":"Anger","floor":21.0},{"not_picked":["Anger+1","Dual Wield","Perfected Strike"],"picked":"Iron Wave","floor":22.0},{"not_picked":["Warcry","Pommel Strike","Inflame+1"],"picked":"Armaments+1","floor":24.0},{"not_picked":["True Grit","Feel No Pain","Headbutt"],"picked":"Shrug It Off","floor":29.0},{"not_picked":["Power Through","Warcry+1","Clash"],"picked":"Cleave","floor":31.0},{"not_picked":["Exhume","Demon Form","Brutality"],"picked":"Impervious","floor":33.0},{"not_picked":["Clothesline","Disarm","Twin Strike+1"],"picked":"Shrug It Off+1","floor":35.0},{"not_picked":["Perfected Strike+1","Shrug It Off","Flex","Headbutt+1"],"picked":"SKIP","floor":36.0},{"not_picked":["Warcry","Iron Wave+1","Dual Wield"],"picked":"Intimidate+1","floor":39.0},{"not_picked":["Dark Embrace","Shrug It Off","Cleave"],"picked":"True Grit+1","floor":41.0},{"not_picked":["Entrench","Anger+1","Armaments"],"picked":"Blood for Blood+1","floor":42.0},{"not_picked":["Perfected Strike+1","Second Wind+1","Wild Strike+1","Pommel Strike"],"picked":"SKIP","floor":46.0},{"not_picked":["Wild Strike+1","Rupture+1","Cleave","Heavy Blade"],"picked":"SKIP","floor":47.0},{"not_picked":["Ghostly Armor","Perfected Strike+1","Twin Strike+1"],"picked":"Warcry+1","floor":54.0}],"player_experience":377388,"relics_obtained":[{"floor":6.0,"key":"Pen Nib"},{"floor":9.0,"key":"Question Card"},{"floor":11.0,"key":"Du-Vu Doll"},{"floor":14.0,"key":"Darkstone Periapt"},{"floor":34.0,"key":"Bronze Scales"},{"floor":34.0,"key":"Mercury Hourglass"},{"floor":34.0,"key":"FossilizedHelix"},{"floor":41.0,"key":"Oddly Smooth Stone"},{"floor":43.0,"key":"Ancient Tea Set"},{"floor":54.0,"key":"Vajra"}],"event_choices":[{"cards_removed":["Strike_R"],"damage_healed":0.0,"max_hp_gain":0.0,"max_hp_loss":0.0,"gold_gain":0.0,"event_name":"Golden Wing","player_choice":"Card Removal","floor":5.0,"gold_loss":0.0,"damage_taken":7.0},{"damage_healed":0.0,"max_hp_gain":0.0,"max_hp_loss":0.0,"gold_gain":75.0,"event_name":"World of Goop","player_choice":"Gather Gold","floor":12.0,"gold_loss":0.0,"damage_taken":11.0},{"damage_healed":0.0,"max_hp_gain":0.0,"max_hp_loss":0.0,"gold_gain":99.0,"event_name":"Nest","player_choice":"Stole From Cult","floor":30.0,"gold_loss":0.0,"damage_taken":0.0},{"cards_removed":["Strike_R"],"damage_healed":0.0,"max_hp_gain":0.0,"max_hp_loss":0.0,"gold_gain":0.0,"event_name":"Falling","player_choice":"Removed Attack","floor":37.0,"gold_loss":0.0,"damage_taken":0.0},{"damage_healed":0.0,"max_hp_gain":0.0,"max_hp_loss":0.0,"gold_gain":0.0,"event_name":"Fountain of Cleansing","player_choice":"Ignored","floor":48.0,"gold_loss":0.0,"damage_taken":0.0}],"is_beta":false,"boss_relics":[{"not_picked":["Eternal Feather","Runic Pyramid"],"picked":"Cursed Key"},{"not_picked":["Empty Cage","Coffee Dripper"],"picked":"Calling Bell"}],"items_purged_floors":[27,38,45,53],"is_endless":false,"potions_floor_spawned":[6,8,10,19,22,24,29,31,36,42,47,54],"killed_by":"The Heart","ascension_level":0}