{"path_per_floor":["M","?","M","$","M","R","?","M","T","R","E","M","$","M","R","B",null,"M","M"],"character_chosen":"DEFECT","items_purchased":["Capacitor","Redo"],"gold_per_floor":[110,210,220,56,69,69,92,111,159,159,185,201,101,117,117,213,213,233,246,246],"floor_reached":20,"campfire_rested":1,"playtime":1703,"item_purchase_floors":[4,4],"current_hp_per_floor":[74,74,73,73,73,73,48,48,48,48,32,25,25,21,58,38,75,61,30,0],"items_purged":["Strike_B","Blizzard"],"gold":246,"score":176,"play_id":"2ac7c023-1dc8-4656-b32e-417bcd900a53","local_time":"20180619202613","is_prod":false,"is_daily":false,"chose_seed":false,"is_ascension_mode":false,"campfire_upgraded":2,"win_rate":0,"timestamp":1529432773,"campfire_choices":[{"data":"Chaos","floor":6,"key":"SMITH"},{"data":"White Noise","floor":10,"key":"SMITH"},{"floor":15,"key":"REST"}],"path_taken":["M","?","M","$","M","R","?","M","T","R","E","M","$","M","R","BOSS","M","M","M"],"build_version":"2018-06-14v2","seed_source_timestamp":18027974924878,"purchased_purges":2,"victory":false,"master_deck":["Strike_B","Strike_B","Defend_B","Defend_B","Defend_B","Zap+1","Dualcast","Chaos+1","Capacitor","Redo","Capacitor","White Noise+1","Redo","Electrodynamics"],"max_hp_per_floor":[75,75,75,75,75,75,75,75,75,75,75,75,75,75,75,75,75,75,75,75],"relics":["Cracked Core","Odd Mushroom","Regal Pillow","Oddly Smooth Stone","Empty Cage"],"card_choices":[{"not_picked":["Genetic Algorithm","Beam Cell"],"picked":"Blizzard","floor":1},{"not_picked":["Steam","Barrage"],"picked":"Chaos","floor":3},{"not_picked":["Hello World","Streamline"],"picked":"Capacitor","floor":5},{"not_picked":["Amplify","Turbo"],"picked":"White Noise","floor":7},{"not_picked":["Scrape","Sweeping Beam","Double Energy"],"picked":"SKIP","floor":8},{"not_picked":["Ball Lightning","Heatsinks","Coolheaded"],"picked":"SKIP","floor":11},{"not_picked":["Gash","Rip and Tear"],"picked":"Redo","floor":12},{"not_picked":["Stack","Steam Power","Aggregate"],"picked":"SKIP","floor":14},{"not_picked":["Amplify","Creative AI"],"picked":"Electrodynamics","floor":16},{"not_picked":["Barrage","Sweeping Beam","Streamline"],"picked":"SKIP","floor":18},{"not_picked":["Coolheaded","Go for the Eyes+1","Rip and Tear"],"picked":"SKIP","floor":19}],"player_experience":243971,"potions_floor_usage":[14,16,20,20],"damage_taken":[{"damage":1,"enemies":"Jaw Worm","floor":1,"turns":3},{"damage":1,"enemies":"Cultist","floor":3,"turns":3},{"damage":0,"enemies":"Small Slimes","floor":5,"turns":4},{"damage":25,"floor":7,"turns":4},{"damage":0,"enemies":"Looter","floor":8,"turns":4},{"damage":16,"enemies":"Lagavulin","floor":11,"turns":7},{"damage":7,"enemies":"Red Slaver","floor":12,"turns":4},{"damage":4,"enemies":"Exordium Thugs","floor":14,"turns":3},{"damage":20,"enemies":"Slime Boss","floor":16,"turns":11},{"damage":14,"enemies":"Chosen","floor":18,"turns":6},{"damage":38,"enemies":"Shell Parasite","floor":19,"turns":7},{"damage":39,"enemies":"Cultist and Chosen","floor":20,"turns":5}],"relics_obtained":[{"floor":7,"key":"Odd Mushroom"},{"floor":9,"key":"Regal Pillow"},{"floor":11,"key":"Oddly Smooth Stone"}],"event_choices":[{"event_name":"Golden Shrine","player_choice":"Pray","floor":2,"damage_taken":0},{"event_name":"Mushrooms","player_choice":"Fought Mushrooms","floor":7,"damage_taken":0}],"boss_relics":[{"not_picked":["Cursed Key","Lizard Tail"],"picked":"Empty Cage"}],"items_purged_floors":[4,13],"is_endless":false,"potions_floor_spawned":[1,7,11,12,16],"seed_played":"-5837508148465021048","killed_by":"Cultist and Chosen","ascension_level":0,"potions_obtained":[{"floor":1,"key":"Energy Potion"},{"floor":7,"key":"LiquidBronze"},{"floor":11,"key":"Dexterity Potion"},{"floor":12,"key":"Block Potion"},{"floor":16,"key":"Energy Potion"}],"is_trial":false}