{"gold_per_floor":[114,128,148,163,233,233,247,272,272,272,27,45,45,45,45,149,149,162,176,187,116,41,41,59,59,59,59,77,88,88,102,102,202,202,217,217,234,234,247,247,247,247,247,258,114,133,143,159,159,159],"floor_reached":51,"playtime":9564,"items_purged":["Strike_G"],"score":705,"play_id":"e27a8a74-ee10-46d5-be06-734e7cca1901","local_time":"20180625220424","is_ascension_mode":false,"campfire_choices":[{"data":"Neutralize","floor":6,"key":"SMITH"},{"floor":15,"key":"REST"},{"data":"Blur","floor":23,"key":"SMITH"},{"data":"Malaise","floor":25,"key":"SMITH"},{"data":"Backflip","floor":27,"key":"SMITH"},{"floor":32,"key":"REST"},{"data":"Adrenaline","floor":40,"key":"SMITH"},{"data":"Survivor","floor":42,"key":"SMITH"},{"floor":49,"key":"REST"}],"neow_cost":"TEN_PERCENT_HP_LOSS","seed_source_timestamp":249666265898156,"circlet_count":0,"master_deck":["Defend_G","Defend_G","Defend_G","Defend_G","Strike_G","Survivor+1","Neutralize+1","Envenom","Prepared","Blur+1","Infinite Blades","PiercingWail","Noxious Fumes","Infinite Blades","Flash of Steel","Backflip+1","Adrenaline+1","Terror+1","Slice","Malaise+1","Prepared+1","Prepared+1","Infinite Blades","Die Die Die","Well Laid Plans","Backstab","Noxious Fumes","Expertise","Footwork","Backflip","Backflip+1"],"relics":["Ring of the Snake","Toolbox","Bag of Preparation","Ornamental Fan","Thread and Needle","Empty Cage","Oddly Smooth Stone","White Beast Statue","Question Card"],"potions_floor_usage":[8,18,50,50,50],"damage_taken":[{"damage":0,"enemies":"Cultist","floor":1,"turns":5},{"damage":4,"enemies":"Jaw Worm","floor":2,"turns":5},{"damage":0,"enemies":"2 Louse","floor":3,"turns":3},{"damage":0,"enemies":"Exordium Wildlife","floor":4,"turns":5},{"damage":0,"enemies":"Red Slaver","floor":7,"turns":7},{"damage":28,"enemies":"Gremlin Nob","floor":8,"turns":6},{"damage":12,"enemies":"Lots of Slimes","floor":12,"turns":7},{"damage":0,"enemies":"Hexaghost","floor":16,"turns":11},{"damage":0,"enemies":"Chosen","floor":18,"turns":5},{"damage":0,"enemies":"2 Thieves","floor":19,"turns":3},{"damage":3,"enemies":"Centurion and Healer","floor":20,"turns":9},{"damage":2,"enemies":"Chosen and Byrds","floor":24,"turns":8},{"damage":11,"enemies":"Sentry and Sphere","floor":28,"turns":6},{"damage":0,"enemies":"Cultist and Chosen","floor":29,"turns":6},{"damage":0,"enemies":"Centurion and Healer","floor":31,"turns":5},{"damage":0,"enemies":"Champ","floor":33,"turns":14},{"damage":15,"enemies":"3 Darklings","floor":35,"turns":7},{"damage":6,"enemies":"3 Shapes","floor":37,"turns":6},{"damage":0,"enemies":"Maw","floor":39,"turns":9},{"damage":6,"enemies":"4 Shapes","floor":44,"turns":8},{"damage":21,"enemies":"3 Darklings","floor":46,"turns":6},{"damage":3,"enemies":"Sphere and 2 Shapes","floor":47,"turns":8},{"damage":0,"enemies":"Maw","floor":48,"turns":9},{"damage":21,"enemies":"Donu and Deca","floor":50,"turns":13}],"seed_played":"-1180349917290505144","potions_obtained":[{"floor":1,"key":"Strength Potion"},{"floor":2,"key":"GhostInAJar"},{"floor":3,"key":"GhostInAJar"},{"floor":12,"key":"FearPotion"},{"floor":19,"key":"GamblersBrew"},{"floor":33,"key":"Fire Potion"},{"floor":39,"key":"Energy Potion"},{"floor":47,"key":"GhostInAJar"}],"is_trial":false,"path_per_floor":["M","M","M","M","T","R","M","E","T","?","$","M","?","$","R","B",null,"M","M","M","$","?","R","M","R","T","R","M","M","$","M","R","B",null,"M","?","M","?","M","R","?","R","T","M","$","M","M","M","R","B"],"character_chosen":"THE_SILENT","items_purchased":["Infinite Blades","Flash of Steel","Malaise","Expertise","Footwork"],"campfire_rested":3,"item_purchase_floors":[11,11,21,45,45],"current_hp_per_floor":[63,59,59,59,59,59,59,31,31,31,31,19,7,7,25,25,63,63,63,60,60,60,60,58,58,58,58,47,47,47,47,63,63,63,48,48,42,42,42,42,42,42,42,36,36,15,12,12,30,9],"gold":159,"neow_bonus":"THREE_RARE_CARDS","is_prod":false,"is_daily":false,"chose_seed":false,"campfire_upgraded":6,"win_rate":0.0,"timestamp":1529931864,"path_taken":["M","M","M","M","?","R","M","E","T","?","$","M","?","$","R","BOSS","M","?","M","$","?","R","M","R","T","R","M","M","$","M","R","BOSS","M","?","M","?","?","R","?","R","T","?","$","M","M","M","R","BOSS"],"build_version":"2018-06-21v2","purchased_purges":1,"victory":true,"max_hp_per_floor":[63,63,63,63,63,63,63,63,63,63,63,63,63,63,63,63,63,63,63,63,63,63,63,63,63,63,63,63,63,63,63,63,63,63,63,63,63,63,63,63,63,63,63,63,63,63,63,63,63,63],"card_choices":[{"not_picked":["Die Die Die","Unload"],"picked":"Envenom","floor":0},{"not_picked":["Escape Plan","Dagger Throw"],"picked":"Prepared","floor":1},{"not_picked":["Dagger Throw","Footwork"],"picked":"Blur","floor":2},{"not_picked":["Malaise","Outmaneuver"],"picked":"Infinite Blades","floor":3},{"not_picked":["Crippling Poison","Finisher","Deflect"],"picked":"SKIP","floor":4},{"not_picked":["Dodge and Roll","Underhanded Strike"],"picked":"PiercingWail","floor":7},{"not_picked":["Deadly Poison","Backflip"],"picked":"Noxious Fumes","floor":8},{"not_picked":["Bane","Sucker Punch"],"picked":"Backflip","floor":12},{"not_picked":["Corpse Explosion","Bullet Time"],"picked":"Adrenaline","floor":16},{"not_picked":["Acrobatics","Dodge and Roll"],"picked":"Terror+1","floor":18},{"not_picked":["Acrobatics","Dodge and Roll","Envenom"],"picked":"SKIP","floor":19},{"not_picked":["Bane","Quick Slash+1"],"picked":"Slice","floor":20},{"not_picked":["Deadly Poison","Deflect"],"picked":"Prepared+1","floor":24},{"not_picked":["Slice","PiercingWail"],"picked":"Prepared+1","floor":28},{"not_picked":["Dodge and Roll","Deflect+1"],"picked":"Infinite Blades","floor":29},{"not_picked":["PiercingWail","Terror","Envenom"],"picked":"SKIP","floor":31},{"not_picked":["Wraith Form v2","Doppelganger"],"picked":"Die Die Die","floor":33},{"not_picked":["Bane+1","Dagger Spray","Blade Dance"],"picked":"SKIP","floor":35},{"not_picked":["Choke+1","Blade Dance"],"picked":"Well Laid Plans","floor":37},{"not_picked":["Prepared","Dodge and Roll+1"],"picked":"Backstab","floor":39},{"not_picked":["Deadly Poison+1","Well Laid Plans+1","Prepared"],"picked":"Noxious Fumes","floor":44},{"not_picked":["Venomology","Flying Knee","Outmaneuver"],"picked":"Backflip","floor":46},{"not_picked":["Underhanded Strike","Well Laid Plans","Outmaneuver"],"picked":"Backflip+1","floor":47},{"not_picked":["Catalyst+1","Flying Knee","Masterful Stab","Dodge and Roll"],"picked":"SKIP","floor":48}],"player_experience":27400,"relics_obtained":[{"floor":5,"key":"Toolbox"},{"floor":8,"key":"Bag of Preparation"},{"floor":9,"key":"Ornamental Fan"},{"floor":26,"key":"Oddly Smooth Stone"},{"floor":43,"key":"Question Card"}],"event_choices":[{"event_name":"Bonfire Elementals","player_choice":"BASIC","floor":10,"damage_taken":0},{"event_name":"Scrap Ooze","player_choice":"success","floor":13,"damage_taken":12},{"event_name":"Beggar","player_choice":"Gave Gold","floor":22,"damage_taken":0},{"event_name":"Tomb of Lord Red Mask","player_choice":"Ignored","floor":36,"damage_taken":0},{"event_name":"SecretPortal","player_choice":"Rejected Portal.","floor":38,"damage_taken":0},{"event_name":"The Woman in Blue","player_choice":"Bought 0 Potions","floor":41,"damage_taken":0}],"boss_relics":[{"not_picked":["Philosopher\u0027s Stone","Fusion Hammer"],"picked":"Empty Cage"},{"not_picked":["Runic Pyramid","Orrery"],"picked":"White Beast Statue"}],"items_purged_floors":[11],"is_endless":false,"potions_floor_spawned":[1,2,3,4,12,16,19,24,29,33,35,37,39,44,46,47,48],"ascension_level":0}