{"gold_per_floor":[109,109,121,121,137,137,151,151,151,166,166,182,182],"floor_reached":13,"playtime":335,"items_purged":[],"score":123,"play_id":"d08f2e18-915f-49ab-b764-9011baa47963","local_time":"20180819103023","is_ascension_mode":true,"campfire_choices":[{"data":"Zap","floor":6,"key":"SMITH"},{"data":"Go for the Eyes","floor":8,"key":"SMITH"},{"floor":11,"key":"REST"}],"neow_cost":"NONE","seed_source_timestamp":72116212067649,"circlet_count":0,"master_deck":["Strike_B","Strike_B","Strike_B","Defend_B","Defend_B","Defend_B","Defend_B","Zap+1","Dualcast","AscendersBane","Capacitor","Consume","Go for the Eyes+1","Steam"],"relics":["Cracked Core","Golden Idol","Du-Vu Doll"],"potions_floor_usage":[],"damage_taken":[{"damage":2,"enemies":"2 Louse","floor":1,"turns":2},{"damage":8,"enemies":"Small Slimes","floor":3,"turns":3},{"damage":6,"enemies":"Cultist","floor":5,"turns":4},{"damage":4,"enemies":"Red Slaver","floor":7,"turns":4},{"damage":14,"enemies":"Exordium Thugs","floor":10,"turns":4},{"damage":27,"enemies":"Large Slime","floor":12,"turns":5},{"damage":13,"enemies":"Lots of Slimes","floor":13,"turns":3}],"seed_played":"8388038361820168904","potions_obtained":[{"floor":1,"key":"Strength Potion"},{"floor":3,"key":"Strength Potion"}],"is_trial":false,"path_per_floor":["M","?","M","?","M","R","M","R","T","M","R","M"],"character_chosen":"DEFECT","items_purchased":[],"campfire_rested":1,"item_purchase_floors":[],"current_hp_per_floor":[66,66,58,40,34,34,30,30,30,16,38,11,0],"gold":182,"neow_bonus":"REMOVE_CARD","is_prod":false,"is_daily":false,"chose_seed":false,"campfire_upgraded":2,"win_rate":0,"timestamp":1534642223,"path_taken":["M","?","?","?","M","R","M","R","T","M","R","M","M"],"build_version":"2018-08-16","purchased_purges":0,"victory":false,"max_hp_per_floor":[75,75,75,75,75,75,75,75,75,75,75,75,75],"card_choices":[{"not_picked":["Fusion","Sweeping Beam"],"picked":"Capacitor","floor":1},{"not_picked":["Heatsinks","Stack"],"picked":"Consume","floor":3},{"not_picked":["Gash","Heatsinks"],"picked":"Go for the Eyes","floor":5},{"not_picked":["Go for the Eyes","Stack","Cold Snap"],"picked":"SKIP","floor":7},{"not_picked":["Sweeping Beam","Coolheaded","Doom and Gloom"],"picked":"SKIP","floor":10},{"not_picked":["Rip and Tear","Streamline"],"picked":"Steam","floor":12}],"player_experience":243516,"relics_obtained":[{"floor":9,"key":"Du-Vu Doll"}],"event_choices":[{"event_name":"Shining Light","player_choice":"Ignored","floor":2,"damage_taken":0},{"event_name":"Golden Idol","player_choice":"Take Damage","floor":4,"damage_taken":0}],"is_beta":false,"boss_relics":[],"items_purged_floors":[],"is_endless":false,"potions_floor_spawned":[1,3,10,12],"killed_by":"Lots of Slimes","ascension_level":12}