{"gold_per_floor":[114,114,129,129,149,149,163,163,163,178,253,253,40,59,59,133,133,147,177,177],"floor_reached":20,"playtime":1041,"items_purged":[],"score":303,"play_id":"5067c90f-0217-4972-a18a-fb33b9b2a2ea","local_time":"20190405111901","is_ascension_mode":true,"campfire_choices":[{"data":"Chaos","floor":6,"key":"SMITH"},{"floor":8,"key":"REST"},{"floor":12,"key":"REST"},{"floor":15,"key":"REST"}],"neow_cost":"NONE","seed_source_timestamp":1557510388291800,"circlet_count":0,"master_deck":["AscendersBane","Strike_B","Strike_B","Strike_B","Defend_B","Defend_B","Defend_B","Defend_B","Zap","Dualcast","Genetic Algorithm","Streamline","Chaos+1","Turbo","Cold Snap","Coolheaded","Fission","Hologram"],"relics":["Inserter","Matryoshka","Vajra","Shuriken","Lee\u0027s Waffle","Cursed Key","Red Mask"],"potions_floor_usage":[18,19],"damage_taken":[{"damage":3,"enemies":"2 Louse","floor":1,"turns":3},{"damage":6,"enemies":"Cultist","floor":3,"turns":4},{"damage":16,"enemies":"Jaw Worm","floor":5,"turns":5},{"damage":36,"enemies":"Gremlin Gang","floor":7,"turns":6},{"damage":7,"enemies":"2 Fungi Beasts","floor":10,"turns":3},{"damage":39,"enemies":"Exordium Thugs","floor":14,"turns":6},{"damage":25,"enemies":"The Guardian","floor":16,"turns":14},{"damage":13,"enemies":"Shell Parasite","floor":18,"turns":7},{"damage":51,"enemies":"Masked Bandits","floor":19,"turns":4},{"damage":15,"enemies":"Chosen","floor":20,"turns":4}],"seed_played":"2521646787708140970","potions_obtained":[{"floor":1,"key":"GamblersBrew"},{"floor":10,"key":"Weak Potion"},{"floor":16,"key":"LiquidBronze"}],"is_trial":false,"path_per_floor":["M","?","M","?","M","R","M","R","T","M","?","R","$","M","R","B",null,"M","?","M"],"character_chosen":"DEFECT","items_purchased":["Lee\u0027s Waffle"],"campfire_rested":3,"item_purchase_floors":[13],"current_hp_per_floor":[61,61,55,55,39,39,3,24,24,17,6,27,78,39,62,37,68,55,4,0],"gold":177,"neow_bonus":"BOSS_RELIC","is_prod":false,"is_daily":false,"chose_seed":false,"campfire_upgraded":1,"win_rate":0,"timestamp":1554452341,"path_taken":["M","?","?","?","?","R","M","R","T","M","?","R","$","M","R","BOSS","M","?","M"],"build_version":"2019-01-23","purchased_purges":0,"victory":false,"max_hp_per_floor":[71,71,71,71,71,71,71,71,71,71,71,71,78,78,78,78,78,78,78,78],"card_choices":[{"not_picked":["Compile Driver","Redo"],"picked":"Genetic Algorithm","floor":1},{"not_picked":["Undo","Go for the Eyes"],"picked":"Streamline","floor":3},{"not_picked":["Melter","Storm"],"picked":"Chaos","floor":5},{"not_picked":["Hello World","Gash"],"picked":"Turbo","floor":7},{"not_picked":["Beam Cell","White Noise"],"picked":"Cold Snap","floor":10},{"not_picked":["Sunder","Skim"],"picked":"Coolheaded","floor":14},{"not_picked":["Multi-Cast","Hyperbeam"],"picked":"Fission","floor":16},{"not_picked":["Rebound","Static Discharge"],"picked":"Hologram","floor":18}],"player_experience":1118860,"relics_obtained":[{"floor":9,"key":"Vajra"},{"floor":9,"key":"Shuriken"},{"floor":19,"key":"Red Mask"}],"event_choices":[{"cards_removed":["Strike_B"],"damage_healed":0,"gold_gain":0,"player_choice":"Purged","damage_taken":0,"max_hp_gain":0,"max_hp_loss":0,"event_name":"Purifier","floor":2,"gold_loss":0},{"damage_healed":0,"gold_gain":0,"player_choice":"Gave Potion","damage_taken":0,"relics_obtained":["Matryoshka"],"max_hp_gain":0,"max_hp_loss":0,"event_name":"WeMeetAgain","floor":4,"gold_loss":0},{"damage_healed":0,"gold_gain":75,"player_choice":"Gather Gold","damage_taken":11,"max_hp_gain":0,"max_hp_loss":0,"event_name":"World of Goop","floor":11,"gold_loss":0},{"damage_healed":0,"gold_gain":0,"player_choice":"Fought Bandits","damage_taken":0,"max_hp_gain":0,"max_hp_loss":0,"event_name":"Masked Bandits","floor":19,"gold_loss":0}],"is_beta":false,"boss_relics":[{"not_picked":["Snecko Eye","Astrolabe"],"picked":"Cursed Key"}],"items_purged_floors":[],"is_endless":false,"potions_floor_spawned":[1,10,16],"killed_by":"Chosen","ascension_level":17}