{"gold_per_floor":[117,117,117,133,147,177,177,177,254,283,302,312,312,312],"floor_reached":14,"playtime":362,"items_purged":[],"score":200,"play_id":"22a2c2e5-9aa9-45f2-995f-02a2dffdef96","local_time":"20190402112707","is_ascension_mode":true,"campfire_choices":[{"data":"Anger","floor":7,"key":"SMITH"},{"floor":13,"key":"REST"}],"neow_cost":"NONE","seed_source_timestamp":1299457345360000,"circlet_count":0,"master_deck":["AscendersBane","Strike_R","Strike_R","Strike_R","Strike_R+1","Strike_R","Defend_R","Defend_R","Defend_R","Defend_R","Bash+1","Headbutt+1","Combust","Anger+1","Battle Trance","Pommel Strike","Impervious"],"relics":["Burning Blood","NeowsBlessing","Whetstone","Matryoshka","Centennial Puzzle","Art of War"],"potions_floor_usage":[6],"damage_taken":[{"damage":0,"enemies":"Jaw Worm","floor":1,"turns":1},{"damage":0,"enemies":"Small Slimes","floor":4,"turns":1},{"damage":0,"enemies":"Cultist","floor":5,"turns":1},{"damage":32,"enemies":"Gremlin Nob","floor":6,"turns":4},{"damage":24,"enemies":"Lagavulin","floor":10,"turns":5},{"damage":19,"enemies":"Exordium Wildlife","floor":11,"turns":4},{"damage":17,"enemies":"Lots of Slimes","floor":12,"turns":3},{"damage":35,"enemies":"Gremlin Nob","floor":14,"turns":4}],"seed_played":"8471163511093988418","potions_obtained":[{"floor":4,"key":"Strength Potion"},{"floor":6,"key":"Weak Potion"}],"is_trial":false,"path_per_floor":["M","?","?","M","M","E","R","?","T","E","M","M","R","E"],"character_chosen":"IRONCLAD","items_purchased":[],"campfire_rested":1,"item_purchase_floors":[],"current_hp_per_floor":[74,74,74,75,75,49,49,49,49,31,18,7,29,0],"gold":312,"neow_bonus":"THREE_ENEMY_KILL","is_prod":false,"is_daily":false,"chose_seed":false,"campfire_upgraded":1,"win_rate":0,"timestamp":1554193627,"path_taken":["M","?","?","M","?","E","R","?","T","E","?","M","R","E"],"build_version":"2019-01-23","purchased_purges":0,"victory":false,"max_hp_per_floor":[75,75,75,75,75,75,75,75,75,75,75,75,75,75],"card_choices":[{"not_picked":["Wild Strike","Shrug It Off"],"picked":"Headbutt","floor":1},{"not_picked":["Clash","Havoc"],"picked":"Combust","floor":4},{"not_picked":["Rupture","Flex","Warcry"],"picked":"SKIP","floor":5},{"not_picked":["True Grit","Dark Embrace"],"picked":"Anger","floor":6},{"not_picked":["Dropkick","Havoc"],"picked":"Battle Trance","floor":10},{"not_picked":["Flex","Cleave"],"picked":"Pommel Strike","floor":11},{"not_picked":["Anger","Thunderclap"],"picked":"Impervious","floor":12}],"player_experience":1092912,"relics_obtained":[{"floor":6,"key":"Whetstone"},{"floor":9,"key":"Centennial Puzzle"},{"floor":10,"key":"Art of War"}],"event_choices":[{"damage_healed":0,"gold_gain":0,"player_choice":"Grow","damage_taken":0,"max_hp_gain":0,"max_hp_loss":0,"event_name":"Living Wall","floor":2,"gold_loss":0,"cards_upgraded":["Bash"]},{"damage_healed":0,"gold_gain":0,"player_choice":"0 cards matched","damage_taken":0,"max_hp_gain":0,"max_hp_loss":0,"event_name":"Match and Keep!","floor":3,"gold_loss":0,"cards_obtained":[]},{"damage_healed":0,"gold_gain":0,"player_choice":"Gave Potion","damage_taken":0,"relics_obtained":["Matryoshka"],"max_hp_gain":0,"max_hp_loss":0,"event_name":"WeMeetAgain","floor":8,"gold_loss":0}],"is_beta":false,"boss_relics":[],"items_purged_floors":[],"is_endless":false,"potions_floor_spawned":[4,6],"killed_by":"Gremlin Nob","ascension_level":20}