{"gold_per_floor":[115,129,141,141,155,155,180,180,205,205,155,179,179,29,29,153,153,174,27,27,0,0,33,33,58,81,81,81,95,95,112,112,217,217,231,242,342,354,409,409,434,434,481,481,494,527,527,554,554,554],"floor_reached":51,"playtime":1600,"items_purged":["Strike_R"],"score":1095,"play_id":"c727d0b1-0b18-47ad-83c5-531737379f21","local_time":"20190928230328","is_ascension_mode":true,"campfire_choices":[{"data":"Bash","floor":6.0,"key":"SMITH"},{"data":"True Grit","floor":8.0,"key":"SMITH"},{"data":"Twin Strike","floor":10.0,"key":"SMITH"},{"data":"Iron Wave","floor":15.0,"key":"SMITH"},{"data":"Searing Blow+1","floor":24.0,"key":"SMITH"},{"data":"Bludgeon","floor":27.0,"key":"SMITH"},{"data":"Searing Blow+2","floor":32.0,"key":"SMITH"},{"data":"Searing Blow+3","floor":40.0,"key":"SMITH"},{"data":"Searing Blow+4","floor":42.0,"key":"SMITH"},{"data":"Searing Blow+5","floor":44.0,"key":"SMITH"},{"data":"Searing Blow+6","floor":49.0,"key":"SMITH"}],"neow_cost":"TEN_PERCENT_HP_LOSS","seed_source_timestamp":535776593199200,"circlet_count":0,"master_deck":["Strike_R","Strike_R","Strike_R","Defend_R","Defend_R","Defend_R","Defend_R","Bash+1","Twin Strike+1","Flame Barrier","Double Tap","True Grit+1","Iron Wave+1","Offering","Carnage","Necronomicurse","Searing Blow+7","Bludgeon+1","Offering","Carnage+1","Warcry+1","Enlightenment"],"special_seed":0,"relics":["Burning Blood","Mango","Bloody Idol","Anchor","Vajra","Juzu Bracelet","Snecko Eye","Necronomicon","Centennial Puzzle","Kunai","Pen Nib","Orichalcum","Busted Crown","Dead Branch","Nunchaku","Magic Flower","Bronze Scales","Smiling Mask","Blood Vial"],"potions_floor_usage":[50],"damage_taken":[{"damage":9.0,"enemies":"Jaw Worm","floor":1.0,"turns":5.0},{"damage":3.0,"enemies":"2 Louse","floor":2.0,"turns":3.0},{"damage":0.0,"enemies":"Small Slimes","floor":3.0,"turns":3.0},{"damage":21.0,"enemies":"Blue Slaver","floor":5.0,"turns":5.0},{"damage":3.0,"enemies":"Large Slime","floor":7.0,"turns":5.0},{"damage":2.0,"enemies":"Looter","floor":12.0,"turns":4.0},{"damage":21.0,"enemies":"Slime Boss","floor":16.0,"turns":10.0},{"damage":8.0,"enemies":"Chosen","floor":18.0,"turns":3.0},{"damage":20.0,"enemies":"Slavers","floor":23.0,"turns":6.0},{"damage":6.0,"enemies":"Gremlin Leader","floor":25.0,"turns":4.0},{"damage":0.0,"enemies":"Spheric Guardian","floor":29.0,"turns":1.0},{"damage":0.0,"enemies":"Cultist and Chosen","floor":31.0,"turns":3.0},{"damage":16.0,"enemies":"Collector","floor":33.0,"turns":3.0},{"damage":3.0,"enemies":"3 Darklings","floor":35.0,"turns":3.0},{"damage":6.0,"enemies":"3 Shapes","floor":36.0,"turns":3.0},{"damage":6.0,"enemies":"Mind Bloom Boss Battle","floor":37.0,"turns":1.0},{"damage":0.0,"enemies":"3 Darklings","floor":38.0,"turns":2.0},{"damage":12.0,"enemies":"2 Orb Walkers","floor":39.0,"turns":2.0},{"damage":12.0,"enemies":"Giant Head","floor":41.0,"turns":2.0},{"damage":6.0,"enemies":"4 Shapes","floor":45.0,"turns":3.0},{"damage":6.0,"enemies":"Nemesis","floor":46.0,"turns":1.0},{"damage":12.0,"enemies":"Reptomancer","floor":48.0,"turns":2.0},{"damage":17,"enemies":"Donu and Deca","floor":50,"turns":5}],"seed_played":"-6738531272099069129","potions_obtained":[{"floor":2.0,"key":"Fire Potion"},{"floor":3.0,"key":"Fire Potion"},{"floor":12.0,"key":"Block Potion"},{"floor":16.0,"key":"Strength Potion"},{"floor":18.0,"key":"SpeedPotion"},{"floor":23.0,"key":"Explosive Potion"},{"floor":35.0,"key":"Block Potion"}],"is_trial":false,"path_per_floor":["M","M","M","?","M","R","M","R","T","R","?","M","?","$","R","B",null,"M","$","?","?","?","E","R","E","T","R","$","M","?","M","R","B",null,"M","M","?","M","?","R","E","R","T","R","M","E","?","E","R","B",null],"character_chosen":"IRONCLAD","items_purchased":["Juzu Bracelet","Carnage"],"campfire_rested":0,"item_purchase_floors":[14,19],"current_hp_per_floor":[83,86,86,65,50,50,53,53,53,53,53,57,39,39,39,24,71,69,69,69,69,53,44,44,49,54,54,54,65,65,76,76,71,82,86,86,86,86,85,85,84,84,86,86,86,86,86,86,86,78],"gold":554,"neow_bonus":"ONE_RARE_RELIC","is_prod":false,"is_daily":false,"chose_seed":false,"campfire_upgraded":11,"win_rate":0,"timestamp":1569679408,"path_taken":["M","M","M","?","M","R","M","R","T","R","?","M","?","$","R","BOSS","M","$","?","?","?","E","R","E","T","R","?","M","?","M","R","BOSS","M","M","?","M","?","R","E","R","T","R","M","E","?","E","R","BOSS"],"build_version":"2019-07-17","purchased_purges":1,"victory":true,"max_hp_per_floor":[86,86,86,86,86,86,86,86,86,86,86,86,86,86,86,86,86,86,86,86,86,86,86,86,86,86,86,86,86,86,86,86,86,86,86,86,86,86,86,86,86,86,86,86,86,86,86,86,86,86],"card_choices":[{"not_picked":["Sword Boomerang","Anger"],"picked":"Twin Strike","floor":1.0},{"not_picked":["Cleave","Sentinel"],"picked":"Flame Barrier","floor":2.0},{"not_picked":["Sword Boomerang","Sever Soul"],"picked":"Double Tap","floor":3.0},{"not_picked":["Anger","Iron Wave","Reckless Charge"],"picked":"SKIP","floor":5.0},{"not_picked":["Intimidate","Wild Strike"],"picked":"True Grit","floor":7.0},{"not_picked":["Twin Strike","Perfected Strike"],"picked":"Iron Wave","floor":12.0},{"not_picked":["Immolate","Double Tap"],"picked":"Offering","floor":16.0},{"not_picked":["Clash","Twin Strike","Sword Boomerang"],"picked":"SKIP","floor":18.0},{"not_picked":["Perfected Strike","Thunderclap"],"picked":"Searing Blow+1","floor":23.0},{"not_picked":["Havoc+1","Burning Pact+1"],"picked":"Bludgeon","floor":25.0},{"not_picked":["Entrench","Dual Wield","Clash"],"picked":"SKIP","floor":29.0},{"not_picked":["Perfected Strike+1","Infernal Blade+1","Battle Trance+1"],"picked":"SKIP","floor":31.0},{"not_picked":["Demon Form","Limit Break"],"picked":"Offering","floor":33.0},{"not_picked":["Reckless Charge+1"],"picked":"SKIP","floor":35.0},{"not_picked":["Searing Blow"],"picked":"SKIP","floor":36.0},{"not_picked":["Iron Wave+1"],"picked":"SKIP","floor":38.0},{"not_picked":[],"picked":"Carnage+1","floor":39.0},{"not_picked":["Disarm"],"picked":"SKIP","floor":41.0},{"not_picked":[],"picked":"Warcry+1","floor":45.0},{"not_picked":["Spot Weakness+1"],"picked":"SKIP","floor":46.0},{"not_picked":[],"picked":"Enlightenment","floor":47.0},{"not_picked":["Burning Pact"],"picked":"SKIP","floor":48.0}],"player_experience":518482,"relics_obtained":[{"floor":9.0,"key":"Anchor"},{"floor":22.0,"key":"Necronomicon"},{"floor":23.0,"key":"Centennial Puzzle"},{"floor":25.0,"key":"Kunai"},{"floor":26.0,"key":"Pen Nib"},{"floor":37.0,"key":"Dead Branch"},{"floor":39.0,"key":"Nunchaku"},{"floor":41.0,"key":"Magic Flower"},{"floor":43.0,"key":"Bronze Scales"},{"floor":46.0,"key":"Smiling Mask"},{"floor":48.0,"key":"Blood Vial"}],"event_choices":[{"damage_healed":0.0,"max_hp_gain":0.0,"max_hp_loss":0.0,"gold_gain":0.0,"event_name":"Golden Idol","player_choice":"Take Damage","floor":4.0,"gold_loss":0.0,"damage_taken":21.0,"relics_obtained":["Golden Idol"]},{"cards_removed":["Strike_R"],"damage_healed":0.0,"max_hp_gain":0.0,"max_hp_loss":0.0,"gold_gain":0.0,"event_name":"The Cleric","player_choice":"Card Removal","floor":11.0,"gold_loss":50.0,"damage_taken":0.0},{"damage_healed":0.0,"max_hp_gain":0.0,"max_hp_loss":0.0,"gold_gain":0.0,"event_name":"Scrap Ooze","player_choice":"Success","floor":13.0,"gold_loss":0.0,"damage_taken":18.0,"relics_obtained":["Vajra"]},{"damage_healed":0.0,"max_hp_gain":0.0,"max_hp_loss":0.0,"gold_gain":0.0,"event_name":"Forgotten Altar","player_choice":"Gave Idol","floor":20.0,"relics_lost":["Golden Idol"],"gold_loss":0.0,"damage_taken":0.0,"relics_obtained":["Bloody Idol"]},{"damage_healed":0.0,"max_hp_gain":0.0,"max_hp_loss":0.0,"gold_gain":0.0,"event_name":"Masked Bandits","player_choice":"Paid Fearfully","floor":21.0,"gold_loss":27.0,"damage_taken":0.0},{"damage_healed":0.0,"max_hp_gain":0.0,"max_hp_loss":0.0,"gold_gain":0.0,"event_name":"Cursed Tome","player_choice":"Obtained Book","floor":22.0,"gold_loss":0.0,"damage_taken":16.0},{"damage_healed":0.0,"max_hp_gain":0.0,"max_hp_loss":0.0,"gold_gain":0.0,"event_name":"WeMeetAgain","player_choice":"Gave Potion","floor":30.0,"gold_loss":0.0,"damage_taken":0.0,"relics_obtained":["Orichalcum"]},{"damage_healed":0.0,"max_hp_gain":0.0,"max_hp_loss":0.0,"gold_gain":0.0,"event_name":"MindBloom","player_choice":"Fight","floor":37.0,"gold_loss":0.0,"damage_taken":0.0},{"damage_healed":0.0,"max_hp_gain":0.0,"max_hp_loss":0.0,"gold_gain":0.0,"event_name":"Mysterious Sphere","player_choice":"Fight","floor":39.0,"gold_loss":0.0,"damage_taken":0.0},{"damage_healed":0.0,"max_hp_gain":0.0,"max_hp_loss":0.0,"gold_gain":0.0,"event_name":"SensoryStone","player_choice":"Memory 1","floor":47.0,"gold_loss":0.0,"damage_taken":0.0}],"is_beta":false,"boss_relics":[{"not_picked":["Runic Cube","Coffee Dripper"],"picked":"Snecko Eye"},{"not_picked":["White Beast Statue","Eternal Feather"],"picked":"Busted Crown"}],"items_purged_floors":[19],"is_endless":false,"potions_floor_spawned":[2,3,12,16,18,23,35,38,39,46,48],"ascension_level":5}