{"gold_per_floor":[110,110,125,135,135,135,145,145,145,145,164,164],"floor_reached":12,"playtime":467,"items_purged":[],"score":137,"play_id":"b7e8ffb1-9d59-4614-9b29-ddec5e6f2aae","local_time":"20190414101133","is_ascension_mode":true,"campfire_choices":[{"data":"Fusion","floor":6,"key":"SMITH"},{"data":"Zap","floor":8,"key":"SMITH"},{"floor":10,"key":"REST"}],"neow_cost":"NONE","seed_source_timestamp":530475061127600,"circlet_count":0,"master_deck":["AscendersBane","Strike_B","Strike_B","Strike_B","Strike_B+1","Defend_B","Defend_B","Defend_B","Defend_B","Zap+1","Dualcast+1","Blizzard","Fusion+1","White Noise","Cold Snap"],"relics":["Cracked Core","NeowsBlessing","Question Card"],"potions_floor_usage":[],"damage_taken":[{"damage":0,"enemies":"Small Slimes","floor":1,"turns":1},{"damage":0,"enemies":"Cultist","floor":3,"turns":1},{"damage":0,"enemies":"2 Louse","floor":4,"turns":1},{"damage":6,"enemies":"2 Fungi Beasts","floor":7,"turns":3},{"damage":10,"enemies":"Exordium Wildlife","floor":11,"turns":4},{"damage":62,"enemies":"Gremlin Nob","floor":12,"turns":4}],"seed_played":"1619379652472788872","potions_obtained":[{"floor":4,"key":"LiquidBronze"},{"floor":11,"key":"Dexterity Potion"}],"is_trial":false,"path_per_floor":["M","?","M","M","?","R","M","R","T","R","M","E"],"character_chosen":"DEFECT","items_purchased":[],"campfire_rested":1,"item_purchase_floors":[],"current_hp_per_floor":[64,64,64,64,43,43,37,37,37,58,48,0],"gold":164,"neow_bonus":"THREE_ENEMY_KILL","is_prod":false,"is_daily":false,"chose_seed":false,"campfire_upgraded":2,"win_rate":0,"timestamp":1555225893,"path_taken":["M","?","?","M","?","R","M","R","T","R","M","E"],"build_version":"2019-01-23","purchased_purges":0,"victory":false,"max_hp_per_floor":[71,71,71,71,71,71,71,71,71,71,71,71],"card_choices":[{"not_picked":["Rebound","Barrage"],"picked":"Blizzard","floor":1},{"not_picked":["Leap","Stack","Ball Lightning"],"picked":"SKIP","floor":3},{"not_picked":["Go for the Eyes","Compile Driver"],"picked":"Fusion","floor":4},{"not_picked":["Heatsinks","Steam Power"],"picked":"White Noise","floor":7},{"not_picked":["Heatsinks","Turbo","Sweeping Beam"],"picked":"Cold Snap","floor":11}],"player_experience":1160903,"relics_obtained":[{"floor":9,"key":"Question Card"}],"event_choices":[{"damage_healed":0,"gold_gain":0,"player_choice":"0 cards matched","damage_taken":0,"max_hp_gain":0,"max_hp_loss":0,"event_name":"Match and Keep!","floor":2,"gold_loss":0,"cards_obtained":[]},{"damage_healed":0,"gold_gain":0,"player_choice":"Entered Light","damage_taken":21,"max_hp_gain":0,"max_hp_loss":0,"event_name":"Shining Light","floor":5,"gold_loss":0,"cards_upgraded":["Dualcast","Strike_B"]}],"is_beta":false,"boss_relics":[],"items_purged_floors":[],"is_endless":false,"potions_floor_spawned":[4,11],"killed_by":"Gremlin Nob","ascension_level":19}