{"path_per_floor":["M","M","?","?","M","E","R","M","T","R","E","?","M","M","R","B",null,"M","$","M","?","M"],"character_chosen":"DEFECT","items_purchased":[],"gold_per_floor":[112,131,131,131,151,178,178,196,196,196,230,405,419,436,436,538,538,557,482,498,526,543,543],"floor_reached":23,"campfire_rested":1,"playtime":1725,"item_purchase_floors":[],"current_hp_per_floor":[74,63,63,56,55,39,39,38,38,38,38,44,46,47,71,45,99,90,90,84,58,60,0],"items_purged":["Defend_B"],"gold":543,"score":253,"play_id":"44d72c9d-d321-483b-bd33-cada85cb0eb3","local_time":"20180602230648","is_prod":false,"is_daily":false,"chose_seed":false,"is_ascension_mode":false,"campfire_upgraded":2,"win_rate":0.0,"timestamp":1527973608,"campfire_choices":[{"data":"Buffer","floor":7,"key":"SMITH"},{"data":"Darkness","floor":10,"key":"SMITH"},{"floor":15,"key":"REST"}],"path_taken":["M","?","?","?","M","E","R","M","T","R","E","?","M","M","R","BOSS","M","$","M","?","M","E"],"build_version":"2018-05-31","seed_source_timestamp":44086346046366,"purchased_purges":1,"victory":false,"master_deck":["Strike_B","Strike_B","Strike_B","Strike_B","Defend_B","Defend_B","Defend_B","Zap+1","Dualcast","Buffer+1","Hologram","Redo","Melter","Darkness+1","Doubt","Conserve Battery","Machine Learning","Writhe","Doubt","Injury","Fission"],"max_hp_per_floor":[75,75,75,75,75,75,75,75,75,75,75,81,81,81,81,81,99,99,99,99,99,99,99],"relics":["Cracked Core","Bronze Scales","Darkstone Periapt","Bird Faced Urn","Calling Bell","Bag of Marbles","Question Card","Sundial","Red Mask"],"card_choices":[{"not_picked":["Cold Snap","Doom and Gloom"],"picked":"Hologram","floor":1},{"not_picked":["Leap","Scrape"],"picked":"Redo","floor":2},{"not_picked":["Redo","Steam"],"picked":"Melter","floor":5},{"not_picked":["Machine Learning","Self Repair"],"picked":"Darkness","floor":6},{"not_picked":["Darkness","Rip and Tear","Reprogram"],"picked":"SKIP","floor":8},{"not_picked":["Redo","Hello World","Force Field"],"picked":"SKIP","floor":11},{"not_picked":["Barrage","Sweeping Beam"],"picked":"Conserve Battery","floor":13},{"not_picked":["Hello World","Barrage","Blizzard"],"picked":"SKIP","floor":14},{"not_picked":["Rainbow","All For One"],"picked":"Machine Learning","floor":16},{"not_picked":["Conserve Battery+1","Darkness+1","Streamline","Compile Driver"],"picked":"SKIP","floor":18},{"not_picked":["Stack","Reinforced Body","BootSequence+1","Self Repair"],"picked":"SKIP","floor":20},{"not_picked":["Redo","Hologram","Sweeping Beam"],"picked":"Fission","floor":21},{"not_picked":["Coolheaded+1","Force Field","Self Repair","Ball Lightning"],"picked":"SKIP","floor":22}],"player_experience":219821,"potions_floor_usage":[16,20,22,23],"damage_taken":[{"damage":1,"enemies":"Cultist","floor":1,"turns":3},{"damage":11,"enemies":"2 Louse","floor":2,"turns":2},{"damage":1,"enemies":"Jaw Worm","floor":5,"turns":3},{"damage":16,"enemies":"3 Sentries","floor":6,"turns":5},{"damage":1,"enemies":"3 Louse","floor":8,"turns":2},{"damage":0,"enemies":"Lagavulin","floor":11,"turns":5},{"damage":0,"enemies":"Looter","floor":13,"turns":3},{"damage":1,"enemies":"Exordium Wildlife","floor":14,"turns":4},{"damage":28,"enemies":"The Guardian","floor":16,"turns":8},{"damage":9,"enemies":"Shell Parasite","floor":18,"turns":4},{"damage":8,"enemies":"3 Byrds","floor":20,"turns":3},{"damage":30,"enemies":"Masked Bandits","floor":21,"turns":5},{"damage":2,"enemies":"Cultist and Chosen","floor":22,"turns":8},{"damage":69,"enemies":"Book of Stabbing","floor":23,"turns":5}],"relics_obtained":[{"floor":6,"key":"Bronze Scales"},{"floor":9,"key":"Darkstone Periapt"},{"floor":11,"key":"Bird Faced Urn"},{"floor":17,"key":"Bag of Marbles"},{"floor":17,"key":"Question Card"},{"floor":17,"key":"Sundial"},{"floor":21,"key":"Red Mask"}],"event_choices":[{"event_name":"Living Wall","player_choice":"Grow","floor":3,"damage_taken":0},{"event_name":"Wheel of Change","player_choice":"Damage","floor":4,"damage_taken":0},{"event_name":"Liars Game","player_choice":"agreed","floor":12,"damage_taken":0},{"event_name":"Masked Bandits","player_choice":"Fought over 498 gold","floor":21,"damage_taken":0}],"boss_relics":[{"not_picked":["Astrolabe","Tiny House"],"picked":"Calling Bell"}],"items_purged_floors":[19],"potions_floor_spawned":[2,6,13,14,16,18,21,22],"seed_played":"5095076889749201204","killed_by":"Book of Stabbing","ascension_level":0,"potions_obtained":[{"floor":2,"key":"SmokeBomb"},{"floor":6,"key":"EntropicBrew"},{"floor":13,"key":"Strength Potion"},{"floor":14,"key":"SteroidPotion"},{"floor":16,"key":"Fire Potion"},{"floor":21,"key":"Fire Potion"},{"floor":22,"key":"Block Potion"}],"is_trial":false}