{"gold_per_floor":[16,34,53,128,142,142,174,174,174,188,201,126,126,126,126,199,199,219,238,163,163,22,22,22],"floor_reached":24,"playtime":631,"items_purged":["Strike_B","Strike_B"],"score":386,"play_id":"350d9e31-b56d-4365-a7b7-caab80554656","local_time":"20190924002114","is_ascension_mode":true,"campfire_choices":[{"floor":6.0,"key":"REST"},{"data":"Rip and Tear","floor":8.0,"key":"SMITH"},{"data":"Sunder","floor":13,"key":"SMITH"},{"floor":15,"key":"REST"},{"floor":23,"key":"REST"}],"neow_cost":"NO_GOLD","seed_source_timestamp":111863658267200,"circlet_count":0,"master_deck":["AscendersBane","Strike_B","Defend_B","Defend_B","Defend_B","Zap","Dualcast","Ball Lightning","Conserve Battery","Conserve Battery","Rip and Tear+1","Go for the Eyes","Cold Snap","Sunder+1","Echo Form","Redo","Beam Cell","Self Repair"],"special_seed":0,"relics":["Cracked Core","Du-Vu Doll","Symbiotic Virus","Bottled Flame","Cursed Key"],"potions_floor_usage":[16,21,24],"damage_taken":[{"damage":7.0,"enemies":"Small Slimes","floor":1.0,"turns":3.0},{"damage":12.0,"enemies":"Jaw Worm","floor":2.0,"turns":3.0},{"damage":1.0,"enemies":"2 Louse","floor":3.0,"turns":2.0},{"damage":8.0,"enemies":"Lots of Slimes","floor":5.0,"turns":4.0},{"damage":23.0,"enemies":"Lagavulin","floor":7.0,"turns":6.0},{"damage":4.0,"enemies":"Looter","floor":10.0,"turns":3.0},{"damage":2,"enemies":"3 Louse","floor":11,"turns":3},{"damage":17,"enemies":"The Guardian","floor":16,"turns":9},{"damage":12,"enemies":"Chosen","floor":18,"turns":3},{"damage":23,"enemies":"Shell Parasite","floor":19,"turns":3},{"damage":0,"enemies":"Centurion and Healer","floor":21,"turns":1},{"damage":48,"enemies":"Book of Stabbing","floor":24,"turns":4}],"seed_played":"7718530296363880884","potions_obtained":[{"floor":1.0,"key":"Swift Potion"},{"floor":2.0,"key":"FearPotion"},{"floor":11,"key":"SteroidPotion"},{"floor":16,"key":"Poison Potion"},{"floor":19,"key":"SmokeBomb"}],"is_trial":false,"path_per_floor":["M","M","M","?","M","R","E","R","T","M","M","?","R","?","R","B",null,"M","M","$","M","$","R","E"],"character_chosen":"DEFECT","items_purchased":["Self Repair"],"campfire_rested":3,"item_purchase_floors":[22],"current_hp_per_floor":[57,45,44,33,25,46,23,23,23,19,17,17,17,17,38,21,59,47,24,24,24,24,45,0],"gold":22,"neow_bonus":"ONE_RARE_RELIC","is_prod":false,"is_daily":false,"chose_seed":false,"campfire_upgraded":2,"win_rate":0,"timestamp":1569252074,"path_taken":["M","M","M","?","M","R","E","R","T","M","M","?","R","?","R","BOSS","M","M","?","M","$","R","E"],"build_version":"2019-07-17","purchased_purges":2,"victory":false,"max_hp_per_floor":[71,71,71,71,71,71,71,71,71,71,71,71,71,71,71,71,71,71,71,71,71,71,71,71],"card_choices":[{"not_picked":["Reprogram","Beam Cell"],"picked":"Ball Lightning","floor":1.0},{"not_picked":["Ball Lightning","Lockon"],"picked":"Conserve Battery","floor":2.0},{"not_picked":["Stack","Hologram"],"picked":"Conserve Battery","floor":3.0},{"not_picked":["Turbo","Gash"],"picked":"Rip and Tear","floor":5.0},{"not_picked":["Compile Driver","Thunder Strike"],"picked":"Go for the Eyes","floor":7.0},{"not_picked":["Fusion","Stack"],"picked":"Cold Snap","floor":10.0},{"not_picked":["Defragment","Coolheaded"],"picked":"Sunder","floor":11},{"not_picked":["Meteor Strike","Multi-Cast"],"picked":"Echo Form","floor":16},{"not_picked":["Turbo","Cold Snap"],"picked":"Redo","floor":18},{"not_picked":["Hologram","Streamline"],"picked":"Beam Cell","floor":19}],"player_experience":442888,"relics_obtained":[{"floor":7.0,"key":"Symbiotic Virus"},{"floor":9.0,"key":"Bottled Flame"}],"event_choices":[{"damage_healed":0.0,"max_hp_gain":0.0,"max_hp_loss":0.0,"gold_gain":75.0,"event_name":"World of Goop","player_choice":"Gather Gold","floor":4.0,"gold_loss":0.0,"damage_taken":11.0},{"cards_removed":["Strike_B"],"damage_healed":0,"gold_gain":0,"player_choice":"Card Removal","damage_taken":0,"max_hp_gain":0,"max_hp_loss":0,"event_name":"The Cleric","floor":12,"gold_loss":75},{"cards_removed":["Defend_B"],"damage_healed":0,"gold_gain":0,"player_choice":"Offered Basic","damage_taken":0,"max_hp_gain":0,"max_hp_loss":0,"event_name":"Bonfire Elementals","floor":14,"gold_loss":0}],"is_beta":false,"boss_relics":[{"not_picked":["Velvet Choker","Tiny House"],"picked":"Cursed Key"}],"items_purged_floors":[20,22],"is_endless":false,"potions_floor_spawned":[1,2,11,16,18,19],"killed_by":"Book of Stabbing","ascension_level":19}