{"gold_per_floor":[119,139,153,153,172,172,202,202,202,220,237,237,237,253,253,374,374,398,419,438,438,452,452,468,468,468,489,399,399,418,437,437,560,560,574,590,613,537,557,580,580],"floor_reached":41,"playtime":2604,"items_purged":["Strike_R","Strike_R"],"score":405,"play_id":"39128ece-1c50-437c-876c-bcc7f952b81a","local_time":"20190917193855","is_ascension_mode":false,"campfire_choices":[{"data":"Armaments","floor":6.0,"key":"SMITH"},{"data":"Armaments","floor":12.0,"key":"SMITH"},{"data":"Battle Trance","floor":15.0,"key":"SMITH"},{"floor":23.0,"key":"REST"},{"floor":25.0,"key":"REST"},{"data":"Body Slam","floor":29.0,"key":"SMITH"},{"floor":32.0,"key":"REST"}],"neow_cost":"NONE","seed_source_timestamp":321415790430500,"circlet_count":0,"master_deck":["Strike_R","Strike_R","Strike_R","Defend_R","Defend_R","Defend_R","Bash","Disarm","Armaments+1","Iron Wave","Iron Wave","Body Slam+1","Armaments+1","Battle Trance+1","Fiend Fire+1","Shockwave","True Grit+1","Pummel+1","Inflame","Seeing Red","Dark Embrace","Shrug It Off+1","Shrug It Off","Parasite"],"special_seed":0,"relics":["Burning Blood","NeowsBlessing","Smiling Mask","Golden Idol","Black Star","Turnip","Fusion Hammer"],"potions_floor_usage":[],"damage_taken":[{"damage":0.0,"enemies":"2 Louse","floor":1.0,"turns":1.0},{"damage":0.0,"enemies":"Cultist","floor":2.0,"turns":1.0},{"damage":0.0,"enemies":"Jaw Worm","floor":3.0,"turns":1.0},{"damage":0.0,"enemies":"Large Slime","floor":5.0,"turns":5.0},{"damage":26.0,"enemies":"Lagavulin","floor":7.0,"turns":10.0},{"damage":7.0,"enemies":"Exordium Thugs","floor":10.0,"turns":5.0},{"damage":4.0,"enemies":"Blue Slaver","floor":11.0,"turns":4.0},{"damage":3.0,"enemies":"Looter","floor":14.0,"turns":4.0},{"damage":42.0,"enemies":"Slime Boss","floor":16.0,"turns":11.0},{"damage":20.0,"enemies":"2 Thieves","floor":18.0,"turns":4.0},{"damage":12.0,"enemies":"Shell Parasite","floor":19.0,"turns":6.0},{"damage":46.0,"enemies":"Sentry and Sphere","floor":20.0,"turns":8.0},{"damage":4.0,"enemies":"Snecko","floor":22.0,"turns":4.0},{"damage":12.0,"enemies":"Centurion and Healer","floor":24.0,"turns":8.0},{"damage":0.0,"enemies":"Snake Plant","floor":27.0,"turns":5.0},{"damage":6.0,"enemies":"Snecko","floor":30.0,"turns":3.0},{"damage":18.0,"enemies":"Shelled Parasite and Fungi","floor":31.0,"turns":6.0},{"damage":65.0,"enemies":"Champ","floor":33.0,"turns":15.0},{"damage":10.0,"enemies":"Orb Walker","floor":35.0,"turns":4.0},{"damage":13.0,"enemies":"3 Shapes","floor":36.0,"turns":7.0},{"damage":13.0,"enemies":"Sphere and 2 Shapes","floor":37.0,"turns":7.0},{"damage":26.0,"enemies":"Writhing Mass","floor":39.0,"turns":10.0},{"damage":32.0,"enemies":"Spire Growth","floor":40.0,"turns":8.0},{"damage":0,"enemies":"Transient","floor":41,"turns":1}],"seed_played":"3621733432650137348","potions_obtained":[{"floor":1.0,"key":"EssenceOfSteel"},{"floor":3.0,"key":"Strength Potion"},{"floor":5.0,"key":"Poison Potion"},{"floor":19.0,"key":"Regen Potion"},{"floor":20.0,"key":"LiquidBronze"},{"floor":31.0,"key":"Dexterity Potion"},{"floor":39.0,"key":"GamblersBrew"}],"is_trial":false,"path_per_floor":["M","M","M","$","M","R","E","?","T","M","M","R","?","M","R","B",null,"M","M","M","?","M","R","M","R","T","M","$","R","M","M","R","B",null,"M","M","M","$","M","M","M"],"character_chosen":"IRONCLAD","items_purchased":["Inflame","Shrug It Off"],"campfire_rested":3,"item_purchase_floors":[28,38],"current_hp_per_floor":[80,80,80,80,80,80,60,53,53,52,54,54,54,57,57,21,74,60,54,14,14,16,38,32,54,54,60,60,60,60,48,70,11,74,70,63,56,56,36,25,25],"gold":580,"neow_bonus":"THREE_ENEMY_KILL","is_prod":false,"is_daily":false,"chose_seed":false,"campfire_upgraded":4,"win_rate":0,"timestamp":1568716735,"path_taken":["M","M","M","$","M","R","E","?","T","M","M","R","?","M","R","BOSS","M","M","M","?","?","R","M","R","T","M","$","R","M","M","R","BOSS","M","M","M","$","M","M","M"],"build_version":"2019-07-17","purchased_purges":2,"victory":false,"max_hp_per_floor":[80,80,80,80,80,80,80,80,80,80,80,80,74,74,74,74,74,74,74,74,74,74,74,74,74,74,74,74,74,74,74,74,74,74,74,74,74,74,74,74,74],"card_choices":[{"not_picked":["Dual Wield","Uppercut"],"picked":"Disarm","floor":1.0},{"not_picked":["Thunderclap","Havoc"],"picked":"Armaments","floor":2.0},{"not_picked":["Uppercut","Havoc"],"picked":"Iron Wave","floor":3.0},{"not_picked":["Sentinel","Havoc"],"picked":"Iron Wave","floor":5.0},{"not_picked":["Evolve","Sever Soul"],"picked":"Body Slam","floor":7.0},{"not_picked":["Wild Strike","Clash","Pommel Strike"],"picked":"SKIP","floor":10.0},{"not_picked":["Pummel","Perfected Strike"],"picked":"Armaments","floor":11.0},{"not_picked":["Havoc","Pummel"],"picked":"Battle Trance","floor":14.0},{"not_picked":["Demon Form","Limit Break"],"picked":"Fiend Fire","floor":16.0},{"not_picked":["Anger","Headbutt"],"picked":"Shockwave","floor":18.0},{"not_picked":["Pommel Strike","Flex","Corruption"],"picked":"SKIP","floor":19.0},{"not_picked":["Warcry","Perfected Strike"],"picked":"True Grit+1","floor":20.0},{"not_picked":["Sword Boomerang","True Grit"],"picked":"Pummel+1","floor":22.0},{"not_picked":["Clothesline","Perfected Strike","Fire Breathing"],"picked":"SKIP","floor":24.0},{"not_picked":["Flame Barrier","True Grit","Pommel Strike+1"],"picked":"SKIP","floor":27.0},{"not_picked":["True Grit","Combust"],"picked":"Seeing Red","floor":30.0},{"not_picked":["Dropkick","Rupture","Spot Weakness"],"picked":"SKIP","floor":31.0},{"not_picked":["Double Tap","Fiend Fire"],"picked":"Dark Embrace","floor":33.0},{"not_picked":["Headbutt+1","Thunderclap+1","Flex"],"picked":"SKIP","floor":35.0},{"not_picked":["Flame Barrier","Dropkick+1"],"picked":"Shrug It Off+1","floor":36.0},{"not_picked":["Whirlwind+1","Thunderclap+1","Disarm+1"],"picked":"SKIP","floor":37.0},{"not_picked":["Heavy Blade+1","Armaments+1","Flex+1"],"picked":"SKIP","floor":39.0},{"not_picked":["Inflame","Twin Strike","Entrench+1"],"picked":"SKIP","floor":40.0}],"player_experience":393435,"relics_obtained":[{"floor":7.0,"key":"Smiling Mask"},{"floor":26.0,"key":"Turnip"}],"event_choices":[{"cards_removed":["Defend_R"],"damage_healed":0.0,"max_hp_gain":0.0,"max_hp_loss":0.0,"gold_gain":0.0,"event_name":"Golden Wing","player_choice":"Card Removal","floor":8.0,"gold_loss":0.0,"damage_taken":7.0},{"damage_healed":0.0,"max_hp_gain":0.0,"max_hp_loss":6.0,"gold_gain":0.0,"event_name":"Golden Idol","player_choice":"Lose Max HP","floor":13.0,"gold_loss":0.0,"damage_taken":0.0,"relics_obtained":["Golden Idol"]},{"damage_healed":0.0,"max_hp_gain":0.0,"max_hp_loss":0.0,"gold_gain":0.0,"event_name":"Upgrade Shrine","player_choice":"Upgraded","floor":21.0,"gold_loss":0.0,"damage_taken":0.0,"cards_upgraded":["Fiend Fire"]}],"is_beta":false,"boss_relics":[{"not_picked":["Runic Dome","Calling Bell"],"picked":"Black Star"},{"not_picked":["Black Blood","Mark of Pain"],"picked":"Fusion Hammer"}],"items_purged_floors":[28,38],"is_endless":false,"potions_floor_spawned":[1,3,5,11,19,20,31,39],"killed_by":"Transient","ascension_level":0}