{"gold_per_floor":[112,130,141,161,161,186,204,204,204,45,45,45,57,73,73,172,172,192,192,209,224,247,247],"floor_reached":23,"playtime":1043,"items_purged":[],"score":312,"play_id":"9b905680-2d79-4cb2-a1b5-a5bfefa11bd7","local_time":"20180816234552","is_ascension_mode":true,"campfire_choices":[{"floor":8,"key":"REST"},{"data":"Go for the Eyes","floor":11,"key":"SMITH"},{"data":"Recycle","floor":15,"key":"SMITH"}],"neow_cost":"","seed_source_timestamp":0,"circlet_count":0,"master_deck":["Strike_B","Defend_B","Defend_B","Defend_B","Defend_B","Zap","Dualcast","AscendersBane","Gash+1","Conserve Battery","Steam","Ball Lightning+1","Go for the Eyes+1","Hologram","Capacitor","Electrodynamics","Ball Lightning","Recycle+1","Biased Cognition","BootSequence","Ball Lightning"],"special_seed":0,"relics":["Cracked Core","Art of War","Blood Vial","Empty Cage","Whetstone"],"potions_floor_usage":[16,21],"damage_taken":[{"damage":1.0,"enemies":"Cultist","floor":1.0,"turns":4.0},{"damage":8.0,"enemies":"2 Louse","floor":2.0,"turns":2.0},{"damage":0.0,"enemies":"Small Slimes","floor":3.0,"turns":4.0},{"damage":5.0,"enemies":"3 Louse","floor":4.0,"turns":4.0},{"damage":25.0,"enemies":"3 Sentries","floor":6.0,"turns":7.0},{"damage":0,"enemies":"2 Fungi Beasts","floor":7,"turns":3},{"damage":8,"enemies":"Exordium Thugs","floor":13,"turns":4},{"damage":11,"enemies":"Large Slime","floor":14,"turns":4},{"damage":28,"enemies":"The Guardian","floor":16,"turns":11},{"damage":26,"enemies":"2 Thieves","floor":18,"turns":4},{"damage":12,"enemies":"Shell Parasite","floor":20,"turns":4},{"damage":6,"enemies":"Cultist and Chosen","floor":21,"turns":4},{"damage":30,"enemies":"Book of Stabbing","floor":23,"turns":4}],"seed_played":"-6674649347263829076","potions_obtained":[{"floor":2.0,"key":"SteroidPotion"},{"floor":4.0,"key":"Poison Potion"},{"floor":20,"key":"Fruit Juice"}],"is_trial":false,"path_per_floor":["M","M","M","M","?","E","M","R","T","$","R","?","M","M","R","B",null,"M","?","M","M","T"],"character_chosen":"DEFECT","items_purchased":["Electrodynamics"],"campfire_rested":1,"item_purchase_floors":[10],"current_hp_per_floor":[67,59,59,54,54,29,29,51,51,51,51,51,45,36,36,10,59,35,35,25,26,26,0],"gold":247,"neow_bonus":"","is_prod":false,"is_daily":false,"chose_seed":false,"campfire_upgraded":2,"win_rate":0,"timestamp":1534430752,"path_taken":["M","M","?","M","?","E","M","R","T","$","R","?","M","M","R","BOSS","M","?","?","M","?","E"],"build_version":"2018-08-09","purchased_purges":0,"victory":false,"max_hp_per_floor":[75,75,75,75,75,75,75,75,75,75,75,75,75,75,75,75,75,75,75,75,80,80,80],"card_choices":[{"not_picked":["Stack","Compile Driver"],"picked":"Gash","floor":1.0},{"not_picked":["Turbo","Compile Driver"],"picked":"Conserve Battery","floor":2.0},{"not_picked":["Cold Snap","Redo"],"picked":"Steam","floor":3.0},{"not_picked":["Storm","Turbo"],"picked":"Ball Lightning","floor":4.0},{"not_picked":["Chaos","Steam"],"picked":"Hologram","floor":6},{"not_picked":["FTL","Stack"],"picked":"Capacitor","floor":7},{"not_picked":["Conserve Battery","Steam Power"],"picked":"Ball Lightning","floor":13},{"not_picked":["Compile Driver","Multi-Cast"],"picked":"Recycle","floor":14},{"not_picked":["Amplify","Seek"],"picked":"Biased Cognition","floor":16},{"not_picked":["Cold Snap","Leap","Scrape"],"picked":"SKIP","floor":18},{"not_picked":["White Noise","Streamline"],"picked":"BootSequence","floor":20},{"not_picked":["Barrage","Compile Driver"],"picked":"Ball Lightning","floor":21}],"player_experience":231293,"relics_obtained":[{"floor":6,"key":"Art of War"},{"floor":9,"key":"Blood Vial"},{"floor":22,"key":"Whetstone"}],"event_choices":[{"event_name":"Living Wall","player_choice":"Change","floor":5.0,"damage_taken":0.0},{"event_name":"Liars Game","player_choice":"disagreed","floor":12,"damage_taken":0},{"event_name":"Drug Dealer","player_choice":"Ignored","floor":19,"damage_taken":0}],"is_beta":false,"boss_relics":[{"not_picked":["Velvet Choker","Black Star"],"picked":"Empty Cage"}],"items_purged_floors":[],"is_endless":false,"potions_floor_spawned":[2,4,13,14,20],"killed_by":"Book of Stabbing","ascension_level":12}