{"gold_per_floor":[115,134,144,159,174,203,203,230,230,230,248,262,291,308,308,404,404,414,414,414,431,441,441,209,224,224,224,224,241,273,286,286,389,389,406,40,40,58,77,112,112,139,139,14,24,24,24],"floor_reached":47,"playtime":6137,"items_purged":["Strike_R","Shame","Regret"],"score":723,"play_id":"1b3326e8-51cc-4d51-a739-1cc52534ef56","local_time":"20190929153120","is_ascension_mode":true,"campfire_choices":[{"data":"Barricade","floor":7.0,"key":"SMITH"},{"data":"Armaments","floor":10.0,"key":"SMITH"},{"data":"True Grit","floor":15.0,"key":"SMITH"},{"data":"Entrench","floor":23.0,"key":"SMITH"},{"data":"Body Slam","floor":27.0,"key":"SMITH"},{"data":"Second Wind","floor":32.0,"key":"SMITH"},{"floor":41.0,"key":"REST"}],"neow_cost":"NONE","seed_source_timestamp":592908948371900,"circlet_count":0,"master_deck":["Strike_R","Strike_R","Strike_R+1","Strike_R","Defend_R","Defend_R","Defend_R","Defend_R","Bash+1","Ghostly Armor","True Grit+1","Armaments+1","Thunderclap","Second Wind+1","Barricade+1","Shrug It Off","Disarm","Reaper","Entrench+1","Body Slam+1","Shrug It Off","Pummel+1","Clothesline+1","Second Wind+1","Feel No Pain","Master of Strategy","Feel No Pain","Entrench+1","Warcry+1"],"special_seed":0,"relics":["Burning Blood","Self Forming Clay","Blood Vial","Dodecahedron","Mercury Hourglass","Cursed Key","PreservedInsect","Paper Frog","Question Card","Mark of Pain","DollysMirror","Peace Pipe","Whetstone","Blue Candle"],"potions_floor_usage":[47,47],"damage_taken":[{"damage":7.0,"enemies":"Small Slimes","floor":1.0,"turns":3.0},{"damage":0.0,"enemies":"Cultist","floor":2.0,"turns":3.0},{"damage":6.0,"enemies":"2 Louse","floor":3.0,"turns":3.0},{"damage":16.0,"enemies":"Lots of Slimes","floor":4.0,"turns":7.0},{"damage":3.0,"enemies":"2 Fungi Beasts","floor":5.0,"turns":4.0},{"damage":47.0,"enemies":"Gremlin Nob","floor":6.0,"turns":5.0},{"damage":20.0,"enemies":"3 Sentries","floor":8.0,"turns":16.0},{"damage":1.0,"enemies":"Large Slime","floor":11.0,"turns":14.0},{"damage":1.0,"enemies":"Blue Slaver","floor":12.0,"turns":6.0},{"damage":3.0,"enemies":"Lagavulin","floor":13.0,"turns":12.0},{"damage":8.0,"enemies":"Exordium Wildlife","floor":14.0,"turns":4.0},{"damage":28.0,"enemies":"Slime Boss","floor":16.0,"turns":15.0},{"damage":9.0,"enemies":"3 Byrds","floor":18.0,"turns":7.0},{"damage":0.0,"enemies":"Spheric Guardian","floor":21.0,"turns":7.0},{"damage":9.0,"enemies":"Centurion and Healer","floor":22.0,"turns":9.0},{"damage":20.0,"enemies":"3 Cultists","floor":25.0,"turns":5.0},{"damage":16.0,"enemies":"Cultist and Chosen","floor":29.0,"turns":11.0},{"damage":40.0,"enemies":"Gremlin Leader","floor":30.0,"turns":7.0},{"damage":15.0,"enemies":"Snecko","floor":31.0,"turns":6.0},{"damage":63.0,"enemies":"Collector","floor":33.0,"turns":15.0},{"damage":12.0,"enemies":"3 Shapes","floor":35.0,"turns":7.0},{"damage":32.0,"enemies":"3 Darklings","floor":38.0,"turns":10.0},{"damage":0.0,"enemies":"Maw","floor":39.0,"turns":9.0},{"damage":32.0,"enemies":"Reptomancer","floor":40.0,"turns":11.0},{"damage":35.0,"enemies":"Giant Head","floor":42.0,"turns":11.0},{"damage":44.0,"enemies":"Transient","floor":45.0,"turns":5.0},{"damage":26,"enemies":"Awakened One","floor":47,"turns":2}],"seed_played":"-8607564952355655805","potions_obtained":[{"floor":1.0,"key":"SpeedPotion"},{"floor":2.0,"key":"SkillPotion"},{"floor":4.0,"key":"Energy Potion"},{"floor":6.0,"key":"EntropicBrew"},{"floor":8.0,"key":"LiquidBronze"},{"floor":16.0,"key":"Explosive Potion"},{"floor":25.0,"key":"SkillPotion"},{"floor":33.0,"key":"Energy Potion"},{"floor":35.0,"key":"Poison Potion"},{"floor":40.0,"key":"Dexterity Potion"}],"is_trial":false,"path_per_floor":["M","M","M","M","M","E","R","E","T","R","M","M","E","M","R","B",null,"M","?","?","M","M","R","$","M","T","R","?","M","E","M","R","B",null,"M","$","?","M","M","E","R","E","T","$","M","?","B"],"character_chosen":"IRONCLAD","items_purchased":["PreservedInsect","DollysMirror","Feel No Pain"],"campfire_rested":1,"item_purchase_floors":[24,36,36],"current_hp_per_floor":[71,77,77,67,70,29,29,15,15,15,22,29,34,34,34,14,64,69,69,54,62,73,73,73,71,71,71,71,69,45,45,45,11,67,63,63,63,47,58,38,63,36,36,36,7,7,0],"gold":24,"neow_bonus":"UPGRADE_CARD","is_prod":false,"is_daily":false,"chose_seed":false,"campfire_upgraded":6,"win_rate":0,"timestamp":1569738680,"path_taken":["M","M","M","M","M","E","R","E","T","R","M","M","E","M","R","BOSS","M","?","?","M","M","R","$","M","T","R","?","M","E","M","R","BOSS","M","$","?","M","M","E","R","E","T","$","M","?","BOSS"],"build_version":"2019-07-17","purchased_purges":3,"victory":false,"max_hp_per_floor":[80,80,80,80,80,80,80,80,80,80,80,80,80,80,80,80,80,80,80,85,85,85,85,85,85,85,85,85,85,85,85,85,85,85,85,85,85,85,85,85,85,85,85,85,85,85,85],"card_choices":[{"not_picked":["Seeing Red","Fire Breathing"],"picked":"Ghostly Armor","floor":1.0},{"not_picked":["Sever Soul","Flex"],"picked":"True Grit","floor":2.0},{"not_picked":["Pommel Strike","Fire Breathing"],"picked":"Armaments","floor":3.0},{"not_picked":["Rupture","Sentinel"],"picked":"Thunderclap","floor":4.0},{"not_picked":["Perfected Strike","Wild Strike"],"picked":"Second Wind","floor":5.0},{"not_picked":["Clash","Armaments"],"picked":"Barricade","floor":6.0},{"not_picked":["Anger","Warcry","Clash"],"picked":"SKIP","floor":8.0},{"not_picked":["Twin Strike","Warcry"],"picked":"Shrug It Off","floor":11.0},{"not_picked":["Anger","Inflame"],"picked":"Disarm","floor":12.0},{"not_picked":["Iron Wave","Anger","Clash"],"picked":"SKIP","floor":13.0},{"not_picked":["Pommel Strike","Fiend Fire"],"picked":"Intimidate","floor":14.0},{"not_picked":["Demon Form","Double Tap"],"picked":"Reaper","floor":16.0},{"not_picked":["Rampage","Sword Boomerang"],"picked":"Entrench","floor":18.0},{"not_picked":["Flex","Body Slam","Clash"],"picked":"SKIP","floor":21.0},{"not_picked":["Havoc","Clash","Sever Soul"],"picked":"SKIP","floor":22.0},{"not_picked":["Iron Wave","Combust"],"picked":"Shrug It Off","floor":25.0},{"not_picked":["Clash+1","Double Tap","Thunderclap"],"picked":"SKIP","floor":29.0},{"not_picked":["Inflame","Intimidate","Havoc"],"picked":"SKIP","floor":30.0},{"not_picked":["Headbutt","Anger","Thunderclap","Armaments"],"picked":"SKIP","floor":31.0},{"not_picked":["Fire Breathing","Spot Weakness+1","Thunderclap"],"picked":"Clothesline+1","floor":35.0},{"not_picked":["Metamorphosis","Enlightenment","Panacea"],"picked":"Master of Strategy","floor":37.0},{"not_picked":["Heavy Blade+1","Clash","Cleave"],"picked":"Feel No Pain","floor":38.0},{"not_picked":["Headbutt+1","Rupture","Sentinel"],"picked":"Entrench+1","floor":39.0},{"not_picked":["Pummel+1","Cleave","Clash","Heavy Blade+1"],"picked":"SKIP","floor":40.0},{"not_picked":["Rupture+1","Iron Wave","Fire Breathing+1"],"picked":"Warcry+1","floor":42.0},{"not_picked":["Perfected Strike","Seeing Red+1","Exhume","Searing Blow"],"picked":"SKIP","floor":45.0}],"player_experience":527375,"relics_obtained":[{"floor":6.0,"key":"Self Forming Clay"},{"floor":8.0,"key":"Blood Vial"},{"floor":9.0,"key":"Dodecahedron"},{"floor":13.0,"key":"Mercury Hourglass"},{"floor":26.0,"key":"Paper Frog"},{"floor":30.0,"key":"Question Card"},{"floor":40.0,"key":"Peace Pipe"},{"floor":42.0,"key":"Whetstone"},{"floor":43.0,"key":"Blue Candle"}],"event_choices":[{"damage_healed":0.0,"max_hp_gain":0.0,"max_hp_loss":0.0,"gold_gain":0.0,"event_name":"The Library","player_choice":"Read","floor":19.0,"gold_loss":0.0,"damage_taken":0.0,"cards_obtained":["Body Slam"]},{"damage_healed":0.0,"max_hp_gain":5.0,"max_hp_loss":0.0,"gold_gain":0.0,"event_name":"Forgotten Altar","player_choice":"Shed Blood","floor":20.0,"gold_loss":0.0,"damage_taken":20.0},{"damage_healed":0.0,"max_hp_gain":0.0,"max_hp_loss":0.0,"gold_gain":0.0,"cards_transformed":["Normality","Intimidate"],"event_name":"Drug Dealer","player_choice":"Became Test Subject","floor":28.0,"gold_loss":0.0,"damage_taken":0.0,"cards_obtained":["Shame","Pummel"]},{"damage_healed":0.0,"max_hp_gain":0.0,"max_hp_loss":0.0,"gold_gain":0.0,"event_name":"SensoryStone","player_choice":"Memory 1","floor":37.0,"gold_loss":0.0,"damage_taken":0.0},{"damage_healed":0.0,"max_hp_gain":0.0,"max_hp_loss":0.0,"gold_gain":0.0,"event_name":"SecretPortal","player_choice":"Took Portal","floor":46.0,"gold_loss":0.0,"damage_taken":0.0}],"is_beta":false,"boss_relics":[{"not_picked":["Philosopher\u0027s Stone","Coffee Dripper"],"picked":"Cursed Key"},{"not_picked":["Pandora\u0027s Box","White Beast Statue"],"picked":"Mark of Pain"}],"items_purged_floors":[24,36,44],"is_endless":false,"potions_floor_spawned":[1,2,4,6,8,11,16,25,30,31,33,35,38,40],"killed_by":"Awakened One","ascension_level":6}