{"gold_per_floor":[119,137,137,137,161,161,202,226,226,240,280,305,305,324,324,324],"floor_reached":16,"playtime":559,"items_purged":[],"score":224,"play_id":"8ed4498b-1800-4298-a12b-aa01dd9e30c9","local_time":"20191002235123","is_ascension_mode":true,"campfire_choices":[{"data":"Coolheaded","floor":6,"key":"SMITH"},{"data":"Zap","floor":13,"key":"SMITH"},{"data":"Loop","floor":15,"key":"SMITH"}],"neow_cost":"PERCENT_DAMAGE","seed_source_timestamp":887756793754300,"circlet_count":0,"master_deck":["AscendersBane","Strike_B","Strike_B","Strike_B","Strike_B","Defend_B","Defend_B","Defend_B","Defend_B","Zap+1","Dualcast","Coolheaded","Coolheaded+1","Loop+1","Streamline","Melter","Electrodynamics","Glacier","Loop"],"relics":["Cracked Core","Ice Cream","Golden Idol","Meat on the Bone","Mummified Hand","Singing Bowl","Odd Mushroom"],"potions_floor_usage":[7,7,11,16],"damage_taken":[{"damage":7,"enemies":"Jaw Worm","floor":1,"turns":4},{"damage":0,"enemies":"2 Louse","floor":2,"turns":4},{"damage":0,"enemies":"Small Slimes","floor":5,"turns":4},{"damage":13,"enemies":"3 Sentries","floor":7,"turns":8},{"damage":8,"enemies":"Blue Slaver","floor":8,"turns":6},{"damage":0,"enemies":"Red Slaver","floor":10,"turns":3},{"damage":26,"enemies":"Lagavulin","floor":11,"turns":6},{"damage":10,"enemies":"The Mushroom Lair","floor":12,"turns":3},{"damage":0,"enemies":"Gremlin Gang","floor":14,"turns":1},{"damage":40,"enemies":"Slime Boss","floor":16,"turns":6}],"seed_played":"-8302305763472349026","potions_obtained":[{"floor":1,"key":"Fire Potion"},{"floor":2,"key":"Energy Potion"},{"floor":7,"key":"Poison Potion"},{"floor":14,"key":"Poison Potion"}],"is_trial":false,"path_per_floor":["M","M","?","?","M","R","E","M","T","M","E","?","R","M","R","B"],"character_chosen":"DEFECT","items_purchased":[],"campfire_rested":0,"item_purchase_floors":[],"current_hp_per_floor":[39,39,44,44,44,44,31,35,35,35,23,25,25,37,37,0],"gold":324,"neow_bonus":"ONE_RARE_RELIC","is_prod":false,"is_daily":false,"chose_seed":false,"campfire_upgraded":3,"win_rate":0,"timestamp":1570027883,"path_taken":["M","M","?","?","M","R","E","M","T","M","E","?","R","M","R","BOSS"],"build_version":"2019-07-17","purchased_purges":0,"victory":false,"max_hp_per_floor":[71,71,76,69,69,69,69,69,69,69,71,71,71,71,71,71],"card_choices":[{"not_picked":["Sweeping Beam","Undo"],"picked":"Coolheaded","floor":1},{"not_picked":["Lockon","Fusion"],"picked":"Coolheaded","floor":2},{"not_picked":["White Noise","Fusion"],"picked":"Loop","floor":5},{"not_picked":["Barrage","Melter"],"picked":"Streamline","floor":7},{"not_picked":["Go for the Eyes","Streamline"],"picked":"Melter","floor":8},{"not_picked":["Go for the Eyes","Conserve Battery"],"picked":"Electrodynamics","floor":10},{"not_picked":["Go for the Eyes","Lockon","Chill"],"picked":"Singing Bowl","floor":11},{"not_picked":["Force Field","Stack"],"picked":"Glacier","floor":12},{"not_picked":["Barrage","Doom and Gloom"],"picked":"Loop","floor":14}],"player_experience":572061,"relics_obtained":[{"floor":7,"key":"Meat on the Bone"},{"floor":9,"key":"Mummified Hand"},{"floor":11,"key":"Singing Bowl"},{"floor":12,"key":"Odd Mushroom"}],"event_choices":[{"damage_healed":0,"gold_gain":0,"player_choice":"Donut","damage_taken":0,"max_hp_gain":5,"max_hp_loss":0,"event_name":"Big Fish","floor":3,"gold_loss":0},{"damage_healed":0,"gold_gain":0,"player_choice":"Lose Max HP","damage_taken":0,"relics_obtained":["Golden Idol"],"max_hp_gain":0,"max_hp_loss":7,"event_name":"Golden Idol","floor":4,"gold_loss":0},{"damage_healed":0,"gold_gain":0,"player_choice":"Fought Mushrooms","damage_taken":0,"max_hp_gain":0,"max_hp_loss":0,"event_name":"Mushrooms","floor":12,"gold_loss":0}],"is_beta":false,"boss_relics":[],"items_purged_floors":[],"is_endless":false,"potions_floor_spawned":[1,2,7,14],"killed_by":"Slime Boss","ascension_level":20}