{"gold_per_floor":[116,130,205,205,6,37,37,37,37,53,53,64,78,95,95,198,198,164,164,86,98,116,116],"floor_reached":23,"playtime":950,"items_purged":["Defend_B"],"score":349,"play_id":"296ed453-06ef-46f6-b9a9-e0b202aa505f","local_time":"20181102145334","is_ascension_mode":true,"campfire_choices":[{"floor":15,"key":"REST"}],"neow_cost":"NONE","seed_source_timestamp":1862014870740445,"circlet_count":0,"master_deck":["AscendersBane","Strike_B","Strike_B","Strike_B","Strike_B","Defend_B","Defend_B","Defend_B","Zap","Dualcast","Streamline","Sweeping Beam","Leap","Glacier","Ball Lightning","Leap","Hyperbeam","Gash","Leap","Recycle","Go for the Eyes"],"relics":["Cracked Core","NeowsBlessing","Membership Card","Matryoshka","Peace Pipe","Bottled Flame","Ornamental Fan","Nuclear Battery"],"potions_floor_usage":[12,16,18,21,22],"damage_taken":[{"damage":0,"enemies":"Jaw Worm","floor":1,"turns":1},{"damage":0,"enemies":"Small Slimes","floor":2,"turns":1},{"damage":0,"enemies":"Gremlin Nob","floor":6,"turns":1},{"damage":6,"enemies":"2 Louse","floor":10,"turns":3},{"damage":3,"enemies":"Blue Slaver","floor":12,"turns":2},{"damage":11,"enemies":"2 Fungi Beasts","floor":13,"turns":3},{"damage":8,"enemies":"Looter","floor":14,"turns":3},{"damage":52,"enemies":"Slime Boss","floor":16,"turns":13},{"damage":19,"enemies":"2 Thieves","floor":18,"turns":5},{"damage":0,"enemies":"Spheric Guardian","floor":21,"turns":4},{"damage":36,"enemies":"Chosen and Byrds","floor":22,"turns":9},{"damage":22,"enemies":"Centurion and Healer","floor":23,"turns":6}],"seed_played":"-203270668438010597","potions_obtained":[{"floor":1,"key":"GamblersBrew"},{"floor":10,"key":"AttackPotion"},{"floor":13,"key":"Block Potion"},{"floor":14,"key":"Poison Potion"},{"floor":16,"key":"Regen Potion"},{"floor":18,"key":"Block Potion"}],"is_trial":false,"path_per_floor":["M","M","?","?","$","E","?","$","T","M","?","M","M","M","R","B",null,"M","?","$","M","M","M"],"character_chosen":"DEFECT","items_purchased":["Membership Card","Leap","Recycle"],"campfire_rested":1,"item_purchase_floors":[5,20,20],"current_hp_per_floor":[68,68,57,57,57,57,54,54,54,48,66,63,52,44,66,14,60,55,55,55,55,19,0],"gold":116,"neow_bonus":"THREE_ENEMY_KILL","is_prod":false,"is_daily":false,"chose_seed":false,"campfire_upgraded":0,"win_rate":0,"timestamp":1541138014,"path_taken":["M","M","?","?","$","E","?","$","T","M","?","M","M","M","R","BOSS","M","?","$","M","M","M"],"build_version":"2018-11-01","purchased_purges":1,"victory":false,"max_hp_per_floor":[75,75,75,75,75,75,75,75,75,75,75,75,75,75,75,75,75,75,72,72,72,72,72],"card_choices":[{"not_picked":["Hologram","Double Energy"],"picked":"Streamline","floor":1},{"not_picked":["Coolheaded","Barrage"],"picked":"Sweeping Beam","floor":2},{"not_picked":["Capacitor","Hologram"],"picked":"Leap","floor":6},{"not_picked":["Gash","Hologram"],"picked":"Glacier","floor":10},{"not_picked":["Force Field","Compile Driver"],"picked":"Ball Lightning","floor":12},{"not_picked":["Fission","Darkness"],"picked":"Leap","floor":13},{"not_picked":["Barrage","Hologram","Redo"],"picked":"SKIP","floor":14},{"not_picked":["Machine Learning","Rainbow"],"picked":"Hyperbeam","floor":16},{"not_picked":["Tempest","Cold Snap"],"picked":"Gash","floor":18},{"not_picked":["Hologram","Doom and Gloom","Tempest"],"picked":"SKIP","floor":21},{"not_picked":["Gash","Consume"],"picked":"Go for the Eyes","floor":22}],"player_experience":269463,"relics_obtained":[{"floor":6,"key":"Matryoshka"},{"floor":9,"key":"Bottled Flame"},{"floor":9,"key":"Ornamental Fan"}],"event_choices":[{"damage_healed":0,"gold_gain":75,"player_choice":"Gather Gold","damage_taken":11,"max_hp_gain":0,"max_hp_loss":0,"event_name":"World of Goop","floor":3,"gold_loss":0},{"damage_healed":0,"gold_gain":0,"player_choice":"Ignored","damage_taken":0,"max_hp_gain":0,"max_hp_loss":0,"event_name":"Liars Game","floor":4,"gold_loss":0},{"damage_healed":0,"gold_gain":0,"player_choice":"Success","damage_taken":3,"relics_obtained":["Peace Pipe"],"max_hp_gain":0,"max_hp_loss":0,"event_name":"Scrap Ooze","floor":7,"gold_loss":0},{"damage_healed":18,"gold_gain":0,"player_choice":"Healed and dodged fight","damage_taken":0,"max_hp_gain":0,"max_hp_loss":0,"event_name":"Mushrooms","floor":11,"gold_loss":0,"cards_obtained":["Parasite"]},{"cards_removed":["Parasite"],"damage_healed":0,"gold_gain":0,"player_choice":"Elegance","damage_taken":0,"max_hp_gain":0,"max_hp_loss":0,"event_name":"Back to Basics","floor":19,"gold_loss":0}],"is_beta":false,"boss_relics":[{"not_picked":["Fusion Hammer","Tiny House"],"picked":"Nuclear Battery"}],"items_purged_floors":[20],"is_endless":false,"potions_floor_spawned":[1,10,13,14,16,18],"killed_by":"Centurion and Healer","ascension_level":12}