{"gold_per_floor":[109,123,138,138,158,158,186,186,213,225,261,212,51,86,86,181,181,199,114,58,101,126,126,126],"floor_reached":24,"playtime":807,"items_purged":["Strike_R"],"score":458,"play_id":"b75dc402-4928-4ec8-a042-89258a15d505","local_time":"20190329121022","is_ascension_mode":true,"campfire_choices":[{"data":"Bash","floor":6,"key":"SMITH"},{"data":"Limit Break","floor":8,"key":"SMITH"},{"data":"Uppercut","floor":15,"key":"SMITH"},{"data":"Heavy Blade","floor":23,"key":"SMITH"}],"neow_cost":"NONE","seed_source_timestamp":955978791576400,"circlet_count":0,"master_deck":["AscendersBane","Strike_R","Strike_R","Strike_R","Defend_R","Defend_R","Defend_R","Defend_R","Bash+1","Twin Strike","Headbutt","True Grit","Limit Break+1","Twin Strike","Anger","Panacea","Uppercut+1","Limit Break","Inflame","Shrug It Off","Heavy Blade+1"],"relics":["Burning Blood","Red Skull","Regal Pillow","MawBank","Golden Idol","Strawberry","Coffee Dripper","Juzu Bracelet","Red Mask"],"potions_floor_usage":[7,14,21,24],"damage_taken":[{"damage":9,"enemies":"Jaw Worm","floor":1,"turns":4},{"damage":1,"enemies":"Cultist","floor":2,"turns":3},{"damage":2,"enemies":"2 Louse","floor":3,"turns":3},{"damage":37,"enemies":"Exordium Wildlife","floor":5,"turns":9},{"damage":19,"enemies":"Lagavulin","floor":7,"turns":7},{"damage":4,"enemies":"Blue Slaver","floor":11,"turns":3},{"damage":0,"enemies":"Gremlin Nob","floor":14,"turns":2},{"damage":25,"enemies":"The Guardian","floor":16,"turns":9},{"damage":36,"enemies":"Spheric Guardian","floor":18,"turns":6},{"damage":34,"enemies":"Masked Bandits","floor":21,"turns":4},{"damage":14,"enemies":"2 Thieves","floor":22,"turns":3},{"damage":17,"enemies":"Gremlin Leader","floor":24,"turns":4}],"seed_played":"9174629040833262407","potions_obtained":[{"floor":2,"key":"SpeedPotion"},{"floor":5,"key":"PowerPotion"},{"floor":7,"key":"Strength Potion"},{"floor":16,"key":"Regen Potion"}],"is_trial":false,"path_per_floor":["M","M","M","?","M","R","E","R","T","?","M","?","$","E","R","B",null,"M","?","$","?","M","R","E"],"character_chosen":"IRONCLAD","items_purchased":["Panacea","Shrug It Off"],"campfire_rested":0,"item_purchase_floors":[13,20],"current_hp_per_floor":[65,70,74,74,43,43,30,30,30,30,32,32,32,45,45,26,63,33,33,33,17,9,9,0],"gold":126,"neow_bonus":"RANDOM_COMMON_RELIC","is_prod":false,"is_daily":false,"chose_seed":false,"campfire_upgraded":4,"win_rate":0,"timestamp":1553850622,"path_taken":["M","M","M","?","?","R","E","R","T","?","M","?","?","E","R","BOSS","M","?","$","?","M","R","E"],"build_version":"2019-01-23","purchased_purges":1,"victory":false,"max_hp_per_floor":[75,75,75,75,75,75,75,75,75,68,68,68,68,75,75,75,75,75,75,75,75,75,75,75],"card_choices":[{"not_picked":["Thunderclap","Havoc"],"picked":"Twin Strike","floor":1},{"not_picked":["Searing Blow","Rupture"],"picked":"Headbutt","floor":2},{"not_picked":["Warcry","Bloodletting"],"picked":"True Grit","floor":3},{"not_picked":["Clash","Inflame"],"picked":"Limit Break","floor":5},{"not_picked":["Cleave","Perfected Strike"],"picked":"Twin Strike","floor":7},{"not_picked":["Body Slam","Dark Embrace"],"picked":"Anger","floor":11},{"not_picked":["Pommel Strike","Sword Boomerang"],"picked":"Uppercut","floor":14},{"not_picked":["Berserk","Offering"],"picked":"Limit Break","floor":16},{"not_picked":["Perfected Strike","Heavy Blade"],"picked":"Inflame","floor":18},{"not_picked":["Wild Strike","Havoc"],"picked":"Heavy Blade","floor":22}],"player_experience":1060936,"relics_obtained":[{"floor":7,"key":"Regal Pillow"},{"floor":9,"key":"MawBank"},{"floor":14,"key":"Strawberry"},{"floor":21,"key":"Red Mask"}],"event_choices":[{"cards_removed":["Strike_R"],"damage_healed":0,"gold_gain":0,"player_choice":"Offered Basic","damage_taken":0,"max_hp_gain":0,"max_hp_loss":0,"event_name":"Bonfire Elementals","floor":4,"gold_loss":0},{"damage_healed":0,"gold_gain":0,"player_choice":"Lose Max HP","damage_taken":0,"relics_obtained":["Golden Idol"],"max_hp_gain":0,"max_hp_loss":7,"event_name":"Golden Idol","floor":10,"gold_loss":0},{"damage_healed":0,"gold_gain":0,"player_choice":"Left Gold","damage_taken":0,"max_hp_gain":0,"max_hp_loss":0,"event_name":"World of Goop","floor":12,"gold_loss":61},{"damage_healed":0,"gold_gain":0,"player_choice":"Obtained Relic","damage_taken":0,"relics_obtained":["Juzu Bracelet"],"max_hp_gain":0,"max_hp_loss":0,"event_name":"Addict","floor":19,"gold_loss":85},{"damage_healed":0,"gold_gain":0,"player_choice":"Fought Bandits","damage_taken":0,"max_hp_gain":0,"max_hp_loss":0,"event_name":"Masked Bandits","floor":21,"gold_loss":0}],"is_beta":false,"boss_relics":[{"not_picked":["Runic Dome","White Beast Statue"],"picked":"Coffee Dripper"}],"items_purged_floors":[13],"is_endless":false,"potions_floor_spawned":[2,5,7,16],"killed_by":"Gremlin Leader","ascension_level":20}