{"gold_per_floor":[110,110,124,142,53,53,88,88,111,141,176,191,191,208,208,279,279,298,313,325,342,424,424,456,114,141,156,156,156],"floor_reached":29,"playtime":901,"items_purged":[],"score":510,"play_id":"e44b64a1-c3ab-4ec0-bfd0-64d47cefec6b","local_time":"20191005014356","is_ascension_mode":true,"campfire_choices":[{"data":"Sunder","floor":6.0,"key":"SMITH"},{"data":"Beam Cell","floor":8.0,"key":"SMITH"},{"floor":13.0,"key":"REST"},{"floor":15.0,"key":"REST"},{"floor":23.0,"key":"REST"},{"floor":28.0,"key":"REST"}],"neow_cost":"NONE","seed_source_timestamp":1066785843997200,"circlet_count":0,"master_deck":["AscendersBane","Strike_B","Strike_B","Strike_B","Strike_B","Defend_B","Defend_B","Defend_B","Defend_B","Zap","Dualcast","Leap","Beam Cell+1","FTL","Sunder+1","BootSequence","Rebound","Electrodynamics","Conserve Battery","Hologram+1","Gash+1","Coolheaded","Apotheosis","Creative AI","BootSequence"],"special_seed":0,"relics":["Cracked Core","NeowsBlessing","Oddly Smooth Stone","Pen Nib","Tiny Chest","Omamori","Sozu","Mummified Hand","StoneCalendar","Boot"],"potions_floor_usage":[],"damage_taken":[{"damage":0.0,"enemies":"Small Slimes","floor":1.0,"turns":1.0},{"damage":0.0,"enemies":"Jaw Worm","floor":3.0,"turns":1.0},{"damage":0.0,"enemies":"Cultist","floor":4.0,"turns":1.0},{"damage":31.0,"enemies":"Gremlin Nob","floor":7.0,"turns":4.0},{"damage":26.0,"enemies":"3 Sentries","floor":11.0,"turns":7.0},{"damage":0.0,"enemies":"Lots of Slimes","floor":12.0,"turns":4.0},{"damage":0.0,"enemies":"2 Fungi Beasts","floor":14.0,"turns":2.0},{"damage":24.0,"enemies":"The Guardian","floor":16.0,"turns":11.0},{"damage":16.0,"enemies":"2 Thieves","floor":18.0,"turns":3.0},{"damage":0.0,"enemies":"Chosen","floor":19.0,"turns":2.0},{"damage":27.0,"enemies":"Shelled Parasite and Fungi","floor":20.0,"turns":5.0},{"damage":6.0,"enemies":"3 Cultists","floor":21.0,"turns":4.0},{"damage":22.0,"enemies":"Book of Stabbing","floor":24.0,"turns":4.0},{"damage":20.0,"enemies":"Snake Plant","floor":27.0,"turns":4.0},{"damage":33,"enemies":"Centurion and Healer","floor":29,"turns":4}],"seed_played":"6727795824751406922","potions_obtained":[{"floor":4.0,"key":"FairyPotion"},{"floor":7.0,"key":"Regen Potion"},{"floor":12.0,"key":"EssenceOfSteel"}],"is_trial":false,"path_per_floor":["M","?","M","M","$","R","E","R","T","?","E","M","R","M","R","B",null,"M","M","M","M","T","R","E","$","T","M","R","M"],"character_chosen":"DEFECT","items_purchased":["Sunder","Apotheosis","Creative AI","BootSequence"],"campfire_rested":4,"item_purchase_floors":[5,25,25,25],"current_hp_per_floor":[64,69,69,69,69,69,38,38,38,27,15,15,37,37,59,35,66,50,50,23,17,17,39,17,17,17,7,29,0],"gold":156,"neow_bonus":"THREE_ENEMY_KILL","is_prod":false,"is_daily":false,"chose_seed":false,"campfire_upgraded":2,"win_rate":0,"timestamp":1570207436,"path_taken":["M","?","M","M","$","R","E","R","T","?","E","?","R","M","R","BOSS","M","M","M","M","?","R","E","$","T","?","R","M"],"build_version":"2019-07-17","purchased_purges":0,"victory":false,"max_hp_per_floor":[71,76,76,76,76,76,76,76,76,76,76,76,76,76,76,76,76,76,76,76,76,76,76,76,76,76,76,76,76],"card_choices":[{"not_picked":["Consume","Recycle"],"picked":"Leap","floor":1.0},{"not_picked":["Auto Shields","Go for the Eyes"],"picked":"Beam Cell","floor":3.0},{"not_picked":["Consume","Turbo"],"picked":"FTL","floor":4.0},{"not_picked":["Redo","Double Energy","Force Field"],"picked":"SKIP","floor":7.0},{"not_picked":["Loop","Sweeping Beam"],"picked":"BootSequence","floor":11.0},{"not_picked":["Rip and Tear","Stack","Recycle"],"picked":"SKIP","floor":12.0},{"not_picked":["Leap","Streamline"],"picked":"Rebound","floor":14.0},{"not_picked":["Reboot","Meteor Strike"],"picked":"Electrodynamics","floor":16.0},{"not_picked":["Redo","Coolheaded"],"picked":"Conserve Battery","floor":18.0},{"not_picked":["Leap","Machine Learning"],"picked":"Hologram+1","floor":19.0},{"not_picked":["Rebound","Go for the Eyes"],"picked":"Gash+1","floor":20.0},{"not_picked":["Streamline","Go for the Eyes"],"picked":"Coolheaded","floor":21.0},{"not_picked":["Conserve Battery","Rebound","Turbo"],"picked":"SKIP","floor":24.0},{"not_picked":["Skim","Aggregate","Redo"],"picked":"SKIP","floor":27.0}],"player_experience":583096,"relics_obtained":[{"floor":7.0,"key":"Oddly Smooth Stone"},{"floor":9.0,"key":"Pen Nib"},{"floor":11.0,"key":"Omamori"},{"floor":22.0,"key":"Mummified Hand"},{"floor":24.0,"key":"StoneCalendar"},{"floor":26.0,"key":"Boot"}],"event_choices":[{"damage_healed":0.0,"max_hp_gain":5.0,"max_hp_loss":0.0,"gold_gain":0.0,"event_name":"Big Fish","player_choice":"Donut","floor":2.0,"gold_loss":0.0,"damage_taken":0.0},{"damage_healed":0.0,"max_hp_gain":0.0,"max_hp_loss":0.0,"gold_gain":0.0,"event_name":"Scrap Ooze","player_choice":"Success","floor":10.0,"gold_loss":0.0,"damage_taken":11.0,"relics_obtained":["Tiny Chest"]}],"is_beta":false,"boss_relics":[{"not_picked":["Orrery","Philosopher\u0027s Stone"],"picked":"Sozu"}],"items_purged_floors":[],"is_endless":false,"potions_floor_spawned":[4,7,12,18,20],"killed_by":"Centurion and Healer","ascension_level":20}