{"gold_per_floor":[115,67,85,104,204,204,239,255,282,309,309,3,30,46,46,145,145,164,0,99,99,99,130,130,45,68,81,106,121,121,58,70,183,195,227,257,269,381,393,405,114,139,185,185,200,200,226,226,226,226,226,226,1,36,36],"floor_reached":56,"playtime":4840,"items_purged":["Strike_B","Strike_B+1"],"score":1640,"play_id":"bcd0d5bd-e1d5-41a1-8644-12e8d743d8c5","local_time":"20190809161204","is_ascension_mode":true,"campfire_choices":[{"data":"Zap","floor":6,"key":"SMITH"},{"data":"Consume","floor":11,"key":"SMITH"},{"floor":15,"key":"REST"},{"data":"Fission","floor":24,"key":"SMITH"},{"floor":30,"key":"DIG"},{"floor":32,"key":"DIG"},{"floor":40,"key":"DIG"},{"data":"Apotheosis","floor":46,"key":"SMITH"},{"floor":49,"key":"RECALL"},{"floor":52,"key":"REST"}],"neow_cost":"NONE","seed_source_timestamp":8736959692064,"circlet_count":0,"master_deck":["Strike_B+1","Defend_B+1","Defend_B+1","Defend_B+1","Defend_B+1","Zap+1","Dualcast","Ball Lightning","Chill","Glacier","Sweeping Beam+1","Consume+1","Capacitor","Cold Snap","Coolheaded+1","Static Discharge","Ball Lightning+1","Fission+1","Conserve Battery+1","Necronomicurse","Seek","White Noise","Steam+1","Echo Form","Coolheaded+1","Rebound","Glacier+1","Madness","Apotheosis+1","Lockon"],"relics":["Cracked Core","Pen Nib","Juzu Bracelet","Lantern","Membership Card","Sundial","Inserter","Cables","Necronomicon","Letter Opener","Shovel","Whetstone","Symbiotic Virus","MawBank","Kunai","Philosopher\u0027s Stone","Dead Branch","Strawberry","Medical Kit","War Paint","Blood Vial","Mango","Mummified Hand","Happy Flower","Boot"],"potions_floor_usage":[7,10,10,14,16,28,29,50,55,55],"damage_taken":[{"damage":1,"enemies":"Cultist","floor":1,"turns":3},{"damage":2,"enemies":"Jaw Worm","floor":3,"turns":3},{"damage":0,"enemies":"Small Slimes","floor":4,"turns":3},{"damage":26,"enemies":"Gremlin Nob","floor":7,"turns":4},{"damage":0,"enemies":"2 Fungi Beasts","floor":8,"turns":3},{"damage":16,"enemies":"3 Sentries","floor":10,"turns":7},{"damage":1,"enemies":"Gremlin Nob","floor":13,"turns":4},{"damage":14,"enemies":"Exordium Thugs","floor":14,"turns":5},{"damage":16,"enemies":"Hexaghost","floor":16,"turns":6},{"damage":1,"enemies":"Spheric Guardian","floor":18,"turns":4},{"damage":0,"enemies":"Gremlin Leader","floor":23,"turns":10},{"damage":1,"enemies":"Shell Parasite","floor":27,"turns":28},{"damage":11,"enemies":"Slavers","floor":28,"turns":4},{"damage":0,"enemies":"Snecko","floor":29,"turns":4},{"damage":0,"enemies":"Champ","floor":33,"turns":9},{"damage":0,"enemies":"Orb Walker","floor":35,"turns":3},{"damage":0,"enemies":"3 Darklings","floor":36,"turns":4},{"damage":0,"enemies":"Mind Bloom Boss Battle","floor":38,"turns":6},{"damage":4,"enemies":"Nemesis","floor":42,"turns":8},{"damage":0,"enemies":"4 Shapes","floor":45,"turns":2},{"damage":22,"enemies":"Giant Head","floor":47,"turns":7},{"damage":25,"enemies":"Time Eater","floor":50,"turns":14},{"damage":0,"enemies":"Shield and Spear","floor":54,"turns":8},{"damage":88,"enemies":"The Heart","floor":55,"turns":11}],"seed_played":"-7184314135757490618","potions_obtained":[{"floor":3,"key":"Dexterity Potion"},{"floor":4,"key":"LiquidBronze"},{"floor":7,"key":"EssenceOfSteel"},{"floor":13,"key":"Poison Potion"},{"floor":27,"key":"EssenceOfSteel"},{"floor":28,"key":"Swift Potion"},{"floor":35,"key":"Energy Potion"},{"floor":38,"key":"Dexterity Potion"}],"is_trial":false,"path_per_floor":["M","$","M","M","?","R","E","M","T","E","R","$","E","M","R","B",null,"M","$","?","?","?","E","R","?","T","M","E","M","R","?","R","B",null,"M","M","?","?","?","R","$","E","T","?","M","R","E","?","R","B",null,"R","$","E","B",null],"character_chosen":"DEFECT","items_purchased":["AttackPotion","Capacitor","Membership Card","Cold Snap","Coolheaded","Cables","Apotheosis","Medical Kit","War Paint","Mummified Hand","Happy Flower","SkillPotion"],"campfire_rested":2,"item_purchase_floors":[2,12,12,12,12,19,41,41,41,53,53,53],"current_hp_per_floor":[81,81,79,79,79,79,53,53,53,37,37,37,36,22,46,30,69,68,68,68,68,52,52,52,52,52,51,40,40,40,40,40,40,72,72,72,72,72,62,69,69,65,65,65,67,67,61,61,61,38,87,103,103,103,15],"gold":36,"neow_bonus":"TEN_PERCENT_HP_BONUS","is_prod":false,"is_daily":false,"chose_seed":false,"campfire_upgraded":4,"win_rate":0,"timestamp":1565359924,"path_taken":["M","$","M","?","?","R","E","M","T","E","R","?","E","M","R","BOSS","M","$","?","?","?","E","R","?","T","M","E","M","R","?","R","BOSS","M","M","?","?","?","R","$","E","T","?","M","R","E","?","R","BOSS","R","$","E","BOSS"],"build_version":"2019-07-17","purchased_purges":2,"victory":true,"max_hp_per_floor":[82,82,82,82,82,82,82,82,82,82,82,82,82,82,82,82,82,82,82,82,82,82,82,82,82,82,82,82,82,82,82,82,82,82,82,82,82,82,82,89,89,89,89,89,89,89,103,103,103,103,103,103,103,103,103],"card_choices":[{"not_picked":["Loop","Leap"],"picked":"Ball Lightning","floor":1},{"not_picked":["Scrape","Hologram"],"picked":"Chill","floor":3},{"not_picked":["Chaos","Sunder"],"picked":"Glacier","floor":4},{"not_picked":["White Noise","Storm"],"picked":"Sweeping Beam","floor":7},{"not_picked":["Streamline","Compile Driver"],"picked":"Consume","floor":8},{"not_picked":["Rainbow","Sweeping Beam","Stack"],"picked":"SKIP","floor":10},{"not_picked":["Turbo","Gash"],"picked":"Static Discharge","floor":13},{"not_picked":["Steam","BootSequence"],"picked":"Ball Lightning","floor":14},{"not_picked":["Rainbow","Creative AI"],"picked":"Fission","floor":16},{"not_picked":["Darkness","Coolheaded"],"picked":"Conserve Battery+1","floor":18},{"not_picked":["Sweeping Beam","Melter"],"picked":"Seek","floor":23},{"not_picked":["Streamline","Auto Shields","Scrape"],"picked":"SKIP","floor":27},{"not_picked":["Chill","Capacitor"],"picked":"White Noise","floor":28},{"not_picked":["Cold Snap+1","Stack"],"picked":"Steam+1","floor":29},{"not_picked":["Rainbow","Amplify"],"picked":"Echo Form","floor":33},{"not_picked":["Compile Driver","Leap"],"picked":"Coolheaded","floor":35},{"not_picked":["Ball Lightning+1","Rip and Tear+1"],"picked":"Rebound","floor":36},{"not_picked":["Loop","Recycle"],"picked":"Glacier+1","floor":38},{"not_picked":["Melter+1","Genetic Algorithm","Chaos"],"picked":"SKIP","floor":42},{"not_picked":["Compile Driver","Aggregate","Redo"],"picked":"SKIP","floor":45},{"not_picked":["Turbo","Sweeping Beam"],"picked":"Lockon","floor":47},{"not_picked":["Chaos","Loop","Turbo"],"picked":"SKIP","floor":54}],"player_experience":801945,"relics_obtained":[{"floor":7,"key":"Pen Nib"},{"floor":9,"key":"Juzu Bracelet"},{"floor":10,"key":"Lantern"},{"floor":13,"key":"Sundial"},{"floor":22,"key":"Necronomicon"},{"floor":23,"key":"Letter Opener"},{"floor":26,"key":"Whetstone"},{"floor":28,"key":"Symbiotic Virus"},{"floor":30,"key":"MawBank"},{"floor":32,"key":"Kunai"},{"floor":38,"key":"Dead Branch"},{"floor":40,"key":"Strawberry"},{"floor":42,"key":"Blood Vial"},{"floor":47,"key":"Mango"},{"floor":54,"key":"Boot"}],"event_choices":[{"damage_healed":0,"gold_gain":100,"player_choice":"Pray","damage_taken":0,"max_hp_gain":0,"max_hp_loss":0,"event_name":"Golden Shrine","floor":5,"gold_loss":0},{"damage_healed":0,"gold_gain":99,"player_choice":"Stole From Cult","damage_taken":0,"max_hp_gain":0,"max_hp_loss":0,"event_name":"Nest","floor":20,"gold_loss":0},{"damage_healed":0,"gold_gain":0,"player_choice":"Simplicity","damage_taken":0,"max_hp_gain":0,"max_hp_loss":0,"event_name":"Back to Basics","floor":21,"gold_loss":0,"cards_upgraded":["Strike_B","Strike_B","Strike_B","Defend_B","Defend_B","Defend_B","Defend_B"]},{"damage_healed":0,"gold_gain":0,"player_choice":"Obtained Book","damage_taken":16,"max_hp_gain":0,"max_hp_loss":0,"event_name":"Cursed Tome","floor":22,"gold_loss":0},{"damage_healed":0,"gold_gain":0,"player_choice":"Obtained Relic","damage_taken":0,"relics_obtained":["Shovel"],"max_hp_gain":0,"max_hp_loss":0,"event_name":"Addict","floor":25,"gold_loss":85},{"cards_removed":["Strike_B"],"damage_healed":0,"gold_gain":0,"player_choice":"Gave Gold","damage_taken":0,"max_hp_gain":0,"max_hp_loss":0,"event_name":"Beggar","floor":31,"gold_loss":75},{"damage_healed":0,"gold_gain":0,"player_choice":"Ignored","damage_taken":0,"max_hp_gain":0,"max_hp_loss":0,"event_name":"Tomb of Lord Red Mask","floor":37,"gold_loss":0},{"damage_healed":0,"gold_gain":0,"player_choice":"Fight","damage_taken":0,"max_hp_gain":0,"max_hp_loss":0,"event_name":"MindBloom","floor":38,"gold_loss":0},{"damage_healed":0,"gold_gain":0,"player_choice":"Embrace Madness","damage_taken":10,"max_hp_gain":0,"max_hp_loss":0,"event_name":"Winding Halls","floor":39,"gold_loss":0,"cards_obtained":["Madness","Madness"]},{"damage_healed":0,"gold_gain":0,"player_choice":"Ignored","damage_taken":0,"max_hp_gain":0,"max_hp_loss":0,"event_name":"SecretPortal","floor":44,"gold_loss":0},{"cards_removed":["Madness"],"damage_healed":0,"gold_gain":0,"player_choice":"Removed Skill","damage_taken":0,"max_hp_gain":0,"max_hp_loss":0,"event_name":"Falling","floor":48,"gold_loss":0}],"is_beta":false,"boss_relics":[{"not_picked":["Astrolabe","Orrery"],"picked":"Inserter"},{"not_picked":["Empty Cage","Tiny House"],"picked":"Philosopher\u0027s Stone"}],"items_purged_floors":[19,41],"is_endless":false,"potions_floor_spawned":[3,4,7,13,27,28,35,38],"ascension_level":5}