{"gold_per_floor":[112,123,398,209,67,67,96,96,122,142,142,171,171,9,9,87,87,107,107,107,122,79,110,110,120,120,132,154,177,189,217,229,315,327,359,371,383,410,422,434,5,5,81,81,81,99,99,111,111,111],"floor_reached":51,"playtime":2815,"items_purged":["Regret","Strike_B","Strike_B"],"score":1252,"play_id":"462f8939-fe0c-40a4-b89d-983429f9cfc4","local_time":"20190411112419","is_ascension_mode":true,"campfire_choices":[{"data":"Zap","floor":6,"key":"SMITH"},{"data":"Blizzard","floor":8,"key":"SMITH"},{"data":"Barrage","floor":11,"key":"SMITH"},{"data":"Chill","floor":13,"key":"SMITH"},{"data":"Dualcast","floor":15,"key":"SMITH"},{"floor":24,"key":"REST"},{"data":"Machine Learning","floor":27,"key":"SMITH"},{"data":"Blizzard","floor":30,"key":"SMITH"},{"data":"Capacitor","floor":32,"key":"SMITH"},{"data":"Apotheosis","floor":40,"key":"SMITH"},{"data":"Deep Breath","floor":42,"key":"SMITH"},{"data":"Capacitor","floor":45,"key":"SMITH"},{"floor":49,"key":"REST"}],"neow_cost":"NONE","seed_source_timestamp":273261423615399,"circlet_count":0,"master_deck":["AscendersBane","Strike_B+1","Strike_B+1","Defend_B","Defend_B","Defend_B","Defend_B","Zap+1","Dualcast+1","Blizzard+1","Capacitor+1","Glacier","Blizzard+1","Self Repair","Turbo","Barrage+1","Chill+1","Glacier","Capacitor+1","Machine Learning+1","Cold Snap","Glacier","Chill+1","Reboot","Force Field","Apotheosis+1","Bandage Up","Deep Breath+1","Machine Learning+1","Hologram"],"relics":["Cracked Core","NeowsBlessing","Bottled Lightning","Whetstone","Regal Pillow","Cursed Key","Omamori","MawBank","Orrery","DollysMirror","Pear"],"potions_floor_usage":[12,23,33,38,48,48],"damage_taken":[{"damage":0,"enemies":"Jaw Worm","floor":1,"turns":1},{"damage":0,"enemies":"Cultist","floor":2,"turns":1},{"damage":0,"enemies":"Lagavulin","floor":7,"turns":1},{"damage":5,"enemies":"2 Louse","floor":10,"turns":3},{"damage":4,"enemies":"Gremlin Nob","floor":12,"turns":3},{"damage":23,"enemies":"Slime Boss","floor":16,"turns":9},{"damage":9,"enemies":"3 Byrds","floor":18,"turns":5},{"damage":11,"enemies":"Chosen","floor":21,"turns":7},{"damage":53,"enemies":"Book of Stabbing","floor":23,"turns":8},{"damage":0,"enemies":"3 Cultists","floor":25,"turns":3},{"damage":4,"enemies":"Sentry and Sphere","floor":28,"turns":8},{"damage":7,"enemies":"Shelled Parasite and Fungi","floor":29,"turns":6},{"damage":0,"enemies":"3 Cultists","floor":31,"turns":5},{"damage":43,"enemies":"Collector","floor":33,"turns":10},{"damage":0,"enemies":"3 Shapes","floor":35,"turns":4},{"damage":1,"enemies":"3 Darklings","floor":38,"turns":4},{"damage":21,"enemies":"Spire Growth","floor":46,"turns":7},{"damage":58,"enemies":"Maw","floor":48,"turns":11},{"damage":37,"enemies":"Donu and Deca","floor":50,"turns":9}],"seed_played":"977969355887649132","potions_obtained":[{"floor":1,"key":"Fire Potion"},{"floor":2,"key":"Block Potion"},{"floor":12,"key":"SpeedPotion"},{"floor":21,"key":"FearPotion"},{"floor":25,"key":"Weak Potion"},{"floor":38,"key":"Energy Potion"},{"floor":47,"key":"FocusPotion"},{"floor":48,"key":"Energy Potion"}],"is_trial":false,"path_per_floor":["M","M","?","$","$","R","E","R","T","M","R","E","R","$","R","B",null,"M","T","$","M","$","E","R","M","T","R","M","M","R","M","R","B",null,"M","$","?","M","?","R","$","R","T","?","R","M","?","M","R","B",null],"character_chosen":"DEFECT","items_purchased":["Glacier","Blizzard","Self Repair","Glacier","Capacitor","Glacier","DollysMirror","FocusPotion"],"campfire_rested":2,"item_purchase_floors":[4,4,5,14,14,22,41,41],"current_hp_per_floor":[64,64,64,64,64,64,64,64,64,66,66,69,69,69,69,53,67,65,65,65,61,61,15,51,51,51,51,54,54,54,61,61,25,60,60,60,50,63,63,63,63,63,73,73,73,63,63,21,59,33],"gold":111,"neow_bonus":"THREE_ENEMY_KILL","is_prod":false,"is_daily":false,"chose_seed":false,"campfire_upgraded":11,"win_rate":0,"timestamp":1554971059,"path_taken":["M","M","?","?","$","R","E","R","T","M","R","E","R","$","R","BOSS","M","?","?","M","$","E","R","M","T","R","M","M","R","M","R","BOSS","M","$","?","M","?","R","$","R","T","?","R","?","?","M","R","BOSS"],"build_version":"2019-01-23","purchased_purges":3,"victory":true,"max_hp_per_floor":[71,71,71,71,71,71,71,71,71,71,71,71,71,71,71,71,71,71,71,71,71,71,71,71,71,71,71,71,71,71,71,71,71,71,71,71,71,71,71,71,71,71,81,77,77,77,77,77,77,77],"card_choices":[{"not_picked":["Scrape","Chaos"],"picked":"Blizzard","floor":1},{"not_picked":["Scrape","Stack"],"picked":"Capacitor","floor":2},{"not_picked":["Go for the Eyes","Melter"],"picked":"Turbo","floor":7},{"not_picked":["Doom and Gloom","Force Field"],"picked":"Barrage","floor":10},{"not_picked":["Hologram","Ball Lightning"],"picked":"Chill","floor":12},{"not_picked":["Reboot","Seek"],"picked":"Machine Learning","floor":16},{"not_picked":["Stack","Sweeping Beam"],"picked":"Cold Snap","floor":18},{"not_picked":["Hologram","Gash","Amplify"],"picked":"SKIP","floor":21},{"not_picked":["Auto Shields+1","Streamline"],"picked":"Chill+1","floor":23},{"not_picked":["Scrape","Barrage","Beam Cell+1"],"picked":"SKIP","floor":25},{"not_picked":["Conserve Battery+1","Turbo","Stack"],"picked":"SKIP","floor":28},{"not_picked":["Hologram","Stack","Steam"],"picked":"SKIP","floor":29},{"not_picked":["Barrage+1","Storm","Ball Lightning"],"picked":"SKIP","floor":31},{"not_picked":["Core Surge","Biased Cognition"],"picked":"Reboot","floor":33},{"not_picked":["Rebound","Double Energy"],"picked":"Force Field","floor":34},{"not_picked":["Beam Cell","Skim","Barrage"],"picked":"SKIP","floor":35},{"not_picked":["Sadistic Nature","Discovery"],"picked":"Apotheosis","floor":37},{"not_picked":["PanicButton","Panache"],"picked":"Bandage Up","floor":37},{"not_picked":["Bandage Up","Panache"],"picked":"Deep Breath","floor":37},{"not_picked":["Double Energy","Barrage+1","Streamline+1"],"picked":"SKIP","floor":38},{"not_picked":["Conserve Battery","Streamline+1","Rebound"],"picked":"SKIP","floor":46},{"not_picked":["Rip and Tear","Reinforced Body"],"picked":"Hologram","floor":48}],"player_experience":1149974,"relics_obtained":[{"floor":7,"key":"Bottled Lightning"},{"floor":9,"key":"Whetstone"},{"floor":12,"key":"Regal Pillow"},{"floor":23,"key":"Omamori"},{"floor":26,"key":"MawBank"},{"floor":43,"key":"Pear"}],"event_choices":[{"damage_healed":0,"gold_gain":275,"player_choice":"Desecrate","damage_taken":0,"max_hp_gain":0,"max_hp_loss":0,"event_name":"Golden Shrine","floor":3,"gold_loss":0,"cards_obtained":["Regret"]},{"damage_healed":0,"gold_gain":0,"player_choice":"Memory 3","damage_taken":10,"max_hp_gain":0,"max_hp_loss":0,"event_name":"SensoryStone","floor":37,"gold_loss":0},{"damage_healed":0,"gold_gain":0,"player_choice":"Ignored","damage_taken":0,"max_hp_gain":0,"max_hp_loss":0,"event_name":"Mysterious Sphere","floor":39,"gold_loss":0},{"damage_healed":0,"gold_gain":0,"player_choice":"Max HP","damage_taken":0,"max_hp_gain":0,"max_hp_loss":4,"event_name":"Winding Halls","floor":44,"gold_loss":0},{"damage_healed":0,"gold_gain":0,"player_choice":"Got Potions","damage_taken":0,"max_hp_gain":0,"max_hp_loss":0,"event_name":"Lab","floor":47,"gold_loss":0}],"is_beta":false,"boss_relics":[{"not_picked":["Tiny House","Ectoplasm"],"picked":"Cursed Key"},{"not_picked":["Empty Cage","Calling Bell"],"picked":"Orrery"}],"items_purged_floors":[4,5,41],"is_endless":false,"potions_floor_spawned":[1,2,12,21,25,28,38,48],"ascension_level":18}