{"gold_per_floor":[113,113,61,74,149,178,103,117,117,137,84,103,119,131,131,233,233,214,214,313,332,332,332,332,332,358,376,391,101,101,120,120,215,215,235,24,24,35,48,48,109,120,120,136,153,30,40,40,40,40],"floor_reached":51,"playtime":3667,"items_purged":["Zap","Strike_B"],"score":757,"play_id":"1d889ae5-024c-4384-a2a7-2dbbf692793d","local_time":"20180806013522","is_ascension_mode":true,"campfire_choices":[{"floor":15,"key":"REST"},{"floor":23,"key":"REST"},{"floor":25,"key":"REST"},{"data":"Chaos","floor":30,"key":"SMITH"},{"floor":32,"key":"REST"},{"data":"Creative AI","floor":40,"key":"SMITH"},{"floor":49,"key":"REST"}],"neow_cost":"NONE","seed_source_timestamp":53219602707909,"circlet_count":0,"master_deck":["Strike_B","Strike_B","Defend_B","Defend_B","Defend_B","Dualcast","Barrage","Gash","Tempest","Chaos+1","Rebound","Self Repair","Leap+1","Undo+1","Beam Cell","Auto Shields+1","Creative AI+1","Recycle+1","Gash+1","Self Repair","Gash+1","Reboot+1","Seek+1","Apotheosis+1","Flash of Steel","Sunder+1","Leap+1","Defragment","Tempest+1","Conserve Battery+1","Double Energy+1","Coolheaded+1"],"relics":["Cracked Core","Shuriken","Toxic Egg 2","Inserter","Enchiridion","Centennial Puzzle","Nunchaku","Runic Pyramid","Tiny Chest","Darkstone Periapt"],"potions_floor_usage":[33,35,44,50,50],"damage_taken":[{"damage":0,"enemies":"Small Slimes","floor":1,"turns":5},{"damage":1,"enemies":"Cultist","floor":4,"turns":3},{"damage":36,"enemies":"Lagavulin","floor":6,"turns":6},{"damage":6,"enemies":"2 Louse","floor":8,"turns":2},{"damage":7,"enemies":"Looter","floor":10,"turns":3},{"damage":1,"enemies":"3 Louse","floor":12,"turns":4},{"damage":8,"enemies":"Large Slime","floor":13,"turns":4},{"damage":7,"enemies":"Exordium Wildlife","floor":14,"turns":4},{"damage":13,"enemies":"The Guardian","floor":16,"turns":14},{"damage":7,"enemies":"2 Thieves","floor":18,"turns":4},{"damage":42,"enemies":"3 Byrds","floor":21,"turns":6},{"damage":13,"enemies":"Centurion and Healer","floor":27,"turns":8},{"damage":3,"enemies":"Snecko","floor":28,"turns":7},{"damage":22,"enemies":"3 Cultists","floor":31,"turns":5},{"damage":21,"enemies":"Automaton","floor":33,"turns":10},{"damage":14,"enemies":"Orb Walker","floor":35,"turns":3},{"damage":4,"enemies":"3 Shapes","floor":38,"turns":5},{"damage":7,"enemies":"3 Darklings","floor":39,"turns":5},{"damage":0,"enemies":"Nemesis","floor":41,"turns":9},{"damage":32,"enemies":"Sphere and 2 Shapes","floor":42,"turns":4},{"damage":32,"enemies":"Spire Growth","floor":44,"turns":5},{"damage":25,"enemies":"Flame Bruiser 2 Orb","floor":45,"turns":7},{"damage":24,"enemies":"Sphere and 2 Shapes","floor":47,"turns":5},{"damage":33,"enemies":"Awakened One","floor":50,"turns":10}],"seed_played":"3780495634600413745","potions_obtained":[{"floor":4,"key":"Poison Potion"},{"floor":12,"key":"PowerPotion"},{"floor":13,"key":"Block Potion"},{"floor":38,"key":"Ancient Potion"},{"floor":39,"key":"EssenceOfSteel"},{"floor":45,"key":"Fire Potion"}],"is_trial":false,"path_per_floor":["M","?","$","M","?","E","$","M","T","M","$","M","M","M","R","B",null,"M","$","?","M","?","R","?","R","T","M","M","$","R","M","R","B",null,"M","$","?","M","M","R","E","M","T","M","M","$","M","?","R","B"],"character_chosen":"DEFECT","items_purchased":["Gash","Leap+1","Nunchaku","Apotheosis+1","Coolheaded+1"],"campfire_rested":5,"item_purchase_floors":[3,11,29,36,46],"current_hp_per_floor":[75,68,68,67,56,20,20,14,14,7,7,13,12,12,34,21,75,75,75,75,33,17,39,32,54,54,48,59,59,59,37,59,52,75,75,75,75,71,75,75,75,70,70,58,53,53,56,56,75,52],"gold":40,"neow_bonus":"REMOVE_CARD","is_prod":false,"is_daily":false,"chose_seed":false,"campfire_upgraded":2,"win_rate":0,"timestamp":1533486922,"path_taken":["M","?","$","M","?","E","?","?","T","M","$","M","M","M","R","BOSS","M","$","?","M","?","R","?","R","T","M","?","?","R","?","R","BOSS","M","$","?","M","M","R","E","M","T","M","M","?","M","?","R","BOSS"],"build_version":"2018-08-02","purchased_purges":2,"victory":true,"max_hp_per_floor":[75,75,75,75,75,75,75,75,75,75,75,75,75,75,75,75,75,75,75,75,75,75,75,75,75,75,75,75,75,75,75,75,75,75,75,75,75,75,75,75,75,75,75,75,75,75,75,75,75,75],"card_choices":[{"not_picked":["Compile Driver","Steam"],"picked":"Barrage","floor":1},{"not_picked":["Rebound","Buffer"],"picked":"Tempest","floor":4},{"not_picked":["Scrape","Rip and Tear"],"picked":"Chaos","floor":6},{"not_picked":["Cold Snap","Auto Shields"],"picked":"Rebound","floor":8},{"not_picked":["Rip and Tear","Gash"],"picked":"Self Repair","floor":10},{"not_picked":["Static Discharge","Steam Power+1"],"picked":"Undo+1","floor":12},{"not_picked":["Multi-Cast+1","Compile Driver"],"picked":"Beam Cell","floor":13},{"not_picked":["Reinforced Body+1","Coolheaded+1"],"picked":"Auto Shields+1","floor":14},{"not_picked":["Electrodynamics","Thunder Strike"],"picked":"Creative AI","floor":16},{"not_picked":["Cold Snap+1","Hello World"],"picked":"Recycle+1","floor":18},{"not_picked":["Redo+1","Defragment"],"picked":"Gash+1","floor":21},{"not_picked":["Undo+1","Compile Driver+1"],"picked":"Self Repair","floor":27},{"not_picked":["Streamline","Tempest+1"],"picked":"Gash+1","floor":28},{"not_picked":["Gash+1","Ball Lightning"],"picked":"Reboot+1","floor":31},{"not_picked":["Core Surge","Electrodynamics"],"picked":"Seek+1","floor":33},{"not_picked":["Chaos+1","Capacitor","Turbo+1"],"picked":"SKIP","floor":35},{"not_picked":["Finesse+1","Dark Shackles+1"],"picked":"Flash of Steel","floor":37},{"not_picked":["Coolheaded+1","Hello World+1"],"picked":"Sunder+1","floor":38},{"not_picked":["Steam+1","Darkness+1"],"picked":"Leap+1","floor":39},{"not_picked":["Ball Lightning","Hologram+1"],"picked":"Defragment","floor":41},{"not_picked":["Heatsinks+1","Rebound"],"picked":"Tempest+1","floor":42},{"not_picked":["Recycle+1","Hologram+1"],"picked":"Conserve Battery+1","floor":44},{"not_picked":["Heatsinks","Chill+1"],"picked":"Double Energy+1","floor":45},{"not_picked":["FTL","Aggregate+1","Core Surge"],"picked":"SKIP","floor":47}],"player_experience":132810,"relics_obtained":[{"floor":6,"key":"Shuriken"},{"floor":9,"key":"Toxic Egg 2"},{"floor":22,"key":"Enchiridion"},{"floor":26,"key":"Centennial Puzzle"},{"floor":41,"key":"Tiny Chest"},{"floor":43,"key":"Darkstone Periapt"}],"event_choices":[{"event_name":"Golden Wing","player_choice":"Card Removal","floor":2,"damage_taken":0},{"event_name":"World of Goop","player_choice":"Gather Gold","floor":5,"damage_taken":0},{"event_name":"Nest","player_choice":"Stole From Cult","floor":20,"damage_taken":0},{"event_name":"Cursed Tome","player_choice":"Obtained Book","floor":22,"damage_taken":0},{"event_name":"Knowing Skull","player_choice":"","floor":24,"damage_taken":0},{"event_name":"SensoryStone","player_choice":"Memory 1","floor":37,"damage_taken":0},{"event_name":"Mysterious Sphere","player_choice":"Ignore","floor":48,"damage_taken":0}],"is_beta":false,"boss_relics":[{"not_picked":["Black Star","Cursed Key"],"picked":"Inserter"},{"not_picked":["Empty Cage","Orrery"],"picked":"Runic Pyramid"}],"items_purged_floors":[7,46],"is_endless":false,"potions_floor_spawned":[4,12,13,14,18,31,38,39,42,45],"ascension_level":3}