{"gold_per_floor":[112,162,179,194,205,205,130,163,186,186],"floor_reached":10,"playtime":274,"items_purged":["Strike_B"],"score":133,"play_id":"8e53efa5-ff79-4c15-9b82-f2a6f883e3de","local_time":"20190924210357","is_ascension_mode":true,"campfire_choices":[{"data":"Streamline","floor":6,"key":"SMITH"}],"neow_cost":"NONE","seed_source_timestamp":186800435222400,"circlet_count":0,"master_deck":["AscendersBane","Strike_B","Strike_B","Strike_B","Defend_B","Defend_B","Defend_B+1","Defend_B","Zap","Dualcast+1","Streamline+1","Hologram","Auto Shields","Beam Cell"],"relics":["Cracked Core","War Paint","Boot","Art of War"],"potions_floor_usage":[8],"damage_taken":[{"damage":6,"enemies":"Cultist","floor":1,"turns":3},{"damage":0,"enemies":"2 Louse","floor":3,"turns":1},{"damage":6,"enemies":"Small Slimes","floor":4,"turns":4},{"damage":7,"enemies":"Looter","floor":5,"turns":3},{"damage":21,"enemies":"Lagavulin","floor":8,"turns":9},{"damage":24,"enemies":"The Mushroom Lair","floor":10,"turns":3}],"seed_played":"-1588165090379737591","potions_obtained":[{"floor":3,"key":"LiquidBronze"},{"floor":5,"key":"EssenceOfSteel"}],"is_trial":false,"path_per_floor":["M","?","M","M","M","R","$","E","T","?"],"character_chosen":"DEFECT","items_purchased":[],"campfire_rested":0,"item_purchase_floors":[],"current_hp_per_floor":[58,58,58,52,45,45,45,24,24,0],"gold":186,"neow_bonus":"RANDOM_COMMON_RELIC","is_prod":false,"is_daily":false,"chose_seed":false,"campfire_upgraded":1,"win_rate":0,"timestamp":1569326637,"path_taken":["M","?","M","M","?","R","$","E","T","?"],"build_version":"2019-07-17","purchased_purges":1,"victory":false,"max_hp_per_floor":[71,71,71,71,71,71,71,71,71,71],"card_choices":[{"not_picked":["Leap","Rebound"],"picked":"Streamline","floor":1},{"not_picked":["Recycle","Consume"],"picked":"Hologram","floor":3},{"not_picked":["Consume","Hologram","Stack"],"picked":"SKIP","floor":4},{"not_picked":["Rebound","Hologram"],"picked":"Auto Shields","floor":5},{"not_picked":["Skim","Turbo"],"picked":"Beam Cell","floor":8}],"player_experience":459495,"relics_obtained":[{"floor":8,"key":"Boot"},{"floor":9,"key":"Art of War"}],"event_choices":[{"damage_healed":0,"gold_gain":50,"player_choice":"Pray","damage_taken":0,"max_hp_gain":0,"max_hp_loss":0,"event_name":"Golden Shrine","floor":2,"gold_loss":0},{"damage_healed":0,"gold_gain":0,"player_choice":"Fought Mushrooms","damage_taken":0,"max_hp_gain":0,"max_hp_loss":0,"event_name":"Mushrooms","floor":10,"gold_loss":0}],"is_beta":false,"boss_relics":[],"items_purged_floors":[7],"is_endless":false,"potions_floor_spawned":[3,5],"killed_by":"The Mushroom Lair","ascension_level":19}