{"gold_per_floor":[118,133,143,155,175,175,203,222,222,222,222,252,252,302,302,380,380,398,42,55,55,55,55,55,55,55,55,86,86,86,106,106,185,185,203,203,216,316,127,127,177,197,197,197,72,90,90,101,101,101],"floor_reached":51,"playtime":2750,"items_purged":["Strike_B","Strike_B","Strike_B"],"score":1146,"play_id":"8a984042-7633-4580-8184-b91b93b0453b","local_time":"20190917174332","is_ascension_mode":true,"campfire_choices":[{"data":"Zap","floor":6.0,"key":"SMITH"},{"data":"Coolheaded","floor":10.0,"key":"SMITH"},{"data":"Dualcast","floor":13.0,"key":"SMITH"},{"data":"Compile Driver","floor":15.0,"key":"SMITH"},{"data":"Sunder","floor":23.0,"key":"SMITH"},{"data":"Buffer","floor":25.0,"key":"SMITH"},{"data":"Reinforced Body","floor":27.0,"key":"SMITH"},{"floor":30.0,"key":"REST"},{"floor":32.0,"key":"REST"},{"data":"Capacitor","floor":40.0,"key":"SMITH"},{"data":"Loop","floor":44.0,"key":"SMITH"},{"floor":47.0,"key":"REST"},{"floor":49.0,"key":"REST"}],"neow_cost":"NONE","seed_source_timestamp":314290179107800,"circlet_count":0,"master_deck":["AscendersBane","Defend_B","Defend_B","Defend_B","Zap+1","Dualcast+1","Compile Driver+1","Coolheaded+1","Conserve Battery","Gash","Conserve Battery","Electrodynamics","Echo Form","Reinforced Body+1","Loop+1","Sunder+1","Buffer+1","FTL","Amplify","BootSequence","Capacitor+1","Beam Cell+1","Glacier"],"special_seed":0,"relics":["Cracked Core","NeowsBlessing","WingedGreaves","Cables","Matryoshka","Nuclear Battery","Question Card","Bronze Scales","Sundial","Sozu","Ice Cream","Blood Vial","Bottled Lightning"],"potions_floor_usage":[50],"damage_taken":[{"damage":0.0,"enemies":"2 Louse","floor":1.0,"turns":1.0},{"damage":0.0,"enemies":"Jaw Worm","floor":2.0,"turns":1.0},{"damage":0.0,"enemies":"Cultist","floor":3.0,"turns":1.0},{"damage":5.0,"enemies":"Blue Slaver","floor":4.0,"turns":5.0},{"damage":3.0,"enemies":"3 Louse","floor":5.0,"turns":4.0},{"damage":27.0,"enemies":"Gremlin Nob","floor":7.0,"turns":5.0},{"damage":13.0,"enemies":"Large Slime","floor":8.0,"turns":6.0},{"damage":1.0,"enemies":"3 Sentries","floor":12.0,"turns":6.0},{"damage":3.0,"enemies":"The Guardian","floor":16.0,"turns":15.0},{"damage":6.0,"enemies":"Chosen","floor":18.0,"turns":6.0},{"damage":4.0,"enemies":"2 Thieves","floor":20.0,"turns":3.0},{"damage":25.0,"enemies":"Slavers","floor":28.0,"turns":4.0},{"damage":0.0,"enemies":"Snecko","floor":31.0,"turns":4.0},{"damage":7.0,"enemies":"Automaton","floor":33.0,"turns":14.0},{"damage":0.0,"enemies":"3 Shapes","floor":35.0,"turns":1.0},{"damage":18.0,"enemies":"Orb Walker","floor":37.0,"turns":3.0},{"damage":0.0,"enemies":"Mind Bloom Boss Battle","floor":38.0,"turns":8.0},{"damage":0.0,"enemies":"Spire Growth","floor":42.0,"turns":7.0},{"damage":12.0,"enemies":"4 Shapes","floor":46.0,"turns":5.0},{"damage":19.0,"enemies":"3 Darklings","floor":48.0,"turns":4.0},{"damage":70,"enemies":"Time Eater","floor":50,"turns":17}],"seed_played":"-2329628958958108286","potions_obtained":[{"floor":1.0,"key":"Fruit Juice"},{"floor":7.0,"key":"Explosive Potion"},{"floor":16.0,"key":"Explosive Potion"},{"floor":28.0,"key":"EssenceOfSteel"}],"is_trial":false,"path_per_floor":["M","M","M","M","M","R","E","M","T","R","?","E","R","?","R","B",null,"M","$","M","$","?","R","?","R","T","R","E","$","R","M","R","B",null,"M","?","M","?","$","R","?","M","T","R","$","M","R","M","R","B",null],"character_chosen":"DEFECT","items_purchased":["Question Card","Capacitor"],"campfire_rested":4,"item_purchase_floors":[19,39],"current_hp_per_floor":[64,64,64,64,61,61,34,21,21,21,46,45,45,45,45,42,68,62,62,58,58,58,58,58,58,58,58,33,33,55,55,76,69,74,74,74,56,56,56,56,56,56,56,56,56,46,68,51,73,5],"gold":101,"neow_bonus":"THREE_ENEMY_KILL","is_prod":false,"is_daily":false,"chose_seed":false,"campfire_upgraded":9,"win_rate":0,"timestamp":1568709812,"path_taken":["M","M","M","M","M","R","E","M","T","R","?","E","R","?","R","BOSS","M","$","M","?","?","R","?","R","T","R","E","?","R","M","R","BOSS","M","?","?","?","$","R","?","M","T","R","$","M","R","M","R","BOSS"],"build_version":"2019-07-17","purchased_purges":3,"victory":true,"max_hp_per_floor":[71,71,71,76,76,76,76,76,76,76,76,76,76,76,76,76,76,76,76,76,76,76,76,76,76,76,76,76,76,76,76,76,76,76,76,76,76,76,76,76,76,76,76,76,76,76,76,76,76,76],"card_choices":[{"not_picked":["Lockon","Reinforced Body"],"picked":"Compile Driver","floor":1.0},{"not_picked":["Ball Lightning","Beam Cell"],"picked":"Coolheaded","floor":2.0},{"not_picked":["Sweeping Beam","Stack"],"picked":"Conserve Battery","floor":3.0},{"not_picked":["Turbo","Compile Driver","Rebound"],"picked":"SKIP","floor":4.0},{"not_picked":["Beam Cell","Meteor Strike"],"picked":"Gash","floor":5.0},{"not_picked":["Gash","Aggregate","Heatsinks"],"picked":"SKIP","floor":7.0},{"not_picked":["Redo","Stack"],"picked":"Conserve Battery","floor":8.0},{"not_picked":["Fusion","Recycle"],"picked":"Electrodynamics","floor":12.0},{"not_picked":["All For One","Fission"],"picked":"Echo Form","floor":16.0},{"not_picked":["Streamline","Reprogram+1"],"picked":"Reinforced Body","floor":18.0},{"not_picked":["Go for the Eyes","Coolheaded","Blizzard"],"picked":"Loop","floor":20.0},{"not_picked":["Turbo","Tempest","Steam"],"picked":"FTL","floor":28.0},{"not_picked":["Turbo","Streamline+1","Double Energy","Scrape"],"picked":"SKIP","floor":31.0},{"not_picked":["Rainbow","Core Surge","Buffer"],"picked":"Amplify","floor":33.0},{"not_picked":["Stack","Turbo+1","Reprogram","Rebound+1"],"picked":"SKIP","floor":35.0},{"not_picked":["Streamline","Steam Power+1","Chill"],"picked":"BootSequence","floor":37.0},{"not_picked":["Barrage","Rebound","Tempest","Gash+1"],"picked":"SKIP","floor":42.0},{"not_picked":["Ball Lightning+1","Barrage","Lockon"],"picked":"Beam Cell+1","floor":46.0},{"not_picked":["Gash","Defragment","Thunder Strike"],"picked":"Glacier","floor":48.0}],"player_experience":390685,"relics_obtained":[{"floor":7.0,"key":"WingedGreaves"},{"floor":9.0,"key":"Cables"},{"floor":12.0,"key":"Matryoshka"},{"floor":26.0,"key":"Bronze Scales"},{"floor":28.0,"key":"Sundial"},{"floor":38.0,"key":"Ice Cream"},{"floor":43.0,"key":"Blood Vial"},{"floor":43.0,"key":"Bottled Lightning"}],"event_choices":[{"damage_healed":25.0,"max_hp_gain":0.0,"max_hp_loss":0.0,"gold_gain":0.0,"event_name":"Big Fish","player_choice":"Banana","floor":11.0,"gold_loss":0.0,"damage_taken":0.0},{"damage_healed":0.0,"max_hp_gain":0.0,"max_hp_loss":0.0,"gold_gain":50.0,"event_name":"Golden Shrine","player_choice":"Pray","floor":14.0,"gold_loss":0.0,"damage_taken":0.0},{"damage_healed":0.0,"max_hp_gain":0.0,"max_hp_loss":0.0,"gold_gain":0.0,"cards_transformed":["Defend_B","Strike_B"],"event_name":"Drug Dealer","player_choice":"Became Test Subject","floor":22.0,"gold_loss":0.0,"damage_taken":0.0,"cards_obtained":["Sunder","Buffer"]},{"damage_healed":0.0,"max_hp_gain":0.0,"max_hp_loss":0.0,"gold_gain":0.0,"event_name":"The Mausoleum","player_choice":"Ignored","floor":24.0,"gold_loss":0.0,"damage_taken":0.0},{"damage_healed":0.0,"max_hp_gain":0.0,"max_hp_loss":0.0,"gold_gain":0.0,"event_name":"Lab","player_choice":"Got Potions","floor":36.0,"gold_loss":0.0,"damage_taken":0.0},{"damage_healed":0.0,"max_hp_gain":0.0,"max_hp_loss":0.0,"gold_gain":0.0,"event_name":"MindBloom","player_choice":"Fight","floor":38.0,"gold_loss":0.0,"damage_taken":0.0},{"damage_healed":0.0,"max_hp_gain":0.0,"max_hp_loss":0.0,"gold_gain":50.0,"event_name":"Golden Shrine","player_choice":"Pray","floor":41.0,"gold_loss":0.0,"damage_taken":0.0}],"is_beta":false,"boss_relics":[{"not_picked":["FrozenCore","Astrolabe"],"picked":"Nuclear Battery"},{"not_picked":["Velvet Choker","Snecko Eye"],"picked":"Sozu"}],"items_purged_floors":[19,39,45],"is_endless":false,"potions_floor_spawned":[1,7,16,28,33,37,38,42],"ascension_level":16}