{"gold_per_floor":[118,138,148,148,17,47,47,65,65,92,5,38,38,57,57,128,128,128,53,53,53,53,53,53,53,53,53,53,53,53,53,53,53,53,53,53,53,14,14,14,14,14,14,14,14,14,14,14,14,14],"floor_reached":51,"playtime":3317,"items_purged":["Strike_R"],"score":1454,"play_id":"aafed128-fef8-499c-9062-d92f39ed3b5c","local_time":"20191005003516","is_ascension_mode":true,"campfire_choices":[{"data":"Armaments","floor":7,"key":"SMITH"},{"data":"Uppercut","floor":13,"key":"SMITH"},{"data":"Demon Form","floor":15,"key":"SMITH"},{"floor":23,"key":"REST"},{"floor":30,"key":"REST"},{"data":"Battle Trance","floor":32,"key":"SMITH"},{"floor":40,"key":"REST"},{"floor":42,"key":"REST"},{"floor":49,"key":"REST"}],"neow_cost":"NONE","seed_source_timestamp":52917971295585,"circlet_count":0,"master_deck":["AscendersBane","Bash","Demon Form+1","Shrug It Off","Sword Boomerang+1","Armaments+1","Disarm","Anger","Pummel","Uppercut+1","Shrug It Off","Battle Trance+1","Offering","Whirlwind","Shrug It Off","Shrug It Off","Feed","Inflame","Fiend Fire","Pummel","Iron Wave","Searing Blow+1","Offering","Rage","Seeing Red","Twin Strike","Intimidate","True Grit+1","Shockwave","Pummel+1"],"relics":["Burning Blood","Vajra","Red Skull","Sundial","Art of War","Ectoplasm","Orichalcum","Bronze Scales","Pear","Tiny Chest","Pandora\u0027s Box","Prayer Wheel","Pocketwatch","Whetstone","Dodecahedron","Dream Catcher","Oddly Smooth Stone"],"potions_floor_usage":[6,12,50],"damage_taken":[{"damage":5,"enemies":"Small Slimes","floor":1,"turns":5},{"damage":6,"enemies":"Cultist","floor":2,"turns":4},{"damage":8,"enemies":"Jaw Worm","floor":3,"turns":4},{"damage":24,"enemies":"3 Sentries","floor":6,"turns":13},{"damage":0,"enemies":"Looter","floor":8,"turns":3},{"damage":12,"enemies":"Lagavulin","floor":10,"turns":6},{"damage":19,"enemies":"3 Sentries","floor":12,"turns":9},{"damage":0,"enemies":"3 Louse","floor":14,"turns":3},{"damage":7,"enemies":"The Guardian","floor":16,"turns":8},{"damage":13,"enemies":"Spheric Guardian","floor":18,"turns":4},{"damage":13,"enemies":"Shell Parasite","floor":21,"turns":4},{"damage":26,"enemies":"Book of Stabbing","floor":24,"turns":5},{"damage":10,"enemies":"Snecko","floor":27,"turns":4},{"damage":16,"enemies":"3 Cultists","floor":29,"turns":4},{"damage":8,"enemies":"Gremlin Leader","floor":31,"turns":8},{"damage":56,"enemies":"Automaton","floor":33,"turns":7},{"damage":26,"enemies":"3 Darklings","floor":35,"turns":5},{"damage":14,"enemies":"3 Shapes","floor":37,"turns":3},{"damage":27,"enemies":"Writhing Mass","floor":39,"turns":4},{"damage":20,"enemies":"Reptomancer","floor":41,"turns":3},{"damage":12,"enemies":"Giant Head","floor":44,"turns":5},{"damage":13,"enemies":"Jaw Worm Horde","floor":46,"turns":4},{"damage":38,"enemies":"Nemesis","floor":48,"turns":7},{"damage":36,"enemies":"Awakened One","floor":50,"turns":8}],"seed_played":"-597962813759150388","potions_obtained":[{"floor":2,"key":"Ancient Potion"},{"floor":3,"key":"Dexterity Potion"},{"floor":10,"key":"SteroidPotion"},{"floor":12,"key":"Weak Potion"}],"is_trial":false,"path_per_floor":["M","M","M","?","$","E","R","M","T","E","$","E","R","M","R","B",null,"M","$","?","M","?","R","E","?","T","M","T","M","R","E","R","B",null,"M","T","M","$","M","R","E","R","T","E","T","M","?","E","R","B",null],"character_chosen":"IRONCLAD","items_purchased":["Fire Potion","Disarm","Uppercut","Shockwave"],"campfire_rested":5,"item_purchase_floors":[5,5,11,38],"current_hp_per_floor":[69,69,67,67,67,49,49,55,55,49,49,36,36,42,42,41,67,60,60,60,53,53,75,55,55,55,51,61,51,76,77,77,27,73,53,53,48,48,27,54,43,71,71,65,65,61,61,29,58,28],"gold":14,"neow_bonus":"ONE_RANDOM_RARE_CARD","is_prod":false,"is_daily":false,"chose_seed":false,"campfire_upgraded":4,"win_rate":0,"timestamp":1570228516,"path_taken":["M","M","M","?","$","E","R","?","T","E","?","E","R","M","R","BOSS","M","$","?","M","?","R","E","?","T","M","?","?","R","E","R","BOSS","M","?","M","$","M","R","E","R","T","E","?","?","?","E","R","BOSS"],"build_version":"2019-07-17","purchased_purges":1,"victory":true,"max_hp_per_floor":[75,75,75,75,75,75,75,75,75,75,75,75,75,75,75,75,75,75,75,75,75,75,75,75,75,75,75,85,85,85,88,88,88,88,88,88,91,91,91,91,94,94,94,94,94,97,97,97,97,97],"card_choices":[{"not_picked":["Perfected Strike","Pommel Strike"],"picked":"Shrug It Off","floor":1},{"not_picked":["Pummel","Armaments"],"picked":"Sword Boomerang","floor":2},{"not_picked":["Entrench","Sever Soul"],"picked":"Armaments","floor":3},{"not_picked":["Perfected Strike","Warcry"],"picked":"Anger","floor":6},{"not_picked":["Thunderclap","Havoc","Armaments"],"picked":"SKIP","floor":8},{"not_picked":["Barricade","Rampage"],"picked":"Pummel","floor":10},{"not_picked":["True Grit","Armaments"],"picked":"Shrug It Off","floor":12},{"not_picked":["Seeing Red","True Grit"],"picked":"Battle Trance","floor":14},{"not_picked":["Juggernaut","Fiend Fire"],"picked":"Offering","floor":16},{"not_picked":["Anger","Havoc","Perfected Strike"],"picked":"SKIP","floor":18},{"not_picked":["Blood for Blood","Flex+1"],"picked":"Whirlwind","floor":21},{"not_picked":["Metallicize","Combust"],"picked":"Shrug It Off","floor":24},{"not_picked":["Cleave","Sentinel"],"picked":"Shrug It Off","floor":27},{"not_picked":["Armaments","Whirlwind"],"picked":"Feed","floor":29},{"not_picked":["Pommel Strike","Searing Blow"],"picked":"Inflame","floor":31},{"not_picked":["Barricade","Feed"],"picked":"Fiend Fire","floor":33},{"not_picked":["Perfected Strike","Intimidate","Wild Strike+1"],"picked":"SKIP","floor":35},{"not_picked":["Perfected Strike","Wild Strike+1"],"picked":"Intimidate","floor":35},{"not_picked":["Shrug It Off","Clothesline"],"picked":"True Grit+1","floor":37},{"not_picked":["Flex+1","Sever Soul+1","True Grit"],"picked":"SKIP","floor":37},{"not_picked":["Clash+1","Rampage"],"picked":"Pummel+1","floor":39},{"not_picked":["Headbutt","Rage+1","Second Wind+1"],"picked":"SKIP","floor":39},{"not_picked":["Anger","Combust","Iron Wave"],"picked":"SKIP","floor":41},{"not_picked":["Bloodletting","Twin Strike","Anger"],"picked":"SKIP","floor":44},{"not_picked":["Inflame","True Grit","Havoc"],"picked":"SKIP","floor":46},{"not_picked":["Anger","Seeing Red+1","Flex"],"picked":"SKIP","floor":46},{"not_picked":["Body Slam","Pommel Strike","Pummel"],"picked":"SKIP","floor":48}],"player_experience":1137504,"relics_obtained":[{"floor":6,"key":"Vajra"},{"floor":9,"key":"Red Skull"},{"floor":10,"key":"Sundial"},{"floor":12,"key":"Art of War"},{"floor":24,"key":"Orichalcum"},{"floor":26,"key":"Bronze Scales"},{"floor":28,"key":"Pear"},{"floor":31,"key":"Tiny Chest"},{"floor":36,"key":"Prayer Wheel"},{"floor":41,"key":"Pocketwatch"},{"floor":43,"key":"Whetstone"},{"floor":44,"key":"Dodecahedron"},{"floor":45,"key":"Dream Catcher"},{"floor":48,"key":"Oddly Smooth Stone"}],"event_choices":[{"cards_removed":["Strike_R"],"damage_healed":0,"gold_gain":0,"player_choice":"Purged","damage_taken":0,"max_hp_gain":0,"max_hp_loss":0,"event_name":"Purifier","floor":4,"gold_loss":0},{"damage_healed":0,"gold_gain":0,"player_choice":"Ignored","damage_taken":0,"max_hp_gain":0,"max_hp_loss":0,"event_name":"Vampires","floor":22,"gold_loss":0},{"damage_healed":0,"gold_gain":50,"player_choice":"Stole From Cult","damage_taken":0,"max_hp_gain":0,"max_hp_loss":0,"event_name":"Nest","floor":25,"gold_loss":0},{"damage_healed":0,"gold_gain":0,"player_choice":"Memory 1","damage_taken":0,"max_hp_gain":0,"max_hp_loss":0,"event_name":"SensoryStone","floor":47,"gold_loss":0}],"is_beta":false,"boss_relics":[{"not_picked":["Astrolabe","Runic Cube"],"picked":"Ectoplasm"},{"not_picked":["Black Star","Eternal Feather"],"picked":"Pandora\u0027s Box"}],"items_purged_floors":[19],"is_endless":false,"potions_floor_spawned":[2,3,10,12,14,18,27,33,41],"ascension_level":16}