{"gold_per_floor":[116,14,32,32,51,51,82,82,105,105,120,20,47,64,64,160,160,172,447,52,67,87,107,107,140,140,174,22,22,41,59,59,159,159,179,192,67,167,180,180,206,206,206,223,223,73,92,123,123,123],"floor_reached":51,"playtime":2409,"items_purged":["Pain","Regret","Anger","Strike_R"],"score":802,"play_id":"211d9e16-cd98-4df0-b4dd-7f2a4bc2c60c","local_time":"20190421152242","is_ascension_mode":false,"campfire_choices":[{"data":"Body Slam","floor":6,"key":"SMITH"},{"data":"Bash","floor":10,"key":"SMITH"},{"data":"Barricade","floor":15,"key":"SMITH"},{"data":"Entrench","floor":24,"key":"SMITH"},{"data":"Discovery","floor":29,"key":"SMITH"},{"data":"White Noise","floor":32,"key":"SMITH"},{"data":"Body Slam","floor":40,"key":"SMITH"},{"data":"True Grit","floor":42,"key":"SMITH"},{"data":"Seek","floor":45,"key":"SMITH"},{"data":"Battle Trance","floor":49,"key":"SMITH"}],"neow_cost":"PERCENT_DAMAGE","seed_source_timestamp":21751640346500,"circlet_count":0,"master_deck":["Strike_R","Strike_R","Strike_R","Strike_R","Defend_R","Defend_R","Defend_R","Defend_R","Bash+1","Body Slam+1","Evolve","Clothesline","Shrug It Off","True Grit+1","Shrug It Off","Barricade+1","Fiend Fire","Shockwave","Entrench+1","Body Slam+1","Discovery+1","Battle Trance+1","Seek+1","Metallicize","Dark Shackles","Sucker Punch+1","White Noise+1","Adrenaline","Deflect","Backflip+1","Headbutt+1","Shrug It Off+1","Discovery+1"],"relics":["Burning Blood","Bird Faced Urn","Red Skull","Bronze Scales","WarpedTongs","Blood Vial","Sundial","Mark of Pain","PrismaticShard","Bottled Tornado","Ornamental Fan","Girya","Philosopher\u0027s Stone","Unceasing Top","Vajra","Singing Bowl","Shuriken"],"potions_floor_usage":[50,50],"damage_taken":[{"damage":0,"enemies":"Small Slimes","floor":1,"turns":3},{"damage":5,"enemies":"Cultist","floor":3,"turns":4},{"damage":4,"enemies":"2 Louse","floor":5,"turns":3},{"damage":16,"enemies":"Lagavulin","floor":7,"turns":6},{"damage":5,"enemies":"Exordium Thugs","floor":11,"turns":5},{"damage":4,"enemies":"3 Sentries","floor":13,"turns":7},{"damage":0,"enemies":"3 Louse","floor":14,"turns":3},{"damage":44,"enemies":"Hexaghost","floor":16,"turns":8},{"damage":7,"enemies":"3 Byrds","floor":18,"turns":4},{"damage":6,"enemies":"Chosen","floor":21,"turns":5},{"damage":20,"enemies":"Sentry and Sphere","floor":22,"turns":8},{"damage":14,"enemies":"Cultist and Chosen","floor":23,"turns":7},{"damage":23,"enemies":"Gremlin Leader","floor":25,"turns":7},{"damage":11,"enemies":"Book of Stabbing","floor":27,"turns":6},{"damage":9,"enemies":"Snake Plant","floor":30,"turns":3},{"damage":8,"enemies":"Centurion and Healer","floor":31,"turns":25},{"damage":4,"enemies":"Collector","floor":33,"turns":9},{"damage":31,"enemies":"3 Darklings","floor":35,"turns":6},{"damage":7,"enemies":"3 Shapes","floor":36,"turns":4},{"damage":0,"enemies":"Mind Bloom Boss Battle","floor":38,"turns":3},{"damage":27,"enemies":"Jaw Worm Horde","floor":39,"turns":5},{"damage":10,"enemies":"Writhing Mass","floor":44,"turns":6},{"damage":5,"enemies":"3 Darklings","floor":47,"turns":5},{"damage":0,"enemies":"Giant Head","floor":48,"turns":7},{"damage":17,"enemies":"Donu and Deca","floor":50,"turns":6}],"seed_played":"-1264519439553720092","potions_obtained":[{"floor":3,"key":"Explosive Potion"},{"floor":7,"key":"Ancient Potion"},{"floor":16,"key":"Dexterity Potion"},{"floor":18,"key":"SneckoOil"},{"floor":21,"key":"Fire Potion"}],"is_trial":false,"path_per_floor":["M","$","M","?","M","R","E","?","T","R","M","$","E","M","R","B",null,"M","?","$","M","M","M","R","E","T","E","$","R","M","M","R","B",null,"M","M","$","?","M","R","T","R","T","M","R","$","M","E","R","B",null],"character_chosen":"IRONCLAD","items_purchased":["Evolve","Anger","Shrug It Off","Entrench","PrismaticShard","Body Slam","Metallicize","Dark Shackles"],"campfire_rested":0,"item_purchase_floors":[2,2,12,20,20,20,28,28],"current_hp_per_floor":[62,62,63,63,67,67,57,57,57,57,62,62,68,76,76,44,80,80,80,80,80,66,64,64,53,53,54,54,54,55,77,77,80,80,61,70,70,80,65,65,65,65,65,73,73,73,82,82,82,71],"gold":123,"neow_bonus":"ONE_RARE_RELIC","is_prod":false,"is_daily":false,"chose_seed":false,"campfire_upgraded":10,"win_rate":0,"timestamp":1555849362,"path_taken":["M","$","M","?","?","R","E","?","T","R","M","?","E","M","R","BOSS","M","?","$","?","M","M","R","E","T","E","$","R","M","?","R","BOSS","M","?","$","?","M","R","?","R","T","?","R","?","?","E","R","BOSS"],"build_version":"2019-01-23","purchased_purges":4,"victory":true,"max_hp_per_floor":[80,80,80,80,80,80,80,80,80,80,80,80,80,80,80,80,80,80,80,80,80,80,80,80,80,80,80,80,80,80,80,80,80,80,80,80,80,80,80,80,80,80,80,82,82,82,82,82,82,82],"card_choices":[{"not_picked":["Flex","Pummel"],"picked":"Body Slam","floor":1},{"not_picked":["Perfected Strike","Armaments"],"picked":"Clothesline","floor":3},{"not_picked":["Clothesline","Flex","Evolve"],"picked":"SKIP","floor":5},{"not_picked":["Headbutt","Armaments"],"picked":"Shrug It Off","floor":7},{"not_picked":["Entrench","Clothesline"],"picked":"True Grit","floor":11},{"not_picked":["Combust","Ghostly Armor"],"picked":"Barricade","floor":13},{"not_picked":["Power Through","Flex","Combust"],"picked":"SKIP","floor":14},{"not_picked":["Double Tap","Exhume"],"picked":"Fiend Fire","floor":16},{"not_picked":["Warcry","Wild Strike"],"picked":"Shockwave","floor":18},{"not_picked":["Riddle With Holes","Slice+1","Second Wind"],"picked":"SKIP","floor":21},{"not_picked":["Rampage","Wild Strike","Hemokinesis"],"picked":"SKIP","floor":22},{"not_picked":["Body Slam","True Grit"],"picked":"Discovery","floor":23},{"not_picked":["Iron Wave+1","Calculated Gamble"],"picked":"Battle Trance","floor":25},{"not_picked":["Outmaneuver","Sweeping Beam+1"],"picked":"Seek","floor":27},{"not_picked":["Compile Driver+1","Backstab"],"picked":"Sucker Punch+1","floor":30},{"not_picked":["Auto Shields","Jack Of All Trades"],"picked":"White Noise","floor":31},{"not_picked":["Reboot","Meteor Strike"],"picked":"Adrenaline","floor":33},{"not_picked":["Sentinel","Clothesline","Go for the Eyes+1"],"picked":"SKIP","floor":35},{"not_picked":["Anger","Wild Strike"],"picked":"Deflect","floor":36},{"not_picked":["Flechettes+1","Dash"],"picked":"Backflip+1","floor":38},{"not_picked":["Dramatic Entrance","Clash+1"],"picked":"Headbutt+1","floor":39},{"not_picked":["Streamline+1","True Grit","Endless Agony+1"],"picked":"Singing Bowl","floor":44},{"not_picked":["Searing Blow","Burning Pact+1"],"picked":"Shrug It Off+1","floor":47},{"not_picked":["Tools of the Trade","Eviscerate"],"picked":"Discovery+1","floor":48}],"player_experience":1215708,"relics_obtained":[{"floor":7,"key":"Bronze Scales"},{"floor":9,"key":"Blood Vial"},{"floor":13,"key":"Sundial"},{"floor":25,"key":"Bottled Tornado"},{"floor":26,"key":"Ornamental Fan"},{"floor":27,"key":"Girya"},{"floor":38,"key":"Unceasing Top"},{"floor":41,"key":"Vajra"},{"floor":43,"key":"Singing Bowl"},{"floor":48,"key":"Shuriken"}],"event_choices":[{"damage_healed":0,"gold_gain":0,"player_choice":"Gave Potion","damage_taken":0,"relics_obtained":["Red Skull"],"max_hp_gain":0,"max_hp_loss":0,"event_name":"WeMeetAgain","floor":4,"gold_loss":0},{"damage_healed":0,"gold_gain":0,"player_choice":"Rummage","damage_taken":0,"relics_obtained":["WarpedTongs"],"max_hp_gain":0,"max_hp_loss":0,"event_name":"Accursed Blacksmith","floor":8,"gold_loss":0,"cards_obtained":["Pain"]},{"damage_healed":0,"gold_gain":275,"player_choice":"Desecrate","damage_taken":0,"max_hp_gain":0,"max_hp_loss":0,"event_name":"Golden Shrine","floor":19,"gold_loss":0,"cards_obtained":["Regret"]},{"damage_healed":0,"gold_gain":0,"player_choice":"Fight","damage_taken":0,"max_hp_gain":0,"max_hp_loss":0,"event_name":"MindBloom","floor":38,"gold_loss":0}],"is_beta":false,"boss_relics":[{"not_picked":["Velvet Choker","Ectoplasm"],"picked":"Mark of Pain"},{"not_picked":["Black Blood","Sozu"],"picked":"Philosopher\u0027s Stone"}],"items_purged_floors":[12,20,37,46],"is_endless":false,"potions_floor_spawned":[3,7,16,18,21,23,36,39,47,48],"ascension_level":0}