{"gold_per_floor":[110,35,35,55,55,82,82,92,92,125,40,40,40,74,74,151,151,167,167,9,24,24,50,50,79,103,117,14,14,29,47,47,126,126,139,2,14,14,28,28,28],"floor_reached":41,"playtime":2624,"items_purged":["Strike_G","Normality","Escape Plan"],"score":944,"play_id":"6349b8a6-654c-4e32-8b2e-e5c48af24ec8","local_time":"20191004224341","is_ascension_mode":true,"campfire_choices":[{"data":"Flechettes","floor":7,"key":"SMITH"},{"data":"Deadly Poison","floor":12,"key":"SMITH"},{"data":"Neutralize","floor":15,"key":"SMITH"},{"data":"Noxious Fumes","floor":24,"key":"SMITH"},{"data":"Ghostly","floor":29,"key":"SMITH"},{"data":"Ghostly","floor":32,"key":"SMITH"},{"data":"Ghostly","floor":40,"key":"SMITH"}],"neow_cost":"NONE","seed_source_timestamp":46923762138354,"circlet_count":0,"master_deck":["AscendersBane","Strike_G+1","Strike_G+1","Strike_G+1","Defend_G+1","Defend_G+1","Defend_G+1","Defend_G+1","Defend_G+1","Survivor","Neutralize+1","Dagger Spray+1","Flechettes+1","Poisoned Stab+1","Deadly Poison+1","Well Laid Plans","Blade Dance+1","Ghostly+1","Ghostly+1","Ghostly+1","Noxious Fumes+1","Malaise","Predator+1","PiercingWail","Doppelganger","Predator","Noxious Fumes+1","Backflip"],"relics":["Ring of the Snake","NeowsBlessing","Sundial","Thread and Needle","Bronze Scales","Dream Catcher","Pear","Cursed Key","Whetstone","Strawberry","Smiling Mask","Snecko Eye"],"potions_floor_usage":[10,16,35,35,41],"damage_taken":[{"damage":0,"enemies":"2 Louse","floor":1,"turns":1},{"damage":0,"enemies":"Cultist","floor":4,"turns":1},{"damage":0,"enemies":"Lagavulin","floor":6,"turns":1},{"damage":0,"enemies":"Jaw Worm","floor":8,"turns":2},{"damage":8,"enemies":"3 Sentries","floor":10,"turns":7},{"damage":11,"enemies":"Lagavulin","floor":14,"turns":6},{"damage":19,"enemies":"The Guardian","floor":16,"turns":10},{"damage":6,"enemies":"Shell Parasite","floor":18,"turns":6},{"damage":0,"enemies":"3 Byrds","floor":21,"turns":3},{"damage":0,"enemies":"Book of Stabbing","floor":23,"turns":5},{"damage":12,"enemies":"Gremlin Leader","floor":25,"turns":7},{"damage":0,"enemies":"Sentry and Sphere","floor":27,"turns":6},{"damage":0,"enemies":"Centurion and Healer","floor":30,"turns":5},{"damage":0,"enemies":"3 Cultists","floor":31,"turns":4},{"damage":14,"enemies":"Automaton","floor":33,"turns":9},{"damage":3,"enemies":"3 Darklings","floor":35,"turns":5},{"damage":0,"enemies":"Orb Walker","floor":37,"turns":3},{"damage":4,"enemies":"4 Shapes","floor":39,"turns":5},{"damage":39,"enemies":"Giant Head","floor":41,"turns":7}],"seed_played":"-2779654110475813517","potions_obtained":[{"floor":8,"key":"AttackPotion"},{"floor":14,"key":"FearPotion"},{"floor":16,"key":"EssenceOfSteel"},{"floor":27,"key":"SpeedPotion"},{"floor":37,"key":"Fire Potion"}],"is_trial":false,"path_per_floor":["M","?","?","M","?","E","R","M","T","E","$","R","?","E","R","B",null,"M","?","$","M","?","E","R","E","T","M","$","R","M","M","R","B",null,"M","$","M","$","M","R","E"],"character_chosen":"THE_SILENT","items_purchased":["Well Laid Plans","Noxious Fumes","SkillPotion","Predator"],"campfire_rested":0,"item_purchase_floors":[11,20,28,36],"current_hp_per_floor":[59,59,59,59,54,54,54,54,54,46,46,46,46,45,45,26,64,58,38,38,38,38,38,38,33,33,33,33,33,33,33,33,19,39,36,36,36,36,32,32,0],"gold":28,"neow_bonus":"THREE_ENEMY_KILL","is_prod":false,"is_daily":false,"chose_seed":false,"campfire_upgraded":7,"win_rate":0,"timestamp":1570221821,"path_taken":["M","?","?","?","?","E","R","M","T","E","$","R","?","E","R","BOSS","M","?","$","M","?","E","R","E","T","M","$","R","M","M","R","BOSS","M","$","M","$","M","R","E"],"build_version":"2019-07-17","purchased_purges":3,"victory":false,"max_hp_per_floor":[66,66,66,66,66,66,66,66,66,66,66,66,66,76,76,76,76,76,38,38,38,38,38,38,45,45,45,45,45,45,45,45,45,45,45,45,45,45,45,45,45],"card_choices":[{"not_picked":["Prepared","Eviscerate"],"picked":"Dagger Spray","floor":1},{"not_picked":["Distraction","Outmaneuver"],"picked":"Flechettes","floor":4},{"not_picked":["Choke","Setup","Dagger Spray"],"picked":"SKIP","floor":6},{"not_picked":["Terror","Outmaneuver"],"picked":"Poisoned Stab","floor":8},{"not_picked":["Infinite Blades","Dodge and Roll"],"picked":"Deadly Poison","floor":10},{"not_picked":["Expertise","Poisoned Stab","Prepared"],"picked":"SKIP","floor":14},{"not_picked":["Flying Knee","Bane"],"picked":"Blade Dance+1","floor":18},{"not_picked":["Prepared","Bane+1"],"picked":"Escape Plan","floor":21},{"not_picked":["Dash","Sucker Punch"],"picked":"Malaise","floor":23},{"not_picked":["Dodge and Roll","Blade Dance"],"picked":"Predator+1","floor":25},{"not_picked":["Concentrate","Accuracy"],"picked":"PiercingWail","floor":27},{"not_picked":["Outmaneuver","Dagger Throw","All Out Attack"],"picked":"SKIP","floor":30},{"not_picked":["Deflect","Sucker Punch","Prepared"],"picked":"SKIP","floor":31},{"not_picked":["Unload","Storm of Steel"],"picked":"Doppelganger","floor":33},{"not_picked":["Dagger Spray+1","Setup","Heel Hook"],"picked":"SKIP","floor":35},{"not_picked":["Slice","Endless Agony"],"picked":"Noxious Fumes+1","floor":37},{"not_picked":["Backstab","Calculated Gamble"],"picked":"Backflip","floor":39}],"player_experience":1133734,"relics_obtained":[{"floor":6,"key":"Thread and Needle"},{"floor":9,"key":"Bronze Scales"},{"floor":10,"key":"Dream Catcher"},{"floor":14,"key":"Pear"},{"floor":23,"key":"Whetstone"},{"floor":25,"key":"Strawberry"},{"floor":26,"key":"Smiling Mask"}],"event_choices":[{"cards_removed":["Strike_G"],"damage_healed":0,"gold_gain":0,"player_choice":"Card Removal","damage_taken":0,"max_hp_gain":0,"max_hp_loss":0,"event_name":"The Cleric","floor":2,"gold_loss":75},{"damage_healed":0,"gold_gain":0,"player_choice":"0 cards matched","damage_taken":0,"max_hp_gain":0,"max_hp_loss":0,"event_name":"Match and Keep!","floor":3,"gold_loss":0,"cards_obtained":[]},{"damage_healed":0,"gold_gain":0,"player_choice":"Success","damage_taken":5,"relics_obtained":["Sundial"],"max_hp_gain":0,"max_hp_loss":0,"event_name":"Scrap Ooze","floor":5,"gold_loss":0},{"damage_healed":0,"gold_gain":0,"player_choice":"Ignored","damage_taken":0,"max_hp_gain":0,"max_hp_loss":0,"event_name":"Golden Idol","floor":13,"gold_loss":0},{"damage_healed":0,"gold_gain":0,"player_choice":"Became a Ghost","damage_taken":0,"max_hp_gain":0,"max_hp_loss":38,"event_name":"Ghosts","floor":19,"gold_loss":0,"cards_obtained":["Ghostly","Ghostly","Ghostly"]},{"damage_healed":0,"gold_gain":0,"player_choice":"Simplicity","damage_taken":0,"max_hp_gain":0,"max_hp_loss":0,"event_name":"Back to Basics","floor":22,"gold_loss":0,"cards_upgraded":["Strike_G","Strike_G","Strike_G","Defend_G","Defend_G","Defend_G","Defend_G","Defend_G"]}],"is_beta":false,"boss_relics":[{"not_picked":["Runic Dome","White Beast Statue"],"picked":"Cursed Key"},{"not_picked":["Sozu","Orrery"],"picked":"Snecko Eye"}],"items_purged_floors":[20,28,36],"is_endless":false,"potions_floor_spawned":[8,14,16,27,30,33,37],"killed_by":"Giant Head","ascension_level":18}