{"gold_per_floor":[115,38,51,51,65,96,110,110,110,110,122,152,152,166,166,240,240,254,286,53,53,70,70,102,27,52,52,52],"floor_reached":28,"playtime":1583,"items_purged":[],"score":406,"play_id":"88ba9ef4-4d96-4770-ae55-1d5a36b2fcba","local_time":"20190928222510","is_ascension_mode":true,"campfire_choices":[{"floor":8,"key":"REST"},{"data":"Sunder","floor":13,"key":"SMITH"},{"floor":15,"key":"REST"},{"floor":23,"key":"REST"}],"neow_cost":"NONE","seed_source_timestamp":9859119708553,"circlet_count":0,"master_deck":["AscendersBane","Dualcast","Static Discharge+1","Sunder+1","Ball Lightning","Steam","Electrodynamics","Auto Shields","Echo Form","Conserve Battery","Steam","Fusion","Ball Lightning","Heatsinks","Beam Cell","All For One","Genetic Algorithm","Loop","Coolheaded+1"],"relics":["Cracked Core","Omamori","Juzu Bracelet","Potion Belt","Bottled Tornado","Pandora\u0027s Box","Red Mask","DataDisk","Enchiridion","Blood Vial","Pen Nib"],"potions_floor_usage":[6,12,16,16,28],"damage_taken":[{"damage":0,"enemies":"Small Slimes","floor":1,"turns":3},{"damage":10,"enemies":"2 Louse","floor":3,"turns":3},{"damage":7,"enemies":"Jaw Worm","floor":5,"turns":3},{"damage":21,"enemies":"Gremlin Nob","floor":6,"turns":5},{"damage":1,"enemies":"Looter","floor":7,"turns":3},{"damage":7,"enemies":"Large Slime","floor":11,"turns":4},{"damage":10,"enemies":"3 Sentries","floor":12,"turns":2},{"damage":7,"enemies":"2 Fungi Beasts","floor":14,"turns":2},{"damage":7,"enemies":"Slime Boss","floor":16,"turns":7},{"damage":15,"enemies":"Shell Parasite","floor":18,"turns":4},{"damage":12,"enemies":"Masked Bandits","floor":19,"turns":1},{"damage":14,"enemies":"Spheric Guardian","floor":22,"turns":4},{"damage":14,"enemies":"Slavers","floor":24,"turns":1},{"damage":23,"enemies":"Book of Stabbing","floor":28,"turns":4}],"seed_played":"-7896537458895634571","potions_obtained":[{"floor":1,"key":"Dexterity Potion"},{"floor":3,"key":"Block Potion"},{"floor":6,"key":"Fire Potion"},{"floor":14,"key":"EssenceOfSteel"},{"floor":18,"key":"Swift Potion"}],"is_trial":false,"path_per_floor":["M","$","M","?","M","E","M","R","T","?","M","E","R","M","R","B",null,"M","?","$","?","M","R","E","?","T","?","E"],"character_chosen":"DEFECT","items_purchased":["Sunder","DataDisk","Loop"],"campfire_rested":3,"item_purchase_floors":[2,20,20],"current_hp_per_floor":[68,68,58,51,44,23,22,44,44,44,37,27,27,20,42,35,65,50,38,38,22,8,30,16,16,16,16,0],"gold":52,"neow_bonus":"RANDOM_COMMON_RELIC","is_prod":false,"is_daily":false,"chose_seed":false,"campfire_upgraded":1,"win_rate":0,"timestamp":1569702310,"path_taken":["M","$","M","?","M","E","M","R","T","?","M","E","R","M","R","BOSS","M","?","$","?","M","R","E","?","T","?","E"],"build_version":"2019-07-17","purchased_purges":0,"victory":false,"max_hp_per_floor":[75,75,75,75,75,75,75,75,75,75,75,75,75,75,75,75,75,75,75,75,75,75,75,75,75,75,75,75],"card_choices":[{"not_picked":["Cold Snap","Go for the Eyes"],"picked":"Static Discharge","floor":1},{"not_picked":["Stack","Scrape"],"picked":"Ball Lightning","floor":3},{"not_picked":["Leap","Scrape"],"picked":"Steam","floor":5},{"not_picked":["Compile Driver","Blizzard","Turbo"],"picked":"SKIP","floor":6},{"not_picked":["Steam","Redo","Hello World"],"picked":"SKIP","floor":7},{"not_picked":["Sweeping Beam","Coolheaded"],"picked":"Electrodynamics","floor":11},{"not_picked":["Redo","Gash","Stack"],"picked":"SKIP","floor":12},{"not_picked":["Ball Lightning","Hologram"],"picked":"Auto Shields","floor":14},{"not_picked":["Seek","Fission"],"picked":"Echo Form","floor":16},{"not_picked":["Turbo+1","Hologram"],"picked":"Genetic Algorithm","floor":18},{"not_picked":["Storm","Go for the Eyes","Hologram"],"picked":"SKIP","floor":22},{"not_picked":["Steam","Doom and Gloom"],"picked":"Coolheaded+1","floor":24}],"player_experience":1092051,"relics_obtained":[{"floor":6,"key":"Juzu Bracelet"},{"floor":9,"key":"Potion Belt"},{"floor":12,"key":"Bottled Tornado"},{"floor":19,"key":"Red Mask"},{"floor":21,"key":"Enchiridion"},{"floor":24,"key":"Blood Vial"},{"floor":26,"key":"Pen Nib"}],"event_choices":[{"cards_removed":["Strike_B"],"damage_healed":0,"gold_gain":0,"player_choice":"Card Removal","damage_taken":7,"max_hp_gain":0,"max_hp_loss":0,"event_name":"Golden Wing","floor":4,"gold_loss":0},{"damage_healed":0,"gold_gain":0,"player_choice":"Grow","damage_taken":0,"max_hp_gain":0,"max_hp_loss":0,"event_name":"Living Wall","floor":10,"gold_loss":0,"cards_upgraded":["Static Discharge"]},{"damage_healed":0,"gold_gain":0,"player_choice":"Fought Bandits","damage_taken":0,"max_hp_gain":0,"max_hp_loss":0,"event_name":"Masked Bandits","floor":19,"gold_loss":0},{"damage_healed":0,"gold_gain":0,"player_choice":"Obtained Book","damage_taken":16,"max_hp_gain":0,"max_hp_loss":0,"event_name":"Cursed Tome","floor":21,"gold_loss":0},{"cards_removed":["Zap"],"damage_healed":0,"gold_gain":0,"player_choice":"Gave Gold","damage_taken":0,"max_hp_gain":0,"max_hp_loss":0,"event_name":"Beggar","floor":25,"gold_loss":75}],"is_beta":false,"boss_relics":[{"not_picked":["FrozenCore","Busted Crown"],"picked":"Pandora\u0027s Box"}],"items_purged_floors":[],"is_endless":false,"potions_floor_spawned":[1,3,6,7,14,18],"killed_by":"Book of Stabbing","ascension_level":13}