{"gold_per_floor":[113,113,38,48,65,84,84,109,160,160,176,176,126,145,145,218,268,286,236,247,262,282,282,316,316],"floor_reached":25,"playtime":1113,"items_purged":["Strike_B","Strike_B","Defend_B"],"score":428,"play_id":"d1fdf9fc-2a7b-458d-be55-eaae3119ec83","local_time":"20190918204421","is_ascension_mode":true,"campfire_choices":[{"data":"Zap","floor":7.0,"key":"SMITH"},{"floor":10.0,"key":"REST"},{"data":"Streamline","floor":12.0,"key":"SMITH"},{"data":"Conserve Battery","floor":15.0,"key":"SMITH"},{"floor":23.0,"key":"REST"}],"neow_cost":"PERCENT_DAMAGE","seed_source_timestamp":414046753525600,"circlet_count":0,"master_deck":["AscendersBane","Defend_B","Defend_B+1","Zap+1","Dualcast","Conserve Battery+1","Ball Lightning","Chill","Streamline+1","Biased Cognition","Sweeping Beam","Go for the Eyes","Defragment","Undo+1"],"special_seed":0,"relics":["Cracked Core","Singing Bowl","Smiling Mask","Tiny House","DataDisk"],"potions_floor_usage":[24],"damage_taken":[{"damage":4.0,"enemies":"Small Slimes","floor":1.0,"turns":4.0},{"damage":0.0,"enemies":"Cultist","floor":4.0,"turns":4.0},{"damage":4.0,"enemies":"2 Louse","floor":5.0,"turns":3.0},{"damage":1.0,"enemies":"Looter","floor":6.0,"turns":3.0},{"damage":20.0,"enemies":"3 Sentries","floor":8.0,"turns":8.0},{"damage":5.0,"enemies":"Large Slime","floor":11.0,"turns":4.0},{"damage":0.0,"enemies":"2 Fungi Beasts","floor":14.0,"turns":2.0},{"damage":29.0,"enemies":"Slime Boss","floor":16.0,"turns":8.0},{"damage":0.0,"enemies":"Chosen","floor":18.0,"turns":4.0},{"damage":8.0,"enemies":"2 Thieves","floor":20.0,"turns":4.0},{"damage":20.0,"enemies":"Shelled Parasite and Fungi","floor":21.0,"turns":5.0},{"damage":21.0,"enemies":"Snecko","floor":22.0,"turns":4.0},{"damage":15,"enemies":"Book of Stabbing","floor":24,"turns":5},{"damage":31,"enemies":"Cultist and Chosen","floor":25,"turns":4}],"seed_played":"6670184811366033782","potions_obtained":[{"floor":4.0,"key":"Dexterity Potion"},{"floor":6.0,"key":"Fire Potion"},{"floor":8.0,"key":"Energy Potion"}],"is_trial":false,"path_per_floor":["M","?","$","M","M","M","R","E","T","R","M","R","$","M","R","B",null,"M","$","M","M","M","R","E","M"],"character_chosen":"DEFECT","items_purchased":[],"campfire_rested":2,"item_purchase_floors":[],"current_hp_per_floor":[42,42,42,42,38,37,37,17,17,38,35,35,35,37,37,8,63,63,63,57,37,18,43,28,0],"gold":316,"neow_bonus":"REMOVE_TWO","is_prod":false,"is_daily":false,"chose_seed":false,"campfire_upgraded":3,"win_rate":0,"timestamp":1568807061,"path_taken":["M","?","$","M","M","M","R","E","T","R","M","R","$","?","R","BOSS","M","$","M","M","M","R","E","M"],"build_version":"2019-07-17","purchased_purges":3,"victory":false,"max_hp_per_floor":[71,71,71,71,71,71,71,71,71,71,73,73,73,75,75,75,80,80,80,82,82,84,84,84,84],"card_choices":[{"not_picked":["Beam Cell","Steam"],"picked":"Conserve Battery","floor":1.0},{"not_picked":["Aggregate","Compile Driver","Fusion"],"picked":"SKIP","floor":4.0},{"not_picked":["Barrage","Steam"],"picked":"Ball Lightning","floor":5.0},{"not_picked":["Defragment","Reinforced Body"],"picked":"Chill","floor":6.0},{"not_picked":["Hello World","Hologram"],"picked":"Streamline","floor":8.0},{"not_picked":["Genetic Algorithm","Barrage","Tempest"],"picked":"Singing Bowl","floor":11.0},{"not_picked":["Steam","Cold Snap","Darkness"],"picked":"Singing Bowl","floor":14.0},{"not_picked":["Meteor Strike","Hyperbeam"],"picked":"Biased Cognition","floor":16.0},{"not_picked":["Cold Snap","Double Energy"],"picked":"Sweeping Beam","floor":17.0},{"not_picked":["Ball Lightning","Gash"],"picked":"Go for the Eyes","floor":18.0},{"not_picked":["Steam","Creative AI","Redo"],"picked":"Singing Bowl","floor":20.0},{"not_picked":["Cold Snap","Streamline"],"picked":"Defragment","floor":21.0},{"not_picked":["Stack","Skim","Rebound"],"picked":"Singing Bowl","floor":22.0},{"not_picked":["Skim","Cold Snap"],"picked":"Undo+1","floor":24}],"player_experience":411152,"relics_obtained":[{"floor":8.0,"key":"Singing Bowl"},{"floor":9.0,"key":"Smiling Mask"},{"floor":24,"key":"DataDisk"}],"event_choices":[{"cards_removed":["Defend_B"],"damage_healed":0.0,"max_hp_gain":0.0,"max_hp_loss":0.0,"gold_gain":0.0,"event_name":"Bonfire Elementals","player_choice":"Offered Basic","floor":2.0,"gold_loss":0.0,"damage_taken":0.0}],"is_beta":false,"boss_relics":[{"not_picked":["Cursed Key","Pandora\u0027s Box"],"picked":"Tiny House"}],"items_purged_floors":[3,13,19],"is_endless":false,"potions_floor_spawned":[4,6,8,18,21,22],"killed_by":"Cultist and Chosen","ascension_level":18}