{"gold_per_floor":[118,118,118,131,141,141,106,106,131,163,181,213,13,46,46,123,123,112,122,72,171,171,202,202,234,307,337,337,352,383,401,401,480,480,490,490,24,37,137,166,166,177,177,193,212,246,246,276,276,276],"floor_reached":51,"playtime":3042,"items_purged":["Strike_R"],"score":1530,"play_id":"41c4e0be-59e4-428d-bb0c-000b38c4e213","local_time":"20190927222950","is_ascension_mode":true,"campfire_choices":[{"data":"Bash","floor":6,"key":"SMITH"},{"data":"Clothesline","floor":8,"key":"SMITH"},{"floor":15,"key":"REST"},{"data":"Inflame","floor":24,"key":"SMITH"},{"data":"Inflame","floor":32,"key":"SMITH"},{"data":"Armaments","floor":41,"key":"SMITH"},{"data":"Sword Boomerang","floor":47,"key":"SMITH"},{"data":"Ghostly","floor":49,"key":"SMITH"}],"neow_cost":"NONE","seed_source_timestamp":3741319523224,"circlet_count":0,"master_deck":["AscendersBane","Strike_R","Defend_R","Defend_R","Defend_R","Defend_R","Bash+1","Clothesline+1","Twin Strike","Pommel Strike","Inflame+1","Feel No Pain","Sword Boomerang+1","True Grit","Inflame+1","Reaper","Armaments+1","Pummel","Whirlwind+1","Heavy Blade+1","Ghostly","Ghostly+1","Ghostly","Ghostly","Ghostly","Exhume+1","Offering+1","Brutality+1","Seeing Red+1","Warcry+1","Battle Trance+1","Anger","Pummel+1","Spot Weakness+1","Battle Trance+1","Warcry+1"],"relics":["Burning Blood","Juzu Bracelet","Kunai","NlothsMask","Red Skull","Vajra","Regal Pillow","Coffee Dripper","Bronze Scales","Pantograph","The Courier","Orichalcum","Toxic Egg 2","Astrolabe","Blood Vial","Strange Spoon","PreservedInsect","Turnip","Gremlin Horn","Darkstone Periapt","Bird Faced Urn","Oddly Smooth Stone"],"potions_floor_usage":[12,14,14,30,30,33,50,50],"damage_taken":[{"damage":10,"enemies":"2 Louse","floor":1,"turns":3},{"damage":13,"enemies":"Small Slimes","floor":4,"turns":3},{"damage":3,"enemies":"Cultist","floor":5,"turns":5},{"damage":31,"enemies":"Lagavulin","floor":10,"turns":7},{"damage":0,"enemies":"Large Slime","floor":11,"turns":3},{"damage":32,"enemies":"Gremlin Nob","floor":12,"turns":4},{"damage":3,"enemies":"Lagavulin","floor":14,"turns":3},{"damage":40,"enemies":"Hexaghost","floor":16,"turns":8},{"damage":23,"enemies":"2 Thieves","floor":18,"turns":4},{"damage":23,"enemies":"Shell Parasite","floor":19,"turns":5},{"damage":35,"enemies":"Gremlin Leader","floor":23,"turns":6},{"damage":31,"enemies":"Book of Stabbing","floor":25,"turns":4},{"damage":23,"enemies":"Gremlin Leader","floor":27,"turns":4},{"damage":0,"enemies":"Centurion and Healer","floor":29,"turns":5},{"damage":0,"enemies":"Slavers","floor":30,"turns":3},{"damage":0,"enemies":"Snake Plant","floor":31,"turns":4},{"damage":32,"enemies":"Automaton","floor":33,"turns":10},{"damage":6,"enemies":"3 Shapes","floor":35,"turns":4},{"damage":3,"enemies":"3 Darklings","floor":38,"turns":3},{"damage":3,"enemies":"Mind Bloom Boss Battle","floor":39,"turns":4},{"damage":13,"enemies":"Giant Head","floor":40,"turns":5},{"damage":4,"enemies":"Spire Growth","floor":42,"turns":4},{"damage":6,"enemies":"Maw","floor":44,"turns":6},{"damage":4,"enemies":"Transient","floor":45,"turns":5},{"damage":2,"enemies":"Reptomancer","floor":46,"turns":2},{"damage":21,"enemies":"Nemesis","floor":48,"turns":5},{"damage":14,"enemies":"Awakened One","floor":50,"turns":8}],"seed_played":"5388960904554547256","potions_obtained":[{"floor":10,"key":"Poison Potion"},{"floor":12,"key":"LiquidBronze"},{"floor":14,"key":"FearPotion"},{"floor":19,"key":"Poison Potion"},{"floor":30,"key":"Block Potion"},{"floor":33,"key":"Dexterity Potion"},{"floor":38,"key":"LiquidBronze"}],"is_trial":false,"path_per_floor":["M","?","?","M","M","R","?","R","T","E","M","E","$","E","R","B",null,"M","M","?","?","?","E","R","E","T","E","?","M","E","M","R","B",null,"M","?","$","M","?","E","R","M","T","M","M","E","R","E","R","B",null],"character_chosen":"IRONCLAD","items_purchased":["True Grit","Fire Potion","Energy Potion","Battle Trance+1","Blood Vial","Strange Spoon","PreservedInsect"],"campfire_rested":1,"item_purchase_floors":[13,13,13,37,37,37,37],"current_hp_per_floor":[64,61,61,54,57,57,57,57,57,32,38,12,12,15,52,18,61,44,37,37,37,62,51,51,26,26,47,37,37,37,37,37,18,32,32,32,32,37,37,30,30,37,37,37,37,37,37,37,37,35],"gold":276,"neow_bonus":"RANDOM_COMMON_RELIC","is_prod":false,"is_daily":false,"chose_seed":false,"campfire_upgraded":7,"win_rate":0,"timestamp":1569616190,"path_taken":["M","?","?","M","M","R","?","R","T","E","M","E","$","E","R","BOSS","M","M","?","?","?","E","R","E","T","E","?","M","E","M","R","BOSS","M","?","$","M","?","E","R","M","T","M","M","E","R","E","R","BOSS"],"build_version":"2019-07-17","purchased_purges":1,"victory":true,"max_hp_per_floor":[75,75,75,75,75,75,75,75,75,75,75,75,75,75,75,75,75,75,75,75,75,75,75,75,75,75,75,37,37,37,37,37,37,37,37,37,37,37,37,37,37,37,37,37,37,37,37,37,37,37],"card_choices":[{"not_picked":["True Grit","Shrug It Off"],"picked":"Clothesline","floor":1},{"not_picked":["Bloodletting","Perfected Strike"],"picked":"Twin Strike","floor":4},{"not_picked":["Havoc","Dual Wield"],"picked":"Pommel Strike","floor":5},{"not_picked":["Armaments","Twin Strike"],"picked":"Inflame","floor":10},{"not_picked":["Warcry","Body Slam"],"picked":"Feel No Pain","floor":11},{"not_picked":["Dark Embrace","Rupture"],"picked":"Sword Boomerang","floor":12},{"not_picked":["Corruption","Clash"],"picked":"Inflame","floor":14},{"not_picked":["Bludgeon","Impervious"],"picked":"Reaper","floor":16},{"not_picked":["Entrench","Clash"],"picked":"Armaments","floor":18},{"not_picked":["Dual Wield","Flex"],"picked":"Pummel","floor":19},{"not_picked":["Inflame","Bloodletting","Armaments"],"picked":"SKIP","floor":23},{"not_picked":["Wild Strike","Perfected Strike"],"picked":"Whirlwind+1","floor":25},{"not_picked":["Body Slam","Armaments"],"picked":"Heavy Blade+1","floor":27},{"not_picked":["Ghostly Armor","Clothesline","Entrench+1"],"picked":"SKIP","floor":29},{"not_picked":["Thunderclap","Iron Wave","Inflame"],"picked":"SKIP","floor":30},{"not_picked":["Iron Wave","Whirlwind","True Grit+1"],"picked":"SKIP","floor":31},{"not_picked":["Fiend Fire","Impervious+1"],"picked":"Exhume+1","floor":33},{"not_picked":["Rampage","Thunderclap"],"picked":"Warcry+1","floor":35},{"not_picked":["Sword Boomerang","Body Slam"],"picked":"Anger","floor":38},{"not_picked":["Anger+1","Metallicize"],"picked":"Pummel+1","floor":39},{"not_picked":["Iron Wave","Clothesline+1","Searing Blow"],"picked":"SKIP","floor":40},{"not_picked":["Heavy Blade+1","Havoc+1","Body Slam+1"],"picked":"SKIP","floor":42},{"not_picked":["Power Through+1","Searing Blow","Pommel Strike"],"picked":"SKIP","floor":44},{"not_picked":["Thunderclap","Offering+1"],"picked":"Spot Weakness+1","floor":45},{"not_picked":["Wild Strike","Armaments+1"],"picked":"Battle Trance+1","floor":46},{"not_picked":["Twin Strike","Barricade"],"picked":"Warcry+1","floor":48}],"player_experience":1089009,"relics_obtained":[{"floor":10,"key":"Red Skull"},{"floor":12,"key":"Vajra"},{"floor":14,"key":"Regal Pillow"},{"floor":23,"key":"Bronze Scales"},{"floor":25,"key":"Pantograph"},{"floor":26,"key":"The Courier"},{"floor":27,"key":"Orichalcum"},{"floor":30,"key":"Toxic Egg 2"},{"floor":39,"key":"Turnip"},{"floor":40,"key":"Gremlin Horn"},{"floor":43,"key":"Darkstone Periapt"},{"floor":46,"key":"Bird Faced Urn"},{"floor":48,"key":"Oddly Smooth Stone"}],"event_choices":[{"damage_healed":0,"gold_gain":0,"player_choice":"Success","damage_taken":3,"relics_obtained":["Kunai"],"max_hp_gain":0,"max_hp_loss":0,"event_name":"Scrap Ooze","floor":2,"gold_loss":0},{"damage_healed":0,"gold_gain":0,"player_choice":"Trade","damage_taken":0,"relics_obtained":["NlothsMask"],"max_hp_gain":0,"max_hp_loss":0,"event_name":"FaceTrader","floor":3,"gold_loss":0},{"damage_healed":0,"gold_gain":0,"player_choice":"Left Gold","damage_taken":0,"max_hp_gain":0,"max_hp_loss":0,"event_name":"World of Goop","floor":7,"gold_loss":35},{"damage_healed":0,"gold_gain":0,"player_choice":"Bet on Murderer","damage_taken":0,"max_hp_gain":0,"max_hp_loss":0,"event_name":"The Joust","floor":20,"gold_loss":50},{"damage_healed":0,"gold_gain":99,"player_choice":"Stole From Cult","damage_taken":0,"max_hp_gain":0,"max_hp_loss":0,"event_name":"Nest","floor":21,"gold_loss":0},{"damage_healed":25,"gold_gain":0,"player_choice":"Heal","damage_taken":0,"max_hp_gain":0,"max_hp_loss":0,"event_name":"The Library","floor":22,"gold_loss":0},{"damage_healed":0,"gold_gain":0,"player_choice":"Became a Ghost","damage_taken":0,"max_hp_gain":0,"max_hp_loss":38,"event_name":"Ghosts","floor":28,"gold_loss":0,"cards_obtained":["Ghostly","Ghostly","Ghostly","Ghostly","Ghostly"]},{"damage_healed":0,"gold_gain":0,"player_choice":"Ignored","damage_taken":0,"max_hp_gain":0,"max_hp_loss":0,"event_name":"Mysterious Sphere","floor":36,"gold_loss":0},{"damage_healed":0,"gold_gain":0,"player_choice":"Fight","damage_taken":0,"max_hp_gain":0,"max_hp_loss":0,"event_name":"MindBloom","floor":39,"gold_loss":0}],"is_beta":false,"boss_relics":[{"not_picked":["Tiny House","Velvet Choker"],"picked":"Coffee Dripper"},{"not_picked":["Fusion Hammer","White Beast Statue"],"picked":"Astrolabe"}],"items_purged_floors":[13],"is_endless":false,"potions_floor_spawned":[10,12,14,19,25,30,33,38,40,42,45],"ascension_level":14}