{"gold_per_floor":[112,187,187,202,202,202,229,229,278,278,292,324,289,16,16,92,92,104,104,29,29,29,29,57,57,83,117,117,134,154,167,167,240,240,253,307,307,322,322,350,363,389,414,414,430,83,83,103,103,103],"floor_reached":51,"playtime":3571,"items_purged":["Strike_B"],"score":1327,"play_id":"93eceedc-81d6-4ca8-9963-063bd7ec9e5c","local_time":"20191003001911","is_ascension_mode":true,"campfire_choices":[{"data":"Lockon","floor":6,"key":"SMITH"},{"data":"Fusion","floor":8,"key":"SMITH"},{"data":"Zap","floor":10,"key":"SMITH"},{"floor":15,"key":"REST"},{"data":"Defragment","floor":23,"key":"SMITH"},{"data":"Redo","floor":25,"key":"SMITH"},{"data":"Loop","floor":28,"key":"SMITH"},{"data":"Ghostly","floor":32,"key":"SMITH"},{"data":"Ghostly","floor":47,"key":"SMITH"},{"data":"Ghostly","floor":49,"key":"SMITH"}],"neow_cost":"NONE","seed_source_timestamp":44443072116307,"circlet_count":0,"master_deck":["AscendersBane","Strike_B","Strike_B","Defend_B","Defend_B","Defend_B","Defend_B","Zap+1","Dualcast","Reinforced Body","Lockon+1","Fusion+1","Glacier","Doom and Gloom+1","Redo+1","Echo Form","Loop+1","Defragment+1","Ghostly+1","Ghostly+1","Ghostly+1","Ghostly","Ghostly","Genetic Algorithm","Hologram","Multi-Cast","Madness","Madness","Compile Driver+1","Coolheaded","Static Discharge"],"relics":["Cracked Core","FaceOfCleric","PreservedInsect","Bag of Preparation","Incense Burner","Omamori","Inserter","FossilizedHelix","Blood Vial","Symbiotic Virus","Busted Crown","Du-Vu Doll","Bronze Scales","Oddly Smooth Stone","Potion Belt","Whetstone","Ice Cream"],"potions_floor_usage":[18,40,50,50,50],"damage_taken":[{"damage":4,"enemies":"2 Louse","floor":1,"turns":2},{"damage":8,"enemies":"Small Slimes","floor":4,"turns":5},{"damage":20,"enemies":"Lagavulin","floor":7,"turns":8},{"damage":0,"enemies":"Cultist","floor":11,"turns":2},{"damage":23,"enemies":"3 Sentries","floor":12,"turns":12},{"damage":30,"enemies":"The Guardian","floor":16,"turns":7},{"damage":18,"enemies":"2 Thieves","floor":18,"turns":5},{"damage":9,"enemies":"Gremlin Leader","floor":24,"turns":7},{"damage":8,"enemies":"Book of Stabbing","floor":27,"turns":5},{"damage":0,"enemies":"Shell Parasite","floor":29,"turns":6},{"damage":0,"enemies":"Chosen and Byrds","floor":30,"turns":7},{"damage":2,"enemies":"Centurion and Healer","floor":31,"turns":7},{"damage":17,"enemies":"Automaton","floor":33,"turns":10},{"damage":0,"enemies":"3 Darklings","floor":35,"turns":7},{"damage":0,"enemies":"2 Orb Walkers","floor":36,"turns":5},{"damage":0,"enemies":"Orb Walker","floor":38,"turns":7},{"damage":0,"enemies":"Reptomancer","floor":40,"turns":7},{"damage":0,"enemies":"Transient","floor":41,"turns":5},{"damage":0,"enemies":"Giant Head","floor":42,"turns":6},{"damage":0,"enemies":"Maw","floor":45,"turns":7},{"damage":0,"enemies":"Jaw Worm Horde","floor":48,"turns":4},{"damage":3,"enemies":"Donu and Deca","floor":50,"turns":11}],"seed_played":"3094578479605570383","potions_obtained":[{"floor":1,"key":"Ancient Potion"},{"floor":7,"key":"Energy Potion"},{"floor":18,"key":"AttackPotion"},{"floor":36,"key":"SkillPotion"},{"floor":40,"key":"Dexterity Potion"},{"floor":48,"key":"FearPotion"}],"is_trial":false,"path_per_floor":["M","?","?","M","?","R","E","R","T","R","M","E","?","$","R","B",null,"M","?","?","?","$","R","E","R","T","E","R","M","M","M","R","B",null,"M","?","T","M","?","E","M","E","T","?","M","$","R","M","R","B",null],"character_chosen":"DEFECT","items_purchased":["Omamori","Redo","Static Discharge","Ice Cream"],"campfire_rested":1,"item_purchase_floors":[14,14,46,46],"current_hp_per_floor":[71,60,60,52,52,52,33,33,33,33,34,12,33,33,58,29,72,55,55,55,43,43,43,35,35,35,30,30,33,36,37,37,23,43,46,49,49,52,45,48,51,54,54,54,56,56,56,57,57,55],"gold":103,"neow_bonus":"TEN_PERCENT_HP_BONUS","is_prod":false,"is_daily":false,"chose_seed":false,"campfire_upgraded":9,"win_rate":0,"timestamp":1570054751,"path_taken":["M","?","?","M","?","R","E","R","T","R","?","E","?","$","R","BOSS","M","?","?","?","?","R","E","R","T","E","R","M","M","M","R","BOSS","M","?","?","M","?","E","M","E","T","?","M","$","R","M","R","BOSS"],"build_version":"2019-07-17","purchased_purges":1,"victory":true,"max_hp_per_floor":[82,82,82,82,82,82,83,83,83,83,84,85,85,85,85,86,86,87,87,87,43,43,43,44,44,44,45,45,46,47,48,48,49,49,50,51,51,52,52,53,54,55,55,55,56,56,56,57,57,58],"card_choices":[{"not_picked":["Scrape","Go for the Eyes"],"picked":"Reinforced Body","floor":1},{"not_picked":["Rip and Tear","Conserve Battery"],"picked":"Lockon","floor":4},{"not_picked":["Sweeping Beam","Stack"],"picked":"Fusion","floor":7},{"not_picked":["Chill","Streamline"],"picked":"Glacier","floor":11},{"not_picked":["White Noise","Streamline"],"picked":"Doom and Gloom","floor":12},{"not_picked":["Multi-Cast","Buffer"],"picked":"Echo Form","floor":16},{"not_picked":["Leap","Barrage"],"picked":"Loop","floor":18},{"not_picked":["Rebound","Hologram"],"picked":"Genetic Algorithm","floor":24},{"not_picked":["Leap+1","Undo","Creative AI"],"picked":"SKIP","floor":27},{"not_picked":["Turbo+1","Stack"],"picked":"Hologram","floor":29},{"not_picked":["Rebound","Storm","Turbo"],"picked":"SKIP","floor":30},{"not_picked":["Hologram+1","FTL","Streamline"],"picked":"SKIP","floor":31},{"not_picked":["Hyperbeam","Biased Cognition"],"picked":"Multi-Cast","floor":33},{"not_picked":["Conserve Battery"],"picked":"SKIP","floor":35},{"not_picked":["Doom and Gloom"],"picked":"SKIP","floor":38},{"not_picked":[],"picked":"Compile Driver","floor":40},{"not_picked":["Rip and Tear"],"picked":"SKIP","floor":41},{"not_picked":["Redo"],"picked":"SKIP","floor":42},{"not_picked":[],"picked":"Coolheaded","floor":45},{"not_picked":["Ball Lightning"],"picked":"SKIP","floor":48}],"player_experience":1130163,"relics_obtained":[{"floor":7,"key":"PreservedInsect"},{"floor":9,"key":"Bag of Preparation"},{"floor":12,"key":"Incense Burner"},{"floor":24,"key":"FossilizedHelix"},{"floor":26,"key":"Blood Vial"},{"floor":27,"key":"Symbiotic Virus"},{"floor":36,"key":"Du-Vu Doll"},{"floor":37,"key":"Bronze Scales"},{"floor":40,"key":"Oddly Smooth Stone"},{"floor":42,"key":"Potion Belt"},{"floor":43,"key":"Whetstone"}],"event_choices":[{"damage_healed":0,"gold_gain":75,"player_choice":"Gather Gold","damage_taken":11,"max_hp_gain":0,"max_hp_loss":0,"event_name":"World of Goop","floor":2,"gold_loss":0},{"damage_healed":0,"gold_gain":0,"player_choice":"Ignored","damage_taken":0,"max_hp_gain":0,"max_hp_loss":0,"event_name":"Liars Game","floor":3,"gold_loss":0},{"damage_healed":0,"gold_gain":0,"player_choice":"Trade","damage_taken":0,"relics_obtained":["FaceOfCleric"],"max_hp_gain":0,"max_hp_loss":0,"event_name":"FaceTrader","floor":5,"gold_loss":0},{"damage_healed":21,"gold_gain":0,"player_choice":"Healed","damage_taken":0,"max_hp_gain":0,"max_hp_loss":0,"event_name":"The Cleric","floor":13,"gold_loss":35},{"damage_healed":0,"gold_gain":0,"player_choice":"Read","damage_taken":0,"max_hp_gain":0,"max_hp_loss":0,"event_name":"The Library","floor":19,"gold_loss":0,"cards_obtained":["Defragment"]},{"cards_removed":["Strike_B"],"damage_healed":0,"gold_gain":0,"player_choice":"Gave Gold","damage_taken":0,"max_hp_gain":0,"max_hp_loss":0,"event_name":"Beggar","floor":20,"gold_loss":75},{"damage_healed":0,"gold_gain":0,"player_choice":"Became a Ghost","damage_taken":0,"max_hp_gain":0,"max_hp_loss":44,"event_name":"Ghosts","floor":21,"gold_loss":0,"cards_obtained":["Ghostly","Ghostly","Ghostly","Ghostly","Ghostly"]},{"damage_healed":0,"gold_gain":0,"player_choice":"Fight","damage_taken":0,"max_hp_gain":0,"max_hp_loss":0,"event_name":"Mysterious Sphere","floor":36,"gold_loss":0},{"damage_healed":0,"gold_gain":0,"player_choice":"Embrace Madness","damage_taken":7,"max_hp_gain":0,"max_hp_loss":0,"event_name":"Winding Halls","floor":39,"gold_loss":0,"cards_obtained":["Madness","Madness"]},{"damage_healed":0,"gold_gain":0,"player_choice":"Memory 1","damage_taken":0,"max_hp_gain":0,"max_hp_loss":0,"event_name":"SensoryStone","floor":44,"gold_loss":0}],"is_beta":false,"boss_relics":[{"not_picked":["Orrery","Sozu"],"picked":"Inserter"},{"not_picked":["Velvet Choker","Pandora\u0027s Box"],"picked":"Busted Crown"}],"items_purged_floors":[14],"is_endless":false,"potions_floor_spawned":[1,7,16,18,29,33,35,36,40,48],"ascension_level":13}