{"gold_per_floor":[15,25,39,52,127,160,160,46,46,46,71,71],"floor_reached":12,"playtime":380,"items_purged":["Strike_R"],"score":101,"play_id":"c6c62a75-7e99-49d9-8e96-dd7f42e22870","local_time":"20190929155200","is_ascension_mode":true,"campfire_choices":[{"data":"Searing Blow","floor":7.0,"key":"SMITH"},{"data":"Searing Blow+1","floor":10.0,"key":"SMITH"}],"neow_cost":"NO_GOLD","seed_source_timestamp":599922495081200,"circlet_count":0,"master_deck":["Strike_R","Strike_R","Strike_R","Strike_R","Defend_R","Defend_R","Defend_R","Defend_R","Bash","Battle Trance","Inflame","Searing Blow+2","True Grit","Impervious","Seeing Red"],"special_seed":0,"relics":["Burning Blood","Turnip","Ornamental Fan","Bird Faced Urn","Odd Mushroom"],"potions_floor_usage":[],"damage_taken":[{"damage":8.0,"enemies":"Jaw Worm","floor":1.0,"turns":5.0},{"damage":7.0,"enemies":"Small Slimes","floor":2.0,"turns":3.0},{"damage":1.0,"enemies":"Cultist","floor":3.0,"turns":3.0},{"damage":12.0,"enemies":"Blue Slaver","floor":4.0,"turns":5.0},{"damage":36.0,"enemies":"3 Sentries","floor":6.0,"turns":9.0},{"damage":26.0,"enemies":"The Mushroom Lair","floor":11.0,"turns":4.0},{"damage":12,"enemies":"Exordium Thugs","floor":12,"turns":3}],"seed_played":"3946070650491639753","potions_obtained":[{"floor":2.0,"key":"PowerPotion"},{"floor":3.0,"key":"Ancient Potion"},{"floor":4.0,"key":"Strength Potion"}],"is_trial":false,"path_per_floor":["M","M","M","M","?","E","R","$","T","R","?","M"],"character_chosen":"IRONCLAD","items_purchased":["Seeing Red"],"campfire_rested":0,"item_purchase_floors":[8],"current_hp_per_floor":[70,69,74,68,57,27,27,27,27,27,11,0],"gold":71,"neow_bonus":"ONE_RARE_RELIC","is_prod":false,"is_daily":false,"chose_seed":false,"campfire_upgraded":2,"win_rate":0,"timestamp":1569739920,"path_taken":["M","M","M","M","?","E","R","$","T","R","?","M"],"build_version":"2019-07-17","purchased_purges":1,"victory":false,"max_hp_per_floor":[80,80,80,80,80,80,80,80,80,80,80,80],"card_choices":[{"not_picked":["Perfected Strike","Heavy Blade"],"picked":"Battle Trance","floor":1.0},{"not_picked":["Spot Weakness","Armaments"],"picked":"Inflame","floor":2.0},{"not_picked":["Blood for Blood","Havoc"],"picked":"Searing Blow","floor":3.0},{"not_picked":["Ghostly Armor","Clash"],"picked":"True Grit","floor":4.0},{"not_picked":["Anger","Warcry"],"picked":"Impervious","floor":6.0}],"player_experience":533512,"relics_obtained":[{"floor":6.0,"key":"Ornamental Fan"},{"floor":9.0,"key":"Bird Faced Urn"},{"floor":11.0,"key":"Odd Mushroom"}],"event_choices":[{"damage_healed":0.0,"max_hp_gain":0.0,"max_hp_loss":0.0,"gold_gain":75.0,"event_name":"World of Goop","player_choice":"Gather Gold","floor":5.0,"gold_loss":0.0,"damage_taken":11.0},{"damage_healed":0.0,"max_hp_gain":0.0,"max_hp_loss":0.0,"gold_gain":0.0,"event_name":"Mushrooms","player_choice":"Fought Mushrooms","floor":11.0,"gold_loss":0.0,"damage_taken":0.0}],"is_beta":false,"boss_relics":[],"items_purged_floors":[8],"is_endless":false,"potions_floor_spawned":[2,3,4],"killed_by":"Exordium Thugs","ascension_level":6}