{"gold_per_floor":[115,115,2,20,39,39,50,50,50,82,82,82,2,22,22,117,117,133,133,133,151,168,168,68,68,68,100,100,0,0,14,14,112,112,131,149,163,163,0,31,31,47,47,47,64,64,64,64],"floor_reached":48,"playtime":7641,"items_purged":["Strike_G","Strike_G"],"score":601,"play_id":"05b85c13-cdb7-421f-855e-dd22cbff4d0b","local_time":"20190107212733","is_ascension_mode":true,"campfire_choices":[{"data":"Survivor","floor":6,"key":"SMITH"},{"data":"Deflect","floor":8,"key":"SMITH"},{"data":"Caltrops","floor":12,"key":"SMITH"},{"data":"Backflip","floor":15,"key":"SMITH"},{"data":"Backflip","floor":23,"key":"SMITH"},{"data":"Deflect","floor":25,"key":"SMITH"},{"floor":28,"key":"REST"},{"floor":32,"key":"REST"},{"floor":41,"key":"REST"},{"floor":44,"key":"REST"}],"neow_cost":"NONE","seed_source_timestamp":325170670987427,"circlet_count":0,"master_deck":["Defend_G","Defend_G","Defend_G","Defend_G","Defend_G","Strike_G","Strike_G","Survivor+1","Neutralize+1","Deflect+1","Caltrops+1","Deflect+1","Flying Knee","Flying Knee","Venomology","Caltrops","Backflip+1","After Image","Prepared+1","Blur+1","Backflip+1","Eviscerate+1","Blur","Calculated Gamble+1","Footwork","Unload","Prepared","Noxious Fumes","Well Laid Plans+1","Expertise","Reflex+1","Injury","Backflip","Underhanded Strike+1","Good Instincts"],"relics":["Ring of the Snake","NeowsBlessing","Mango","Thread and Needle","Pen Nib","Enchiridion","Du-Vu Doll","Dream Catcher","Cursed Key","Red Mask","Bottled Lightning","Nunchaku"],"potions_floor_usage":[16,16,18,21,27,27,33,33,33,40,40,40,46],"damage_taken":[{"damage":0,"enemies":"Small Slimes","floor":1,"turns":1},{"damage":0,"enemies":"Cultist","floor":4,"turns":1},{"damage":0,"enemies":"2 Louse","floor":5,"turns":1},{"damage":2,"enemies":"2 Fungi Beasts","floor":7,"turns":4},{"damage":27,"enemies":"3 Sentries","floor":10,"turns":9},{"damage":5,"enemies":"Blue Slaver","floor":14,"turns":3},{"damage":16,"enemies":"Slime Boss","floor":16,"turns":18},{"damage":10,"enemies":"Spheric Guardian","floor":18,"turns":5},{"damage":0,"enemies":"Chosen","floor":21,"turns":7},{"damage":0,"enemies":"Sentry and Sphere","floor":22,"turns":7},{"damage":53,"enemies":"Gremlin Leader","floor":27,"turns":10},{"damage":4,"enemies":"Chosen and Byrds","floor":31,"turns":8},{"damage":39,"enemies":"Collector","floor":33,"turns":15},{"damage":0,"enemies":"Orb Walker","floor":35,"turns":5},{"damage":0,"enemies":"3 Shapes","floor":36,"turns":8},{"damage":0,"enemies":"Maw","floor":37,"turns":10},{"damage":74,"enemies":"Giant Head","floor":40,"turns":12},{"damage":7,"enemies":"4 Shapes","floor":42,"turns":7},{"damage":3,"enemies":"Jaw Worm Horde","floor":45,"turns":6},{"damage":0,"enemies":"Writhing Mass","floor":46,"turns":1},{"damage":69,"enemies":"Transient","floor":48,"turns":5}],"seed_played":"-5776432508696934161","potions_obtained":[{"floor":1,"key":"EssenceOfSteel"},{"floor":5,"key":"Energy Potion"},{"floor":7,"key":"GhostInAJar"},{"floor":27,"key":"Dexterity Potion"},{"floor":35,"key":"Strength Potion"},{"floor":37,"key":"SmokeBomb"}],"is_trial":false,"path_per_floor":["M","?","$","M","M","R","M","R","T","E","?","R","$","M","R","B",null,"M","?","?","M","M","R","$","R","T","E","R","?","$","M","R","B",null,"M","M","M","?","?","E","R","M","T","R","M","M","?","M"],"character_chosen":"THE_SILENT","items_purchased":["Caltrops","Caltrops"],"campfire_rested":4,"item_purchase_floors":[3,13],"current_hp_per_floor":[70,70,70,70,70,70,68,68,82,55,55,55,55,50,50,34,84,74,58,58,58,58,58,58,58,58,5,30,30,30,26,51,27,84,84,84,84,84,84,10,35,28,28,53,50,50,50,0],"gold":64,"neow_bonus":"THREE_ENEMY_KILL","is_prod":false,"is_daily":false,"chose_seed":false,"campfire_upgraded":6,"win_rate":0,"timestamp":1546864053,"path_taken":["M","?","$","?","M","R","M","R","T","E","?","R","?","M","R","BOSS","M","?","?","M","M","R","$","R","T","E","R","?","?","M","R","BOSS","M","M","M","?","?","E","R","M","T","R","M","M","?","M"],"build_version":"2019-01-03v4","purchased_purges":2,"victory":false,"max_hp_per_floor":[70,70,70,70,70,70,70,70,84,84,84,84,84,84,84,84,84,84,84,84,84,84,84,84,84,84,84,84,84,84,84,84,84,84,84,84,84,84,84,84,84,84,84,84,84,84,84,84],"card_choices":[{"not_picked":["Setup","Leg Sweep"],"picked":"Deflect","floor":1},{"not_picked":["Acrobatics","Flying Knee"],"picked":"Deflect","floor":4},{"not_picked":["Sucker Punch","Infinite Blades"],"picked":"Flying Knee","floor":5},{"not_picked":["Cloak And Dagger","PiercingWail"],"picked":"Flying Knee","floor":7},{"not_picked":["Dagger Spray","Outmaneuver"],"picked":"Venomology","floor":10},{"not_picked":["Endless Agony","Prepared"],"picked":"Backflip","floor":14},{"not_picked":["Doppelganger","Storm of Steel"],"picked":"After Image","floor":16},{"not_picked":["Cloak And Dagger+1","Outmaneuver+1"],"picked":"Prepared+1","floor":18},{"not_picked":["Sucker Punch+1","Acrobatics+1"],"picked":"Blur+1","floor":21},{"not_picked":["Dodge and Roll+1","Bane"],"picked":"Backflip","floor":22},{"not_picked":["Deadly Poison","Riddle With Holes"],"picked":"Eviscerate+1","floor":27},{"not_picked":["Cloak And Dagger+1","Quick Slash"],"picked":"Blur","floor":28},{"not_picked":["Finisher+1","Endless Agony"],"picked":"Calculated Gamble+1","floor":31},{"not_picked":["Grand Finale","Flying Knee"],"picked":"Footwork","floor":32},{"not_picked":["Die Die Die","Corpse Explosion"],"picked":"Unload","floor":33},{"not_picked":["Calculated Gamble","Acrobatics"],"picked":"Prepared","floor":35},{"not_picked":["PiercingWail","Poisoned Stab"],"picked":"Noxious Fumes","floor":36},{"not_picked":["Setup+1","Unload"],"picked":"Well Laid Plans+1","floor":37},{"not_picked":["Accuracy+1","Dagger Throw"],"picked":"Expertise","floor":40},{"not_picked":["All Out Attack","Noxious Fumes"],"picked":"Reflex+1","floor":41},{"not_picked":["Sucker Punch+1","Blade Dance","Infinite Blades+1"],"picked":"SKIP","floor":42},{"not_picked":["Riddle With Holes+1","Predator"],"picked":"Backflip","floor":44},{"not_picked":["Quick Slash+1","Distraction+1"],"picked":"Underhanded Strike+1","floor":45},{"not_picked":["Trip","Impatience"],"picked":"Good Instincts","floor":47}],"player_experience":286169,"relics_obtained":[{"floor":9,"key":"Mango"},{"floor":10,"key":"Thread and Needle"},{"floor":19,"key":"Enchiridion"},{"floor":26,"key":"Du-Vu Doll"},{"floor":27,"key":"Dream Catcher"},{"floor":40,"key":"Bottled Lightning"},{"floor":43,"key":"Nunchaku"}],"event_choices":[{"damage_healed":0,"gold_gain":0,"player_choice":"Forge","damage_taken":0,"max_hp_gain":0,"max_hp_loss":0,"event_name":"Accursed Blacksmith","floor":2,"gold_loss":0,"cards_upgraded":["Neutralize"]},{"damage_healed":0,"gold_gain":0,"player_choice":"Gave Potion","damage_taken":0,"relics_obtained":["Pen Nib"],"max_hp_gain":0,"max_hp_loss":0,"event_name":"WeMeetAgain","floor":11,"gold_loss":0},{"damage_healed":0,"gold_gain":0,"player_choice":"Obtained Book","damage_taken":16,"max_hp_gain":0,"max_hp_loss":0,"event_name":"Cursed Tome","floor":19,"gold_loss":0},{"damage_healed":0,"gold_gain":0,"player_choice":"Ignored","damage_taken":0,"max_hp_gain":0,"max_hp_loss":0,"event_name":"Ghosts","floor":20,"gold_loss":0},{"damage_healed":0,"gold_gain":0,"player_choice":"Paid Fearfully","damage_taken":0,"max_hp_gain":0,"max_hp_loss":0,"event_name":"Masked Bandits","floor":29,"gold_loss":100},{"cards_removed":["Strike_G"],"damage_healed":0,"gold_gain":0,"player_choice":"Removed Attack","damage_taken":0,"max_hp_gain":0,"max_hp_loss":0,"event_name":"Falling","floor":38,"gold_loss":0},{"damage_healed":0,"gold_gain":0,"player_choice":"Paid","damage_taken":0,"relics_obtained":["Red Mask"],"max_hp_gain":0,"max_hp_loss":0,"event_name":"Tomb of Lord Red Mask","floor":39,"gold_loss":163},{"damage_healed":0,"gold_gain":0,"player_choice":"Memory 1","damage_taken":0,"max_hp_gain":0,"max_hp_loss":0,"event_name":"SensoryStone","floor":47,"gold_loss":0}],"is_beta":false,"boss_relics":[{"not_picked":["Sozu","Busted Crown","Velvet Choker"]},{"not_picked":["Runic Pyramid","Pandora\u0027s Box"],"picked":"Cursed Key"}],"items_purged_floors":[3,24],"is_endless":false,"potions_floor_spawned":[1,5,7,27,31,35,37,46],"killed_by":"Transient","ascension_level":4}