{"gold_per_floor":[117,87,102,115,135,135,166,316,316,316,335,335,335,21,21,115,115,128,128,86,102,102,102,102],"floor_reached":24,"playtime":1436,"items_purged":["Doubt"],"score":388,"play_id":"2ee19ebc-8d27-4b89-a7ee-30c42c0a0ec6","local_time":"20190522115034","is_ascension_mode":true,"campfire_choices":[{"data":"Deadly Poison","floor":6,"key":"SMITH"},{"data":"Caltrops","floor":10,"key":"SMITH"},{"data":"Noxious Fumes","floor":13,"key":"SMITH"},{"data":"Noxious Fumes","floor":15,"key":"SMITH"},{"floor":23,"key":"REST"}],"neow_cost":"PERCENT_DAMAGE","seed_source_timestamp":855917370780700,"circlet_count":0,"master_deck":["AscendersBane","Defend_G","Defend_G","Defend_G","Defend_G","Defend_G","Strike_G","Strike_G","Strike_G","Strike_G","Strike_G","Survivor","Neutralize","Terror","Deadly Poison+1","Flying Knee","Dagger Throw","Caltrops+1","Noxious Fumes+1","Noxious Fumes+1","Bullet Time","Caltrops","RitualDagger","Caltrops"],"relics":["Ring of the Snake","Pantograph","Torii","Golden Idol","Juzu Bracelet","Fusion Hammer"],"potions_floor_usage":[7,7,24],"damage_taken":[{"damage":3,"enemies":"2 Louse","floor":1,"turns":4},{"damage":0,"enemies":"Cultist","floor":3,"turns":4},{"damage":1,"enemies":"Small Slimes","floor":4,"turns":4},{"damage":17,"enemies":"Exordium Wildlife","floor":5,"turns":4},{"damage":8,"enemies":"Lagavulin","floor":7,"turns":7},{"damage":3,"enemies":"Large Slime","floor":11,"turns":6},{"damage":20,"enemies":"Hexaghost","floor":16,"turns":8},{"damage":10,"enemies":"3 Byrds","floor":18,"turns":3},{"damage":23,"enemies":"Shell Parasite","floor":21,"turns":4},{"damage":48,"enemies":"Slavers","floor":24,"turns":3}],"seed_played":"5674935771233966036","potions_obtained":[{"floor":1,"key":"PowerPotion"},{"floor":2,"key":"GhostInAJar"},{"floor":11,"key":"Dexterity Potion"}],"is_trial":false,"path_per_floor":["M","?","M","M","M","R","E","?","T","R","M","?","R","$","R","B",null,"M","?","$","M","?","R","E"],"character_chosen":"THE_SILENT","items_purchased":["Juzu Bracelet","Noxious Fumes","Caltrops"],"campfire_rested":1,"item_purchase_floors":[14,14,20],"current_hp_per_floor":[53,53,53,52,35,35,27,27,27,27,24,24,24,24,24,29,61,51,45,45,22,22,43,0],"gold":102,"neow_bonus":"TWENTY_PERCENT_HP_BONUS","is_prod":false,"is_daily":false,"chose_seed":false,"campfire_upgraded":4,"win_rate":0,"timestamp":1558515034,"path_taken":["M","?","?","M","M","R","E","?","T","R","M","?","R","$","R","BOSS","M","?","$","M","?","R","E"],"build_version":"2019-01-23","purchased_purges":1,"victory":false,"max_hp_per_floor":[78,78,78,78,78,78,78,78,78,78,78,71,71,71,71,71,71,71,71,71,71,71,71,71],"card_choices":[{"not_picked":["Blade Dance","Slice"],"picked":"Terror","floor":1},{"not_picked":["Backflip","PiercingWail"],"picked":"Deadly Poison","floor":3},{"not_picked":["Underhanded Strike","Backflip"],"picked":"Flying Knee","floor":4},{"not_picked":["Outmaneuver","Acrobatics"],"picked":"Dagger Throw","floor":5},{"not_picked":["Night Terror","Footwork"],"picked":"Caltrops","floor":7},{"not_picked":["Prepared","Cloak And Dagger"],"picked":"Noxious Fumes","floor":11},{"not_picked":["Glass Knife","Die Die Die"],"picked":"Bullet Time","floor":16},{"not_picked":["Masterful Stab","Flying Knee"],"picked":"Caltrops","floor":18},{"not_picked":["Flechettes+1","Tactician","Acrobatics"],"picked":"SKIP","floor":21}],"player_experience":1322731,"relics_obtained":[{"floor":7,"key":"Pantograph"},{"floor":9,"key":"Torii"}],"event_choices":[{"damage_healed":0,"gold_gain":0,"player_choice":"Bought 2 Potions","damage_taken":0,"max_hp_gain":0,"max_hp_loss":0,"event_name":"The Woman in Blue","floor":2,"gold_loss":0},{"damage_healed":0,"gold_gain":150,"player_choice":"AGREE","damage_taken":0,"max_hp_gain":0,"max_hp_loss":0,"event_name":"Liars Game","floor":8,"gold_loss":0,"cards_obtained":["Doubt"]},{"damage_healed":0,"gold_gain":0,"player_choice":"Lose Max HP","damage_taken":0,"relics_obtained":["Golden Idol"],"max_hp_gain":0,"max_hp_loss":7,"event_name":"Golden Idol","floor":12,"gold_loss":0},{"damage_healed":0,"gold_gain":0,"player_choice":"Joined the Cult","damage_taken":6,"max_hp_gain":0,"max_hp_loss":0,"event_name":"Nest","floor":19,"gold_loss":0,"cards_obtained":["RitualDagger"]},{"damage_healed":0,"gold_gain":0,"player_choice":"Ignored","damage_taken":0,"max_hp_gain":0,"max_hp_loss":0,"event_name":"Cursed Tome","floor":22,"gold_loss":0}],"is_beta":false,"boss_relics":[{"not_picked":["Empty Cage","Ectoplasm"],"picked":"Fusion Hammer"}],"items_purged_floors":[14],"is_endless":false,"potions_floor_spawned":[1,11],"killed_by":"Slavers","ascension_level":20}