{"gold_per_floor":[113,127,137,153,173,173,183,183,183,218,231,231,231,241,241,241],"floor_reached":16,"playtime":545,"items_purged":[],"score":207,"play_id":"75a509b2-bb4c-4c17-8ffd-94889c6c10be","local_time":"20190924205912","is_ascension_mode":true,"campfire_choices":[{"data":"Streamline","floor":6,"key":"SMITH"},{"data":"Reinforced Body","floor":8,"key":"SMITH"},{"data":"Beam Cell","floor":13,"key":"SMITH"},{"data":"Zap","floor":15,"key":"SMITH"}],"neow_cost":"NONE","seed_source_timestamp":186243225941600,"circlet_count":0,"master_deck":["AscendersBane","Strike_B","Strike_B","Strike_B","Strike_B","Defend_B","Defend_B","Defend_B","Defend_B","Zap+1","Dualcast","Streamline+1","Chill","BootSequence","Reinforced Body+1","Rebound","Beam Cell+1","Self Repair","Leap","Thunder Strike"],"relics":["Cracked Core","Anchor","Orichalcum","The Courier"],"potions_floor_usage":[7,16,16],"damage_taken":[{"damage":0,"enemies":"Jaw Worm","floor":1,"turns":3},{"damage":0,"enemies":"2 Louse","floor":2,"turns":2},{"damage":0,"enemies":"Small Slimes","floor":3,"turns":3},{"damage":0,"enemies":"3 Louse","floor":4,"turns":4},{"damage":0,"enemies":"Large Slime","floor":5,"turns":5},{"damage":8,"enemies":"Exordium Wildlife","floor":7,"turns":5},{"damage":20,"enemies":"Gremlin Nob","floor":10,"turns":4},{"damage":10,"enemies":"Lots of Slimes","floor":11,"turns":5},{"damage":7,"enemies":"Exordium Thugs","floor":14,"turns":4},{"damage":52,"enemies":"Hexaghost","floor":16,"turns":10}],"seed_played":"5205608221361686018","potions_obtained":[{"floor":4,"key":"Explosive Potion"},{"floor":5,"key":"SteroidPotion"},{"floor":7,"key":"Poison Potion"}],"is_trial":false,"path_per_floor":["M","M","M","M","M","R","M","R","T","E","M","?","R","M","R","B"],"character_chosen":"DEFECT","items_purchased":[],"campfire_rested":0,"item_purchase_floors":[],"current_hp_per_floor":[64,64,64,64,64,64,56,56,56,36,26,49,49,49,49,0],"gold":241,"neow_bonus":"RANDOM_COMMON_RELIC","is_prod":false,"is_daily":false,"chose_seed":false,"campfire_upgraded":4,"win_rate":0,"timestamp":1569326352,"path_taken":["M","M","M","M","M","R","M","R","T","E","M","?","R","M","R","BOSS"],"build_version":"2019-07-17","purchased_purges":0,"victory":false,"max_hp_per_floor":[71,71,71,71,71,71,71,71,71,71,71,71,71,71,71,71],"card_choices":[{"not_picked":["Conserve Battery","Reprogram"],"picked":"Streamline","floor":1},{"not_picked":["Aggregate","Coolheaded"],"picked":"Chill","floor":2},{"not_picked":["Turbo","Stack"],"picked":"BootSequence","floor":3},{"not_picked":["Chill","Coolheaded"],"picked":"Reinforced Body","floor":4},{"not_picked":["Turbo","Undo"],"picked":"Rebound","floor":5},{"not_picked":["Gash","Barrage"],"picked":"Beam Cell","floor":7},{"not_picked":["Leap","Beam Cell"],"picked":"Self Repair","floor":10},{"not_picked":["Beam Cell","Ball Lightning"],"picked":"Leap","floor":11},{"not_picked":["Barrage","Coolheaded"],"picked":"Thunder Strike","floor":14}],"player_experience":458950,"relics_obtained":[{"floor":9,"key":"Orichalcum"},{"floor":10,"key":"The Courier"}],"event_choices":[{"damage_healed":23,"gold_gain":0,"player_choice":"Banana","damage_taken":0,"max_hp_gain":0,"max_hp_loss":0,"event_name":"Big Fish","floor":12,"gold_loss":0}],"is_beta":false,"boss_relics":[],"items_purged_floors":[],"is_endless":false,"potions_floor_spawned":[4,5,7],"killed_by":"Hexaghost","ascension_level":19}