{"gold_per_floor":[112,112,112,37,62,62,62,75,75,95,95,111,111,9,9,9],"floor_reached":16,"playtime":558,"items_purged":["Strike_G"],"score":180,"play_id":"90a99ed9-fc59-40dc-ab41-93861265642e","local_time":"20190511121540","is_ascension_mode":true,"campfire_choices":[{"data":"All Out Attack","floor":6,"key":"SMITH"},{"data":"Setup","floor":11,"key":"SMITH"},{"data":"Outmaneuver","floor":13,"key":"SMITH"},{"data":"Slice","floor":15,"key":"SMITH"}],"neow_cost":"TEN_PERCENT_HP_LOSS","seed_source_timestamp":237651277039400,"circlet_count":0,"master_deck":["AscendersBane","Defend_G","Defend_G+1","Defend_G","Defend_G","Defend_G","Strike_G","Strike_G+1","Strike_G","Strike_G","Survivor","Neutralize","All Out Attack+1","Setup+1","Outmaneuver+1","Slice+1","Footwork"],"relics":["Ring of the Snake","Unceasing Top","Golden Idol","Mercury Hourglass"],"potions_floor_usage":[16,16],"damage_taken":[{"damage":0,"enemies":"Jaw Worm","floor":1,"turns":6},{"damage":0,"enemies":"Cultist","floor":5,"turns":4},{"damage":0,"enemies":"2 Louse","floor":8,"turns":1},{"damage":6,"enemies":"Blue Slaver","floor":10,"turns":6},{"damage":7,"enemies":"Exordium Thugs","floor":12,"turns":4},{"damage":30,"enemies":"Hexaghost","floor":16,"turns":9}],"seed_played":"6406957090555121718","potions_obtained":[{"floor":1,"key":"FearPotion"},{"floor":5,"key":"FearPotion"}],"is_trial":false,"path_per_floor":["M","?","?","$","M","R","T","M","T","M","R","M","R","$","R","B"],"character_chosen":"THE_SILENT","items_purchased":["Slice","Footwork"],"campfire_rested":0,"item_purchase_floors":[14,14],"current_hp_per_floor":[59,54,38,38,38,38,38,38,38,32,32,25,25,25,25,0],"gold":9,"neow_bonus":"ONE_RARE_RELIC","is_prod":false,"is_daily":false,"chose_seed":false,"campfire_upgraded":4,"win_rate":0,"timestamp":1557566140,"path_taken":["M","?","?","?","?","R","?","M","T","?","R","M","R","$","R","BOSS"],"build_version":"2019-01-23","purchased_purges":1,"victory":false,"max_hp_per_floor":[60,54,54,54,54,54,54,54,54,54,54,54,54,54,54,54],"card_choices":[{"not_picked":["Eviscerate","Blade Dance"],"picked":"All Out Attack","floor":1},{"not_picked":["Cloak And Dagger","Reflex","Blade Dance"],"picked":"SKIP","floor":5},{"not_picked":["Dash","Expertise"],"picked":"Setup","floor":8},{"not_picked":["Bane","Sucker Punch","Dagger Throw"],"picked":"SKIP","floor":10},{"not_picked":["Slice","Riddle With Holes"],"picked":"Outmaneuver","floor":12}],"player_experience":1307269,"relics_obtained":[{"floor":7,"key":"Mercury Hourglass"}],"event_choices":[{"damage_healed":0,"gold_gain":0,"player_choice":"Lose Max HP","damage_taken":0,"relics_obtained":["Golden Idol"],"max_hp_gain":0,"max_hp_loss":6,"event_name":"Golden Idol","floor":2,"gold_loss":0},{"damage_healed":0,"gold_gain":0,"player_choice":"Entered Light","damage_taken":16,"max_hp_gain":0,"max_hp_loss":0,"event_name":"Shining Light","floor":3,"gold_loss":0,"cards_upgraded":["Strike_G","Defend_G"]}],"is_beta":false,"boss_relics":[],"items_purged_floors":[4],"is_endless":false,"potions_floor_spawned":[1,5],"killed_by":"Hexaghost","ascension_level":20}