{"gold_per_floor":[117,117,137,39,39,68,68,68,68,68,68,68,82,116,116,213,213,229,248,248,259,259,290,304,318,318,337,7,32,32],"floor_reached":30,"playtime":1239,"items_purged":["Strike_B"],"score":328,"play_id":"deca1b45-43c8-48cc-b622-852ef410d746","local_time":"20190904212114","is_ascension_mode":false,"campfire_choices":[{"data":"Fission","floor":7,"key":"SMITH"},{"data":"Zap","floor":10,"key":"SMITH"},{"data":"Cold Snap","floor":12,"key":"SMITH"},{"data":"Cold Snap","floor":15,"key":"SMITH"}],"neow_cost":"NONE","seed_source_timestamp":29871193953757,"circlet_count":0,"master_deck":["Strike_B","Strike_B","Strike_B","Defend_B","Defend_B","Defend_B","Defend_B","Zap+1","Dualcast","Cold Snap+1","Fission+1","Glacier","Cold Snap+1","Meteor Strike+1","Sunder+1","Rainbow","Coolheaded","Doom and Gloom+1","Cold Snap+1","Conserve Battery","Hologram+1","FTL+1","Ball Lightning+1","Static Discharge","Defragment","Double Energy","Machine Learning","Capacitor","Capacitor"],"relics":["Cracked Core","NeowsBlessing","The Courier","Molten Egg 2","Singing Bowl","Pear","Orichalcum","Orrery","Potion Belt","Letter Opener","Vajra"],"potions_floor_usage":[23,29,29,29],"damage_taken":[{"damage":0,"enemies":"Cultist","floor":1,"turns":1},{"damage":0,"enemies":"Jaw Worm","floor":3,"turns":1},{"damage":0,"enemies":"Lagavulin","floor":6,"turns":1},{"damage":0,"enemies":"2 Louse","floor":13,"turns":2},{"damage":16,"enemies":"3 Sentries","floor":14,"turns":8},{"damage":47,"enemies":"Hexaghost","floor":16,"turns":13},{"damage":0,"enemies":"3 Byrds","floor":18,"turns":4},{"damage":10,"enemies":"2 Thieves","floor":19,"turns":3},{"damage":0,"enemies":"Snecko","floor":21,"turns":3},{"damage":11,"enemies":"Book of Stabbing","floor":23,"turns":4},{"damage":0,"enemies":"3 Cultists","floor":24,"turns":4},{"damage":8,"enemies":"Chosen and Byrds","floor":25,"turns":5},{"damage":21,"enemies":"Shelled Parasite and Fungi","floor":27,"turns":3},{"damage":26,"enemies":"Slavers","floor":29,"turns":4},{"damage":4,"enemies":"Cultist and Chosen","floor":30,"turns":1}],"seed_played":"-5993666097368426174","potions_obtained":[{"floor":1,"key":"SteroidPotion"},{"floor":14,"key":"Weak Potion"},{"floor":16,"key":"Swift Potion"},{"floor":18,"key":"Strength Potion"},{"floor":23,"key":"Weak Potion"},{"floor":25,"key":"LiquidBronze"},{"floor":29,"key":"Dexterity Potion"}],"is_trial":false,"path_per_floor":["M","?","M","$","T","E","R","?","T","R","$","R","M","E","R","B",null,"M","M","?","M","T","E","M","M","T","M","$","E","M"],"character_chosen":"DEFECT","items_purchased":["Cold Snap","Defragment","Double Energy","Machine Learning","Capacitor","Capacitor"],"campfire_rested":0,"item_purchase_floors":[4,28,28,28,28,28],"current_hp_per_floor":[75,75,75,75,75,75,75,68,78,78,78,78,78,64,64,17,89,89,81,63,63,63,52,52,46,46,27,27,3,0],"gold":32,"neow_bonus":"THREE_ENEMY_KILL","is_prod":false,"is_daily":false,"chose_seed":false,"campfire_upgraded":4,"win_rate":0,"timestamp":1567624874,"path_taken":["M","?","?","?","?","E","R","?","T","R","$","R","M","E","R","BOSS","M","M","?","M","?","E","M","M","T","M","$","E","M"],"build_version":"2019-07-17","purchased_purges":1,"victory":false,"max_hp_per_floor":[75,75,75,75,75,75,75,75,85,85,85,85,85,87,87,87,89,89,91,96,96,96,96,96,98,98,100,100,102,102],"card_choices":[{"not_picked":["Leap","Hologram"],"picked":"Cold Snap","floor":1},{"not_picked":["Beam Cell","Gash"],"picked":"Glacier","floor":3},{"not_picked":["Barrage","White Noise"],"picked":"Meteor Strike","floor":6},{"not_picked":["Cold Snap+1","Steam"],"picked":"Sunder+1","floor":13},{"not_picked":["Stack","Multi-Cast","Hyperbeam+1"],"picked":"Singing Bowl","floor":14},{"not_picked":["Buffer","Biased Cognition"],"picked":"Rainbow","floor":16},{"not_picked":["Reinforced Body","Steam Power"],"picked":"Coolheaded","floor":17},{"not_picked":["Streamline+1","Hologram"],"picked":"Doom and Gloom+1","floor":17},{"not_picked":["Streamline+1","Redo"],"picked":"Cold Snap+1","floor":17},{"not_picked":["Turbo","Aggregate"],"picked":"Conserve Battery","floor":17},{"not_picked":["Sweeping Beam+1","Go for the Eyes+1","Reprogram"],"picked":"Singing Bowl","floor":17},{"not_picked":["Doom and Gloom+1","Tempest"],"picked":"Hologram+1","floor":18},{"not_picked":["Buffer","Cold Snap+1","Scrape+1"],"picked":"Singing Bowl","floor":19},{"not_picked":["Hologram","Leap"],"picked":"FTL+1","floor":21},{"not_picked":["Hologram","Coolheaded"],"picked":"Ball Lightning+1","floor":23},{"not_picked":["Cold Snap+1","Rebound+1"],"picked":"Static Discharge","floor":24},{"not_picked":["Barrage+1","Ball Lightning+1","Rebound+1"],"picked":"Singing Bowl","floor":25},{"not_picked":["Hello World","Barrage+1","Sweeping Beam+1"],"picked":"Singing Bowl","floor":27},{"not_picked":["Ball Lightning+1","Sweeping Beam+1","Sunder+1"],"picked":"Singing Bowl","floor":29}],"player_experience":1041687,"relics_obtained":[{"floor":5,"key":"The Courier"},{"floor":6,"key":"Molten Egg 2"},{"floor":9,"key":"Pear"},{"floor":14,"key":"Orichalcum"},{"floor":23,"key":"Potion Belt"},{"floor":26,"key":"Letter Opener"},{"floor":29,"key":"Vajra"}],"event_choices":[{"damage_healed":0,"gold_gain":0,"player_choice":"1 cards matched","damage_taken":0,"max_hp_gain":0,"max_hp_loss":0,"event_name":"Match and Keep!","floor":2,"gold_loss":0,"cards_obtained":["Fission"]},{"damage_healed":0,"gold_gain":0,"player_choice":"Success","damage_taken":7,"relics_obtained":["Singing Bowl"],"max_hp_gain":0,"max_hp_loss":0,"event_name":"Scrap Ooze","floor":8,"gold_loss":0},{"damage_healed":0,"gold_gain":0,"player_choice":"Shed Blood","damage_taken":23,"max_hp_gain":5,"max_hp_loss":0,"event_name":"Forgotten Altar","floor":20,"gold_loss":0}],"is_beta":false,"boss_relics":[{"not_picked":["Philosopher\u0027s Stone","Pandora\u0027s Box"],"picked":"Orrery"}],"items_purged_floors":[4],"is_endless":false,"potions_floor_spawned":[1,14,16,18,23,25,29],"killed_by":"Cultist and Chosen","ascension_level":0}