{"gold_per_floor":[110,110,110,110,185,185,185,8,8,27,47,75,87,105,105,182,182,193,108,108,28,48,48,80,80,105,137,9,9,36,54,54,128,128,148,164,164,164,164,164,191,205,205,219,219],"floor_reached":45,"playtime":1955,"items_purged":["Strike_R","Strike_R"],"score":998,"play_id":"1375c704-81f1-449b-b3d8-0e22dee84cc4","local_time":"20190526101028","is_ascension_mode":true,"campfire_choices":[{"data":"Bash","floor":6.0,"key":"SMITH"},{"data":"Armaments","floor":15.0,"key":"SMITH"},{"data":"True Grit","floor":23.0,"key":"SMITH"},{"data":"Limit Break","floor":25.0,"key":"SMITH"},{"floor":29.0,"key":"REST"},{"floor":32.0,"key":"REST"},{"floor":40.0,"key":"RECALL"}],"neow_cost":"NONE","seed_source_timestamp":1194904527607900,"circlet_count":0,"master_deck":["AscendersBane","Strike_R","Strike_R","Defend_R","Defend_R","Defend_R","Defend_R","Bash+1","Inflame","Shrug It Off","Anger","Pummel","Limit Break+1","Armaments+1","Whirlwind","Fiend Fire","Uppercut+1","True Grit+1","Offering","Clothesline+1","Carnage+1","Carnage+1","Corruption+1","Reaper+1","Evolve+1","Impatience","Secret Weapon","Secret Technique","Feel No Pain+1","Burning Pact+1"],"special_seed":0,"relics":["Burning Blood","Boot","Happy Flower","Nunchaku","Bronze Scales","Mark of Pain","The Courier","Art of War","Molten Egg 2","Bag of Preparation","Frozen Egg 2","Red Skull","Fusion Hammer","Omamori"],"potions_floor_usage":[],"damage_taken":[{"damage":6.0,"enemies":"Cultist","floor":1.0,"turns":4.0},{"damage":0.0,"enemies":"2 Louse","floor":10.0,"turns":3.0},{"damage":4.0,"enemies":"Small Slimes","floor":11.0,"turns":3.0},{"damage":8.0,"enemies":"Gremlin Nob","floor":12.0,"turns":3.0},{"damage":7.0,"enemies":"2 Fungi Beasts","floor":13.0,"turns":2.0},{"damage":0.0,"enemies":"Red Slaver","floor":14.0,"turns":3.0},{"damage":20.0,"enemies":"The Guardian","floor":16.0,"turns":10.0},{"damage":17.0,"enemies":"Shell Parasite","floor":18.0,"turns":3.0},{"damage":0.0,"enemies":"3 Byrds","floor":22.0,"turns":2.0},{"damage":17.0,"enemies":"Book of Stabbing","floor":24.0,"turns":4.0},{"damage":43.0,"enemies":"Slavers","floor":27.0,"turns":7.0},{"damage":19.0,"enemies":"Book of Stabbing","floor":30.0,"turns":4.0},{"damage":4.0,"enemies":"Centurion and Healer","floor":31.0,"turns":4.0},{"damage":28.0,"enemies":"Champ","floor":33.0,"turns":7.0},{"damage":18.0,"enemies":"3 Shapes","floor":35.0,"turns":7.0},{"damage":6.0,"enemies":"Orb Walker","floor":36.0,"turns":2.0},{"damage":73.0,"enemies":"Giant Head","floor":41.0,"turns":6.0},{"damage":6.0,"enemies":"4 Shapes","floor":42.0,"turns":13.0},{"damage":28,"enemies":"Jaw Worm Horde","floor":44,"turns":5},{"damage":17,"enemies":"Maw","floor":45,"turns":4}],"seed_played":"-7330501280920953252","potions_obtained":[{"floor":1.0,"key":"Poison Potion"},{"floor":7.0,"key":"SkillPotion"},{"floor":11.0,"key":"Regen Potion"},{"floor":14.0,"key":"SkillPotion"},{"floor":22.0,"key":"Energy Potion"},{"floor":24.0,"key":"BloodPotion"},{"floor":30.0,"key":"Explosive Potion"},{"floor":31.0,"key":"AttackPotion"},{"floor":44,"key":"SpeedPotion"}],"is_trial":false,"path_per_floor":["M","?","?","?","?","R","?","$","T","M","M","E","M","M","R","B",null,"M","?","?","$","M","R","E","R","T","E","$","R","E","M","R","B",null,"M","M","?","?","?","R","E","M","T","M","M"],"character_chosen":"IRONCLAD","items_purchased":["Whirlwind","Shrug It Off","Carnage+1","Carnage+1"],"campfire_rested":2,"item_purchase_floors":[8,8,28,28],"current_hp_per_floor":[68,68,50,50,39,39,39,39,39,45,47,54,53,59,59,45,68,57,57,57,57,63,63,52,52,52,22,22,44,31,33,55,33,65,63,63,63,63,53,53,13,38,38,16,0],"gold":219,"neow_bonus":"RANDOM_COMMON_RELIC","is_prod":false,"is_daily":false,"chose_seed":false,"campfire_upgraded":4,"win_rate":0,"timestamp":1558854628,"path_taken":["M","?","?","?","?","R","?","$","T","M","?","E","M","?","R","BOSS","M","?","?","$","M","R","E","R","T","E","$","R","E","?","R","BOSS","M","M","?","?","?","R","E","M","T","M","M"],"build_version":"2019-01-23","purchased_purges":2,"victory":false,"max_hp_per_floor":[75,75,75,75,75,75,75,75,75,75,75,75,75,75,75,75,75,75,75,75,75,75,75,75,75,75,75,75,75,75,75,75,75,75,75,75,75,75,75,75,75,75,75,75,75],"card_choices":[{"not_picked":["Warcry","Rage"],"picked":"Inflame","floor":1.0},{"not_picked":["Perfected Strike","Armaments"],"picked":"Anger","floor":10.0},{"not_picked":["Evolve","Iron Wave"],"picked":"Pummel","floor":11.0},{"not_picked":["Infernal Blade","Blood for Blood"],"picked":"Limit Break","floor":12.0},{"not_picked":["Wild Strike","Cleave"],"picked":"Armaments","floor":13.0},{"not_picked":["Armaments","Shrug It Off"],"picked":"Whirlwind","floor":14.0},{"not_picked":["Exhume","Juggernaut"],"picked":"Fiend Fire","floor":16.0},{"not_picked":["Shrug It Off","Havoc"],"picked":"Uppercut+1","floor":18.0},{"not_picked":["Thunderclap","Perfected Strike"],"picked":"True Grit","floor":22.0},{"not_picked":["Havoc","Iron Wave+1"],"picked":"Offering","floor":24.0},{"not_picked":["Double Tap","Hemokinesis+1"],"picked":"Clothesline+1","floor":27.0},{"not_picked":["Heavy Blade+1","Burning Pact"],"picked":"Corruption+1","floor":30.0},{"not_picked":["Metallicize+1","Armaments"],"picked":"Sword Boomerang+1","floor":31.0},{"not_picked":["Exhume","Berserk+1"],"picked":"Reaper+1","floor":33.0},{"not_picked":["Havoc","Iron Wave+1"],"picked":"Evolve+1","floor":35.0},{"not_picked":["True Grit","Cleave+1","Warcry"],"picked":"SKIP","floor":36.0},{"not_picked":["Swift Strike+1","PanicButton"],"picked":"Impatience","floor":39.0},{"not_picked":["Thinking Ahead","Mind Blast+1"],"picked":"Secret Weapon","floor":39.0},{"not_picked":["Purity","Jack Of All Trades"],"picked":"Secret Technique","floor":39.0},{"not_picked":["Body Slam+1","Dropkick+1"],"picked":"Feel No Pain+1","floor":41.0},{"not_picked":["Rupture+1","Clothesline+1","True Grit"],"picked":"SKIP","floor":42.0},{"not_picked":["Clothesline+1","Pommel Strike+1"],"picked":"Burning Pact+1","floor":44}],"player_experience":1332292,"relics_obtained":[{"floor":9.0,"key":"Nunchaku"},{"floor":12.0,"key":"Bronze Scales"},{"floor":24.0,"key":"Molten Egg 2"},{"floor":26.0,"key":"Bag of Preparation"},{"floor":27.0,"key":"Frozen Egg 2"},{"floor":30.0,"key":"Red Skull"},{"floor":41.0,"key":"Omamori"}],"event_choices":[{"cards_removed":["Strike_R"],"damage_healed":0.0,"max_hp_gain":0.0,"max_hp_loss":0.0,"gold_gain":0.0,"event_name":"Living Wall","player_choice":"Forget","floor":2.0,"gold_loss":0.0,"damage_taken":0.0},{"damage_healed":0.0,"max_hp_gain":0.0,"max_hp_loss":0.0,"gold_gain":0.0,"event_name":"Scrap Ooze","player_choice":"Success","floor":3.0,"gold_loss":0.0,"damage_taken":18.0,"relics_obtained":["Happy Flower"]},{"damage_healed":0.0,"max_hp_gain":0.0,"max_hp_loss":0.0,"gold_gain":0.0,"event_name":"Liars Game","player_choice":"Ignored","floor":4.0,"gold_loss":0.0,"damage_taken":0.0},{"damage_healed":0.0,"max_hp_gain":0.0,"max_hp_loss":0.0,"gold_gain":75.0,"event_name":"World of Goop","player_choice":"Gather Gold","floor":5.0,"gold_loss":0.0,"damage_taken":11.0},{"damage_healed":0.0,"max_hp_gain":0.0,"max_hp_loss":0.0,"gold_gain":0.0,"event_name":"Lab","player_choice":"Got Potions","floor":7.0,"gold_loss":0.0,"damage_taken":0.0},{"damage_healed":0.0,"max_hp_gain":0.0,"max_hp_loss":0.0,"gold_gain":0.0,"event_name":"Addict","player_choice":"Obtained Relic","floor":19.0,"gold_loss":85.0,"damage_taken":0.0,"relics_obtained":["The Courier"]},{"cards_removed":["Whirlwind"],"damage_healed":0.0,"max_hp_gain":0.0,"max_hp_loss":0.0,"gold_gain":0.0,"event_name":"WeMeetAgain","player_choice":"Gave Card","floor":20.0,"gold_loss":0.0,"damage_taken":0.0,"relics_obtained":["Art of War"]},{"damage_healed":0.0,"max_hp_gain":0.0,"max_hp_loss":0.0,"gold_gain":0.0,"event_name":"Tomb of Lord Red Mask","player_choice":"Ignored","floor":37.0,"gold_loss":0.0,"damage_taken":0.0},{"cards_removed":["Sword Boomerang"],"damage_healed":0.0,"max_hp_gain":0.0,"max_hp_loss":0.0,"gold_gain":0.0,"event_name":"Falling","player_choice":"Removed Attack","floor":38.0,"gold_loss":0.0,"damage_taken":0.0},{"damage_healed":0.0,"max_hp_gain":0.0,"max_hp_loss":0.0,"gold_gain":0.0,"event_name":"SensoryStone","player_choice":"Memory 3","floor":39.0,"gold_loss":0.0,"damage_taken":10.0}],"is_beta":false,"boss_relics":[{"not_picked":["Coffee Dripper","White Beast Statue"],"picked":"Mark of Pain"},{"not_picked":["Black Blood","Busted Crown"],"picked":"Fusion Hammer"}],"items_purged_floors":[8,21],"is_endless":false,"potions_floor_spawned":[1,11,14,22,24,30,31,44],"killed_by":"Maw","ascension_level":20}