{"gold_per_floor":[110,122,133,133,133,133,157,191,237,252,271,271,289,68,68,194,194,214,214,66,0,21,21,41,41],"floor_reached":25,"playtime":929,"items_purged":["Regret"],"score":246,"play_id":"1fe20e68-0957-478c-9ae1-fdcdc19e4fae","local_time":"20180806100722","is_ascension_mode":true,"campfire_choices":[{"data":"Zap","floor":6,"key":"SMITH"},{"floor":12,"key":"REST"},{"floor":15,"key":"REST"},{"data":"Hologram","floor":23,"key":"SMITH"}],"neow_cost":"NONE","seed_source_timestamp":86694143780023,"circlet_count":0,"master_deck":["Strike_B","Strike_B","Strike_B","Strike_B","Defend_B","Defend_B","Defend_B","Defend_B","Zap+1","Dualcast","Core Surge","Go for the Eyes","Go for the Eyes","Sweeping Beam","Scrape","Rebound","Streamline","Hologram+1","Machine Learning","Reboot","Fusion+1","Gash","Good Instincts","Gash"],"relics":["Cracked Core","Pear","Golden Idol","Orichalcum","Happy Flower","Cursed Key"],"potions_floor_usage":[16],"damage_taken":[{"damage":1,"enemies":"Cultist","floor":1,"turns":3},{"damage":2,"enemies":"Jaw Worm","floor":2,"turns":4},{"damage":5,"enemies":"Small Slimes","floor":3,"turns":4},{"damage":10,"enemies":"Blue Slaver","floor":7,"turns":3},{"damage":23,"enemies":"Lagavulin","floor":8,"turns":6},{"damage":4,"enemies":"Exordium Wildlife","floor":10,"turns":2},{"damage":1,"enemies":"Looter","floor":11,"turns":2},{"damage":9,"enemies":"Red Slaver","floor":13,"turns":2},{"damage":29,"enemies":"Hexaghost","floor":16,"turns":9},{"damage":17,"enemies":"Spheric Guardian","floor":18,"turns":4},{"damage":19,"enemies":"2 Thieves","floor":22,"turns":4},{"damage":38,"enemies":"Snecko","floor":24,"turns":6},{"damage":20,"enemies":"Slaver and Parasite","floor":25,"turns":2}],"seed_played":"8780168892364303287","potions_obtained":[{"floor":7,"key":"Block Potion"},{"floor":8,"key":"FairyPotion"},{"floor":16,"key":"Dexterity Potion"},{"floor":24,"key":"Energy Potion"}],"is_trial":false,"path_per_floor":["M","M","M","?","?","R","M","E","T","M","M","R","M","$","R","B",null,"M","?","$","?","M","R","M"],"character_chosen":"DEFECT","items_purchased":["Machine Learning","Gash","Good Instincts"],"campfire_rested":2,"item_purchase_floors":[14,20,20],"current_hp_per_floor":[74,72,67,77,56,56,46,23,23,19,18,43,34,34,59,30,85,68,68,68,68,49,49,11,0],"gold":41,"neow_bonus":"ONE_RANDOM_RARE_CARD","is_prod":false,"is_daily":false,"chose_seed":false,"campfire_upgraded":2,"win_rate":0,"timestamp":1533517642,"path_taken":["M","M","?","?","?","R","?","E","T","M","M","R","M","$","R","BOSS","M","?","$","?","M","R","M","M"],"build_version":"2018-08-02","purchased_purges":1,"victory":false,"max_hp_per_floor":[75,75,75,85,85,85,85,85,85,85,85,85,85,85,85,85,85,85,85,85,85,85,85,85,85],"card_choices":[{"not_picked":["Ball Lightning","Reprogram"],"picked":"Go for the Eyes","floor":1},{"not_picked":["Defragment","FTL"],"picked":"Go for the Eyes","floor":2},{"not_picked":["Barrage","Aggregate","Redo"],"picked":"SKIP","floor":3},{"not_picked":["Compile Driver","Ball Lightning"],"picked":"Sweeping Beam","floor":7},{"not_picked":["Chill","Go for the Eyes"],"picked":"Scrape","floor":8},{"not_picked":["Barrage","Double Energy"],"picked":"Rebound","floor":10},{"not_picked":["Force Field","Stack"],"picked":"Streamline","floor":11},{"not_picked":["Compile Driver","Auto Shields"],"picked":"Hologram","floor":13},{"not_picked":["Hyperbeam","Thunder Strike"],"picked":"Reboot","floor":16},{"not_picked":["Rebound","Conserve Battery"],"picked":"Fusion+1","floor":18},{"not_picked":["Go for the Eyes","Conserve Battery"],"picked":"Gash","floor":22},{"not_picked":["Barrage+1","Compile Driver+1","Turbo"],"picked":"SKIP","floor":24}],"player_experience":136477,"relics_obtained":[{"floor":8,"key":"Orichalcum"},{"floor":9,"key":"Happy Flower"}],"event_choices":[{"event_name":"Big Fish","player_choice":"Box","floor":4,"damage_taken":0},{"event_name":"Golden Idol","player_choice":"Take Damage","floor":5,"damage_taken":0},{"event_name":"Ghosts","player_choice":"Ignored","floor":19,"damage_taken":0},{"event_name":"Masked Bandits","player_choice":"Paid Bandits 66 gold","floor":21,"damage_taken":0}],"is_beta":false,"boss_relics":[{"not_picked":["Calling Bell","Philosopher\u0027s Stone"],"picked":"Cursed Key"}],"items_purged_floors":[14],"is_endless":false,"potions_floor_spawned":[7,8,16,24],"killed_by":"Slaver and Parasite","ascension_level":4}