{"gold_per_floor":[110,110,130,142,153,153,0,26,26,26,58,58,118,137,137,210,210,224,243,243,274,1,1,34,44,44,71,71,99,99,109,109,183,183,193,193,193,212,50,50,77,77,104,104,138,138,238,248,248,248,248],"floor_reached":51,"playtime":4136,"items_purged":["Strike_G"],"score":1563,"play_id":"13fbe444-3775-4741-83f7-c7e8f55feb0a","local_time":"20190501135750","is_ascension_mode":true,"campfire_choices":[{"data":"Sucker Punch","floor":6.0,"key":"SMITH"},{"floor":10.0,"key":"REST"},{"floor":12.0,"key":"REST"},{"floor":15.0,"key":"REST"},{"data":"Mayhem","floor":23.0,"key":"SMITH"},{"floor":28.0,"key":"REST"},{"data":"Cloak And Dagger","floor":30.0,"key":"SMITH"},{"floor":32.0,"key":"REST"},{"data":"Concentrate","floor":40,"key":"SMITH"},{"data":"Storm of Steel","floor":42,"key":"SMITH"},{"data":"Infinite Blades","floor":44,"key":"SMITH"},{"floor":49,"key":"RECALL"}],"neow_cost":"NONE","seed_source_timestamp":712096571438000,"circlet_count":0,"master_deck":["AscendersBane","Defend_G","Defend_G","Defend_G","Defend_G","Defend_G","Strike_G","Strike_G","Strike_G","Strike_G","Survivor","Neutralize+1","Predator+1","Flying Knee","Sucker Punch+1","Poisoned Stab","Glass Knife","Die Die Die","Dash","Backflip","Poisoned Stab","Adrenaline","Backflip","Cloak And Dagger+1","Deflect","Mayhem+1","Footwork","Leg Sweep","Backstab+1","Tools of the Trade","Flying Knee","Concentrate+1","Infinite Blades+1","Storm of Steel+1","Decay","Blade Dance"],"special_seed":0,"relics":["Ring of the Snake","Mummified Hand","Kunai","Snake Skull","Art of War","Cursed Key","Red Mask","Singing Bowl","Meat on the Bone","Bottled Flame","Runic Pyramid","Dream Catcher","Ninja Scroll","Unceasing Top"],"potions_floor_usage":[50],"damage_taken":[{"damage":0.0,"enemies":"Jaw Worm","floor":1.0,"turns":7.0},{"damage":0.0,"enemies":"Cultist","floor":3.0,"turns":3.0},{"damage":0.0,"enemies":"2 Louse","floor":4.0,"turns":2.0},{"damage":4.0,"enemies":"Looter","floor":5.0,"turns":3.0},{"damage":23.0,"enemies":"3 Sentries","floor":8.0,"turns":9.0},{"damage":24.0,"enemies":"Gremlin Nob","floor":11.0,"turns":4.0},{"damage":17.0,"enemies":"Lagavulin Event","floor":13.0,"turns":5.0},{"damage":19.0,"enemies":"Exordium Wildlife","floor":14.0,"turns":4.0},{"damage":17.0,"enemies":"The Guardian","floor":16.0,"turns":14.0},{"damage":0.0,"enemies":"Spheric Guardian","floor":18.0,"turns":3.0},{"damage":0.0,"enemies":"Chosen","floor":19.0,"turns":5.0},{"damage":9.0,"enemies":"Masked Bandits","floor":21.0,"turns":4.0},{"damage":18.0,"enemies":"Slavers","floor":24.0,"turns":5.0},{"damage":0.0,"enemies":"Snecko","floor":25.0,"turns":6.0},{"damage":0.0,"enemies":"Gremlin Leader","floor":27.0,"turns":8.0},{"damage":42.0,"enemies":"Slavers","floor":29.0,"turns":7.0},{"damage":12.0,"enemies":"Chosen and Byrds","floor":31.0,"turns":6.0},{"damage":17.0,"enemies":"Collector","floor":33.0,"turns":26.0},{"damage":0,"enemies":"Orb Walker","floor":35,"turns":4},{"damage":0,"enemies":"3 Shapes","floor":38,"turns":6},{"damage":9,"enemies":"Nemesis","floor":41,"turns":9},{"damage":0,"enemies":"Reptomancer","floor":45,"turns":9},{"damage":0,"enemies":"Mind Bloom Boss Battle","floor":47,"turns":8},{"damage":32,"enemies":"Writhing Mass","floor":48,"turns":10},{"damage":11,"enemies":"Donu and Deca","floor":50,"turns":15},{"damage":56,"enemies":"Time Eater","floor":51,"turns":14}],"seed_played":"949271197823015841","potions_obtained":[{"floor":1.0,"key":"Dexterity Potion"},{"floor":4.0,"key":"FearPotion"},{"floor":14.0,"key":"Strength Potion"},{"floor":29.0,"key":"SteroidPotion"},{"floor":31.0,"key":"Block Potion"},{"floor":35,"key":"Strength Potion"},{"floor":41,"key":"Swift Potion"},{"floor":48,"key":"Strength Potion"}],"is_trial":false,"path_per_floor":["M","?","M","M","M","R","$","E","T","R","E","R","?","M","R","B",null,"M","M","?","?","$","R","E","M","T","E","R","E","R","M","R","B",null,"M","?","?","M","$","R","E","R","T","R","E","T","?","M","R","B","B"],"character_chosen":"THE_SILENT","items_purchased":["Glass Knife","Mayhem","Footwork","Infinite Blades"],"campfire_rested":5,"item_purchase_floors":[7,22,22,39],"current_hp_per_floor":[59,59,59,59,55,55,55,32,32,51,27,46,29,10,29,12,53,53,53,53,44,44,44,26,28,28,30,51,21,21,21,42,37,62,62,62,62,62,62,62,53,53,53,53,53,53,55,37,37,38,0],"gold":248,"neow_bonus":"UPGRADE_CARD","is_prod":false,"is_daily":false,"chose_seed":false,"campfire_upgraded":6,"win_rate":0,"timestamp":1556708270,"path_taken":["M","?","M","M","?","R","?","E","T","R","E","R","?","M","R","BOSS","M","M","?","?","?","R","E","M","T","E","R","E","R","M","R","BOSS","M","?","?","M","$","R","E","R","T","R","E","?","?","M","R","BOSS","BOSS"],"build_version":"2019-01-23","purchased_purges":1,"victory":false,"max_hp_per_floor":[66,66,66,66,66,66,66,66,66,66,66,66,66,66,66,66,66,66,66,66,66,66,66,66,68,68,70,70,70,70,70,70,70,70,70,70,70,70,70,70,70,70,70,70,70,70,72,74,74,74,74],"card_choices":[{"not_picked":["PiercingWail","Escape Plan"],"picked":"Predator","floor":1.0},{"not_picked":["Skewer","Bane"],"picked":"Flying Knee","floor":3.0},{"not_picked":["Blade Dance","Blur"],"picked":"Sucker Punch","floor":4.0},{"not_picked":["Dagger Throw","Flying Knee"],"picked":"Poisoned Stab","floor":5.0},{"not_picked":["Flying Knee","Outmaneuver"],"picked":"Die Die Die","floor":8.0},{"not_picked":["Predator","Slice"],"picked":"Dash","floor":11.0},{"not_picked":["All Out Attack","Poisoned Stab"],"picked":"Backflip","floor":13.0},{"not_picked":["Sucker Punch","Predator"],"picked":"Poisoned Stab","floor":14.0},{"not_picked":["Wraith Form v2","Venomology"],"picked":"Adrenaline","floor":16.0},{"not_picked":["Prepared+1","Outmaneuver"],"picked":"Backflip","floor":18.0},{"not_picked":["Poisoned Stab","All Out Attack","Slice"],"picked":"SKIP","floor":19.0},{"not_picked":["Backflip","Eviscerate+1"],"picked":"Deflect","floor":21.0},{"not_picked":["Sucker Punch","Deadly Poison"],"picked":"Leg Sweep","floor":24.0},{"not_picked":["Poisoned Stab","Grand Finale","PiercingWail"],"picked":"Singing Bowl","floor":25.0},{"not_picked":["Backflip","PiercingWail","Deadly Poison"],"picked":"Singing Bowl","floor":27.0},{"not_picked":["Malaise","Sucker Punch"],"picked":"Backstab+1","floor":29.0},{"not_picked":["Masterful Stab","Deadly Poison"],"picked":"Predator+1","floor":31.0},{"not_picked":["Night Terror","Malaise"],"picked":"Tools of the Trade","floor":33.0},{"not_picked":["Deadly Poison+1","Finisher"],"picked":"Flying Knee","floor":35},{"not_picked":["Backflip","Flying Knee"],"picked":"Concentrate","floor":38},{"not_picked":["Sucker Punch","Flying Knee"],"picked":"Storm of Steel","floor":41},{"not_picked":["Catalyst+1","Tactician"],"picked":"Blade Dance","floor":45},{"not_picked":["Dagger Spray","Blade Dance","Underhanded Strike+1"],"picked":"Singing Bowl","floor":47},{"not_picked":["Blade Dance","Setup","Bane"],"picked":"Singing Bowl","floor":48}],"player_experience":1274729,"relics_obtained":[{"floor":8.0,"key":"Mummified Hand"},{"floor":9.0,"key":"Kunai"},{"floor":11.0,"key":"Snake Skull"},{"floor":13.0,"key":"Art of War"},{"floor":21.0,"key":"Red Mask"},{"floor":24.0,"key":"Singing Bowl"},{"floor":27.0,"key":"Meat on the Bone"},{"floor":29.0,"key":"Bottled Flame"},{"floor":41,"key":"Dream Catcher"},{"floor":45,"key":"Ninja Scroll"},{"floor":47,"key":"Unceasing Top"}],"event_choices":[{"damage_healed":0.0,"max_hp_gain":0.0,"max_hp_loss":0.0,"gold_gain":0.0,"event_name":"Accursed Blacksmith","player_choice":"Forge","floor":2.0,"gold_loss":0.0,"damage_taken":0.0,"cards_upgraded":["Predator"]},{"damage_healed":0.0,"max_hp_gain":0.0,"max_hp_loss":0.0,"gold_gain":0.0,"event_name":"Dead Adventurer","player_choice":"Searched \u00271\u0027 times","floor":13.0,"gold_loss":0.0,"damage_taken":0.0},{"damage_healed":0.0,"max_hp_gain":0.0,"max_hp_loss":0.0,"gold_gain":0.0,"event_name":"The Library","player_choice":"Read","floor":20.0,"gold_loss":0.0,"damage_taken":0.0,"cards_obtained":["Cloak And Dagger"]},{"damage_healed":0.0,"max_hp_gain":0.0,"max_hp_loss":0.0,"gold_gain":0.0,"event_name":"Masked Bandits","player_choice":"Fought Bandits","floor":21.0,"gold_loss":0.0,"damage_taken":0.0},{"damage_healed":0,"gold_gain":0,"player_choice":"Ignored","damage_taken":0,"max_hp_gain":0,"max_hp_loss":0,"event_name":"Mysterious Sphere","floor":36,"gold_loss":0},{"cards_removed":["Predator"],"damage_healed":0,"gold_gain":0,"player_choice":"Removed Attack","damage_taken":0,"max_hp_gain":0,"max_hp_loss":0,"event_name":"Falling","floor":37,"gold_loss":0},{"damage_healed":0,"gold_gain":0,"player_choice":"Fight","damage_taken":0,"max_hp_gain":0,"max_hp_loss":0,"event_name":"MindBloom","floor":47,"gold_loss":0}],"is_beta":false,"boss_relics":[{"not_picked":["Eternal Feather","Ectoplasm"],"picked":"Cursed Key"},{"not_picked":["Coffee Dripper","WristBlade"],"picked":"Runic Pyramid"}],"items_purged_floors":[39],"is_endless":false,"potions_floor_spawned":[1,4,14,16,21,25,29,31,35,41,48],"killed_by":"Time Eater","ascension_level":20}