{"gold_per_floor":[116,66,66,76,76,76,1,21,70,98,124,198,210,222,234,246],"floor_reached":16,"playtime":576,"items_purged":["Regret"],"score":100,"play_id":"9e7d0716-23dc-4b77-a1b1-a3f2786cb042","local_time":"20190325132316","is_ascension_mode":false,"campfire_choices":[{"data":"Perfected Strike","floor":6,"key":"SMITH"},{"data":"Bash","floor":13,"key":"SMITH"},{"data":"Iron Wave","floor":15,"key":"SMITH"}],"neow_cost":"","seed_source_timestamp":614365855776900,"circlet_count":0,"master_deck":["Strike_R","Strike_R","Strike_R","Strike_R","Defend_R","Defend_R","Defend_R","Defend_R","Bash+1","Perfected Strike+1","Offering","Shrug It Off","Iron Wave+1","Decay"],"relics":["Burning Blood","Darkstone Periapt","Bottled Lightning","MawBank","Tiny Chest"],"potions_floor_usage":[16],"damage_taken":[{"damage":11,"enemies":"2 Louse","floor":1,"turns":4},{"damage":8,"enemies":"Jaw Worm","floor":4,"turns":3},{"damage":0,"enemies":"Cultist","floor":8,"turns":2},{"damage":10,"enemies":"Blue Slaver","floor":10,"turns":4},{"damage":20,"enemies":"Exordium Thugs","floor":11,"turns":3},{"damage":19,"enemies":"3 Sentries","floor":12,"turns":9},{"damage":62,"enemies":"The Guardian","floor":16,"turns":19}],"seed_played":"1471032432250474105","potions_obtained":[{"floor":1,"key":"LiquidBronze"}],"is_trial":true,"path_per_floor":["M","?","?","M","T","R","$","M","T","M","M","E","R","?","R","B"],"character_chosen":"IRONCLAD","items_purchased":[],"campfire_rested":0,"item_purchase_floors":[],"current_hp_per_floor":[75,75,81,79,79,79,79,85,85,81,67,54,54,60,60,0],"gold":246,"neow_bonus":"","is_prod":false,"is_daily":false,"chose_seed":false,"campfire_upgraded":3,"win_rate":0,"timestamp":1553509396,"path_taken":["M","?","?","M","?","R","$","M","T","M","M","E","R","?","R","BOSS"],"build_version":"2019-01-23","purchased_purges":1,"victory":false,"max_hp_per_floor":[80,80,86,86,86,86,86,86,86,86,86,86,86,92,92,92],"card_choices":[{"not_picked":["Fire Breathing","Wild Strike","Warcry"],"picked":"SKIP","floor":1},{"not_picked":["Warcry","Bloodletting"],"picked":"Perfected Strike","floor":4},{"not_picked":["Sever Soul","Cleave"],"picked":"Offering","floor":8},{"not_picked":["Corruption","Anger","Sword Boomerang"],"picked":"SKIP","floor":10},{"not_picked":["Heavy Blade","Anger"],"picked":"Shrug It Off","floor":11},{"not_picked":["Reckless Charge","Clash"],"picked":"Iron Wave","floor":12}],"player_experience":1017474,"relics_obtained":[{"floor":5,"key":"Bottled Lightning"},{"floor":9,"key":"MawBank"},{"floor":12,"key":"Tiny Chest"}],"event_choices":[{"cards_removed":["Strike_R"],"damage_healed":0,"gold_gain":0,"player_choice":"Card Removal","damage_taken":0,"max_hp_gain":0,"max_hp_loss":0,"event_name":"The Cleric","floor":2,"gold_loss":50},{"damage_healed":0,"gold_gain":0,"player_choice":"Box","damage_taken":0,"relics_obtained":["Darkstone Periapt"],"max_hp_gain":0,"max_hp_loss":0,"event_name":"Big Fish","floor":3,"gold_loss":0,"cards_obtained":["Regret"]},{"damage_healed":0,"gold_gain":0,"player_choice":"Cursed","damage_taken":0,"max_hp_gain":0,"max_hp_loss":0,"event_name":"Wheel of Change","floor":14,"gold_loss":0,"cards_obtained":["Decay"]}],"is_beta":false,"boss_relics":[],"items_purged_floors":[7],"is_endless":true,"potions_floor_spawned":[1],"killed_by":"The Guardian","ascension_level":0}