{"gold_per_floor":[111,121,133,83,94,94,112,112,112,138,155,189,189,202,202,305,305,317,113,131,145,145,173,173,186,186,205,26,46,46,64,64,161,161,181,197,197,297,37,37,0,0,0,0,17,28,38,58,58,58,58,58,58,85,85],"floor_reached":55,"playtime":5852,"items_purged":["Strike_B","Strike_B"],"score":705,"play_id":"a2ad1da5-e99c-4c45-8b32-a3b125540a26","local_time":"20190916204429","is_ascension_mode":false,"campfire_choices":[{"data":"Zap","floor":6.0,"key":"SMITH"},{"data":"Chill","floor":8.0,"key":"SMITH"},{"data":"Dualcast","floor":15.0,"key":"SMITH"},{"data":"Hologram","floor":24.0,"key":"SMITH"},{"data":"Defragment","floor":30.0,"key":"SMITH"},{"data":"Rainbow","floor":32.0,"key":"SMITH"},{"floor":40.0,"key":"RECALL"},{"data":"Buffer","floor":42.0,"key":"SMITH"},{"data":"Steam","floor":44.0,"key":"SMITH"},{"data":"Compile Driver","floor":49.0,"key":"SMITH"},{"data":"Conserve Battery","floor":52.0,"key":"SMITH"}],"neow_cost":"NONE","seed_source_timestamp":234562185956800,"circlet_count":0,"master_deck":["Strike_B","Defend_B","Defend_B","Defend_B","Defend_B","Zap+1","Dualcast+1","Conserve Battery","Conserve Battery+1","Ball Lightning","Chill+1","Compile Driver+1","Cold Snap+1","Cold Snap+1","Electrodynamics","Self Repair","Rainbow+1","Defragment+1","Conserve Battery","Hologram+1","Cold Snap+1","Steam+1","Ball Lightning+1","Buffer+1","Thunder Strike+1","Amplify","Leap+1","Sunder+1"],"special_seed":0,"relics":["Cracked Core","NeowsBlessing","Molten Egg 2","Mummified Hand","Sozu","Dodecahedron","Bottled Flame","PreservedInsect","Nuclear Battery","Torii","Red Mask","Gambling Chip","Anchor"],"potions_floor_usage":[55],"damage_taken":[{"damage":0.0,"enemies":"Jaw Worm","floor":1.0,"turns":1.0},{"damage":0.0,"enemies":"Small Slimes","floor":2.0,"turns":1.0},{"damage":0.0,"enemies":"2 Louse","floor":3.0,"turns":1.0},{"damage":2.0,"enemies":"Blue Slaver","floor":5.0,"turns":3.0},{"damage":0.0,"enemies":"3 Louse","floor":7.0,"turns":4.0},{"damage":2.0,"enemies":"Gremlin Nob","floor":10.0,"turns":4.0},{"damage":0.0,"enemies":"2 Fungi Beasts","floor":11.0,"turns":3.0},{"damage":5.0,"enemies":"Lagavulin","floor":12.0,"turns":5.0},{"damage":3.0,"enemies":"Looter","floor":14.0,"turns":3.0},{"damage":31.0,"enemies":"Hexaghost","floor":16.0,"turns":11.0},{"damage":1.0,"enemies":"2 Thieves","floor":18.0,"turns":3.0},{"damage":0.0,"enemies":"3 Byrds","floor":20.0,"turns":3.0},{"damage":6.0,"enemies":"Centurion and Healer","floor":21.0,"turns":5.0},{"damage":23.0,"enemies":"Gremlin Leader","floor":23.0,"turns":7.0},{"damage":0.0,"enemies":"Shelled Parasite and Fungi","floor":25.0,"turns":5.0},{"damage":1.0,"enemies":"Snecko","floor":27.0,"turns":5.0},{"damage":2.0,"enemies":"Centurion and Healer","floor":29.0,"turns":7.0},{"damage":3.0,"enemies":"Sentry and Sphere","floor":31.0,"turns":4.0},{"damage":0.0,"enemies":"Automaton","floor":33.0,"turns":10.0},{"damage":1.0,"enemies":"Orb Walker","floor":35.0,"turns":3.0},{"damage":0.0,"enemies":"3 Shapes","floor":36.0,"turns":4.0},{"damage":0.0,"enemies":"Mind Bloom Boss Battle","floor":38.0,"turns":5.0},{"damage":20.0,"enemies":"Spire Growth","floor":45.0,"turns":5.0},{"damage":0.0,"enemies":"3 Darklings","floor":46.0,"turns":5.0},{"damage":0.0,"enemies":"Jaw Worm Horde","floor":47.0,"turns":3.0},{"damage":0.0,"enemies":"4 Shapes","floor":48.0,"turns":5.0},{"damage":66.0,"enemies":"Awakened One","floor":50.0,"turns":21.0},{"damage":1.0,"enemies":"Shield and Spear","floor":54.0,"turns":5.0},{"damage":75,"enemies":"The Heart","floor":55,"turns":8}],"seed_played":"-5412997685041488599","potions_obtained":[{"floor":2.0,"key":"Weak Potion"},{"floor":10.0,"key":"Ancient Potion"},{"floor":11.0,"key":"EssenceOfSteel"},{"floor":16.0,"key":"Swift Potion"}],"is_trial":false,"path_per_floor":["M","M","M","?","M","R","M","R","T","E","M","E","?","M","R","B",null,"M","$","M","M","?","E","R","M","T","M","$","M","R","M","R","B",null,"M","M","?","?","$","R","?","R","T","R","M","M","M","M","R","B",null,"R","$","E","B"],"character_chosen":"DEFECT","items_purchased":["Defragment","Conserve Battery","PreservedInsect","Steam","Amplify"],"campfire_rested":0,"item_purchase_floors":[19,19,28,28,39],"current_hp_per_floor":[75,75,75,75,73,73,73,73,73,71,71,66,66,63,63,39,75,74,74,75,75,75,59,59,66,66,72,72,75,75,75,75,75,75,75,75,75,75,75,75,75,75,75,75,62,69,69,75,75,16,75,75,75,75,0],"gold":85,"neow_bonus":"THREE_ENEMY_KILL","is_prod":false,"is_daily":false,"chose_seed":false,"campfire_upgraded":10,"win_rate":0,"timestamp":1568634269,"path_taken":["M","M","M","?","M","R","M","R","T","E","M","E","?","M","R","BOSS","M","$","M","M","?","E","R","M","T","M","$","M","R","M","R","BOSS","M","M","?","?","$","R","?","R","T","R","M","M","M","M","R","BOSS","R","$","E","BOSS"],"build_version":"2019-07-17","purchased_purges":2,"victory":false,"max_hp_per_floor":[75,75,75,75,75,75,75,75,75,75,75,75,75,75,75,75,75,75,75,75,75,75,75,75,75,75,75,75,75,75,75,75,75,75,75,75,75,75,75,75,75,75,75,75,75,75,75,75,75,75,75,75,75,75,75],"card_choices":[{"not_picked":["Go for the Eyes","Loop"],"picked":"Conserve Battery","floor":1.0},{"not_picked":["Redo","Hologram"],"picked":"Conserve Battery","floor":2.0},{"not_picked":["Turbo","Biased Cognition"],"picked":"Ball Lightning","floor":3.0},{"not_picked":["Gash","Barrage"],"picked":"Chill","floor":5.0},{"not_picked":["Chill","Hologram"],"picked":"Compile Driver","floor":7.0},{"not_picked":["Coolheaded","Streamline"],"picked":"Cold Snap","floor":10.0},{"not_picked":["Beam Cell+1","Aggregate"],"picked":"Cold Snap+1","floor":11.0},{"not_picked":["Aggregate","Hello World"],"picked":"Electrodynamics","floor":12.0},{"not_picked":["Coolheaded","Redo"],"picked":"Self Repair","floor":14.0},{"not_picked":["All For One+1","Hyperbeam+1"],"picked":"Rainbow","floor":16.0},{"not_picked":["Leap","Streamline+1"],"picked":"Sunder+1","floor":18.0},{"not_picked":["Aggregate","Redo","Barrage+1"],"picked":"SKIP","floor":20.0},{"not_picked":["Beam Cell+1","Self Repair+1","Stack+1"],"picked":"SKIP","floor":21.0},{"not_picked":["Compile Driver+1","Genetic Algorithm+1"],"picked":"Hologram","floor":23.0},{"not_picked":["Consume","Streamline+1"],"picked":"Cold Snap+1","floor":25.0},{"not_picked":["Biased Cognition","Barrage+1","Streamline+1"],"picked":"SKIP","floor":27.0},{"not_picked":["Turbo","Rip and Tear+1"],"picked":"Ball Lightning+1","floor":29.0},{"not_picked":["Compile Driver+1","Doom and Gloom+1"],"picked":"Buffer","floor":31.0},{"not_picked":["Reboot","Multi-Cast"],"picked":"Thunder Strike+1","floor":33.0},{"not_picked":["Compile Driver+1","Steam Power+1","Conserve Battery"],"picked":"SKIP","floor":35.0},{"not_picked":["Rebound+1","Stack+1","Genetic Algorithm"],"picked":"SKIP","floor":36.0},{"not_picked":["Turbo+1","Ball Lightning+1"],"picked":"Leap+1","floor":45.0},{"not_picked":["Beam Cell+1","Rip and Tear+1","Go for the Eyes+1"],"picked":"SKIP","floor":46.0},{"not_picked":["Barrage+1","Streamline+1","Steam+1"],"picked":"SKIP","floor":47.0},{"not_picked":["Sweeping Beam+1","Coolheaded"],"picked":"Sunder+1","floor":48.0},{"not_picked":["Amplify","Redo","Electrodynamics"],"picked":"SKIP","floor":54.0}],"player_experience":353360,"relics_obtained":[{"floor":10.0,"key":"Molten Egg 2"},{"floor":12.0,"key":"Mummified Hand"},{"floor":23.0,"key":"Dodecahedron"},{"floor":26.0,"key":"Bottled Flame"},{"floor":38.0,"key":"Torii"},{"floor":43.0,"key":"Gambling Chip"},{"floor":54.0,"key":"Anchor"}],"event_choices":[{"cards_removed":["Strike_B"],"damage_healed":0.0,"max_hp_gain":0.0,"max_hp_loss":0.0,"gold_gain":0.0,"event_name":"The Cleric","player_choice":"Card Removal","floor":4.0,"gold_loss":50.0,"damage_taken":0.0},{"damage_healed":0.0,"max_hp_gain":0.0,"max_hp_loss":0.0,"gold_gain":0.0,"event_name":"Liars Game","player_choice":"Ignored","floor":13.0,"gold_loss":0.0,"damage_taken":0.0},{"damage_healed":0.0,"max_hp_gain":0.0,"max_hp_loss":0.0,"gold_gain":0.0,"event_name":"Cursed Tome","player_choice":"Ignored","floor":22.0,"gold_loss":0.0,"damage_taken":0.0},{"cards_removed":["Sunder"],"damage_healed":0.0,"max_hp_gain":0.0,"max_hp_loss":0.0,"gold_gain":0.0,"event_name":"Falling","player_choice":"Removed Attack","floor":37.0,"gold_loss":0.0,"damage_taken":0.0},{"damage_healed":0.0,"max_hp_gain":0.0,"max_hp_loss":0.0,"gold_gain":0.0,"event_name":"MindBloom","player_choice":"Fight","floor":38.0,"gold_loss":0.0,"damage_taken":0.0},{"damage_healed":0.0,"max_hp_gain":0.0,"max_hp_loss":0.0,"gold_gain":0.0,"event_name":"Tomb of Lord Red Mask","player_choice":"Paid","floor":41.0,"gold_loss":37.0,"damage_taken":0.0,"relics_obtained":["Red Mask"]}],"is_beta":false,"boss_relics":[{"not_picked":["Cursed Key","Ectoplasm"],"picked":"Sozu"},{"not_picked":["Pandora\u0027s Box","Snecko Eye"],"picked":"Nuclear Battery"}],"items_purged_floors":[19,39],"is_endless":false,"potions_floor_spawned":[2,10,11,12,16,23,25,29,31,35,45,46,47],"killed_by":"The Heart","ascension_level":0}