{"gold_per_floor":[116,127,127,145,108,142,142,170,196,196,196,216,230,258,258,362,362,382,297,316,316,82,82,115,115,115,115,128,160,160,195,195,291,291,306,54,0,0,18,52,52,82,82,82,110,123,123,123,123,123,123,123,43,70,70],"floor_reached":55,"playtime":4552,"items_purged":["Strike_B","Strike_B"],"score":842,"play_id":"b0453037-1150-4489-a756-6f0013c05489","local_time":"20190724020132","is_ascension_mode":true,"campfire_choices":[{"data":"Go for the Eyes","floor":7,"key":"SMITH"},{"data":"Streamline","floor":11,"key":"SMITH"},{"data":"Defragment","floor":15,"key":"SMITH"},{"data":"Apotheosis","floor":23,"key":"SMITH"},{"data":"Self Repair","floor":25,"key":"SMITH"},{"data":"Rainbow","floor":27,"key":"SMITH"},{"data":"Coolheaded","floor":30,"key":"SMITH"},{"data":"Doom and Gloom","floor":32,"key":"SMITH"},{"data":"Hologram","floor":41,"key":"SMITH"},{"data":"Glacier","floor":44,"key":"SMITH"},{"floor":49,"key":"RECALL"},{"data":"Seek","floor":52,"key":"SMITH"}],"neow_cost":"NONE","seed_source_timestamp":51312248078828,"circlet_count":0,"master_deck":["Strike_B","Strike_B","Defend_B+1","Defend_B","Defend_B","Defend_B","Zap+1","Dualcast","Rebound","Ball Lightning","Streamline+1","Go for the Eyes+1","Cold Snap","Doom and Gloom+1","Glacier","Defragment+1","Self Repair+1","Apotheosis+1","Ball Lightning","Chill+1","Coolheaded+1","Seek+1","Hologram+1","Defragment+1","Glacier+1","Go for the Eyes+1","Buffer+1","Hologram+1"],"relics":["Cracked Core","Happy Flower","Orichalcum","Potion Belt","War Paint","Meat on the Bone","Coffee Dripper","The Courier","Regal Pillow","Kunai","Incense Burner","Symbiotic Virus","Black Star","Frozen Egg 2","Blood Vial","Boot","Bottled Tornado","Ornamental Fan","Art of War","Vajra","Pear","Anchor","StoneCalendar"],"potions_floor_usage":[24,45,45,45,55,55],"damage_taken":[{"damage":0,"enemies":"2 Louse","floor":1,"turns":3},{"damage":11,"enemies":"Jaw Worm","floor":2,"turns":3},{"damage":0,"enemies":"Small Slimes","floor":4,"turns":2},{"damage":31,"enemies":"3 Sentries","floor":6,"turns":6},{"damage":0,"enemies":"Gremlin Nob","floor":8,"turns":4},{"damage":0,"enemies":"3 Louse","floor":12,"turns":3},{"damage":6,"enemies":"Red Slaver","floor":13,"turns":3},{"damage":1,"enemies":"Lagavulin","floor":14,"turns":6},{"damage":6,"enemies":"Slime Boss","floor":16,"turns":6},{"damage":0,"enemies":"3 Byrds","floor":18,"turns":4},{"damage":5,"enemies":"Shell Parasite","floor":20,"turns":3},{"damage":14,"enemies":"Gremlin Leader","floor":24,"turns":5},{"damage":2,"enemies":"Centurion and Healer","floor":28,"turns":6},{"damage":18,"enemies":"Slavers","floor":29,"turns":5},{"damage":11,"enemies":"Book of Stabbing","floor":31,"turns":4},{"damage":35,"enemies":"Collector","floor":33,"turns":9},{"damage":4,"enemies":"3 Darklings","floor":35,"turns":5},{"damage":0,"enemies":"Orb Walker","floor":39,"turns":3},{"damage":22,"enemies":"Giant Head","floor":40,"turns":11},{"damage":42,"enemies":"Nemesis","floor":42,"turns":7},{"damage":7,"enemies":"Reptomancer","floor":45,"turns":8},{"damage":0,"enemies":"Writhing Mass","floor":46,"turns":7},{"damage":36,"enemies":"Time Eater","floor":50,"turns":16},{"damage":82,"enemies":"Shield and Spear","floor":54,"turns":11},{"damage":32,"enemies":"The Heart","floor":55,"turns":11}],"seed_played":"2548810139261193314","potions_obtained":[{"floor":2,"key":"SteroidPotion"},{"floor":6,"key":"PowerPotion"},{"floor":12,"key":"GamblersBrew"},{"floor":13,"key":"GamblersBrew"},{"floor":14,"key":"Dexterity Potion"},{"floor":16,"key":"FocusPotion"},{"floor":24,"key":"Fire Potion"},{"floor":35,"key":"Weak Potion"},{"floor":46,"key":"FocusPotion"}],"is_trial":false,"path_per_floor":["M","M","?","M","?","E","R","E","T","$","R","M","M","E","R","B",null,"M","?","M","?","$","R","E","R","T","R","M","E","R","E","R","B",null,"M","$","?","$","M","E","R","E","T","R","E","M","?","?","R","B",null,"R","$","E","B"],"character_chosen":"DEFECT","items_purchased":["Apotheosis","Ball Lightning","Frozen Egg 2","Defragment+1"],"campfire_rested":0,"item_purchase_floors":[22,22,36,36],"current_hp_per_floor":[75,64,64,64,64,33,33,33,33,33,33,33,27,26,26,32,75,75,75,70,70,70,70,66,66,66,66,74,66,66,65,65,52,75,75,75,75,75,75,63,63,45,45,45,60,72,72,72,72,60,85,85,85,25,0],"gold":70,"neow_bonus":"RANDOM_COMMON_RELIC","is_prod":false,"is_daily":false,"chose_seed":false,"campfire_upgraded":11,"win_rate":0,"timestamp":1563926492,"path_taken":["M","M","?","M","?","E","R","E","T","$","R","M","M","E","R","BOSS","M","?","M","?","$","R","E","R","T","R","M","E","R","E","R","BOSS","M","$","?","$","M","E","R","E","T","R","E","?","?","?","R","BOSS","R","$","E","BOSS"],"build_version":"2019-07-17","purchased_purges":2,"victory":false,"max_hp_per_floor":[75,75,75,75,75,75,75,75,75,75,75,75,75,75,75,75,75,75,75,75,75,75,75,75,75,75,75,75,75,75,75,75,75,75,75,75,75,75,75,75,75,75,75,75,85,85,85,85,85,85,85,85,85,85,85],"card_choices":[{"not_picked":["Static Discharge","Hologram"],"picked":"Rebound","floor":1},{"not_picked":["Compile Driver","Chill"],"picked":"Ball Lightning","floor":2},{"not_picked":["Rebound","Stack"],"picked":"Streamline","floor":4},{"not_picked":["Aggregate","Barrage"],"picked":"Go for the Eyes","floor":6},{"not_picked":["Redo","Streamline"],"picked":"Cold Snap","floor":8},{"not_picked":["Stack","Heatsinks"],"picked":"Doom and Gloom","floor":12},{"not_picked":["Darkness","Defragment"],"picked":"Glacier","floor":13},{"not_picked":["Ball Lightning","Blizzard"],"picked":"Defragment","floor":14},{"not_picked":["Multi-Cast","Creative AI"],"picked":"Rainbow","floor":16},{"not_picked":["Cold Snap","Gash","Hello World"],"picked":"SKIP","floor":18},{"not_picked":["Compile Driver","Ball Lightning"],"picked":"Self Repair","floor":20},{"not_picked":["Cold Snap+1","Chaos"],"picked":"Chill+1","floor":24},{"not_picked":["Sweeping Beam","Storm"],"picked":"Coolheaded","floor":28},{"not_picked":["Storm","Gash","Creative AI"],"picked":"SKIP","floor":29},{"not_picked":["White Noise","Fusion","Turbo"],"picked":"SKIP","floor":31},{"not_picked":["Biased Cognition","Hyperbeam"],"picked":"Seek","floor":33},{"not_picked":["Rip and Tear","Coolheaded+1"],"picked":"Hologram","floor":35},{"not_picked":["Turbo","Go for the Eyes"],"picked":"Glacier","floor":39},{"not_picked":["Redo","Glacier+1"],"picked":"Go for the Eyes+1","floor":40},{"not_picked":["Hologram+1","Beam Cell+1"],"picked":"Buffer+1","floor":42},{"not_picked":["Leap","Gash+1","Go for the Eyes+1"],"picked":"SKIP","floor":45},{"not_picked":["Compile Driver","Self Repair+1"],"picked":"Hologram+1","floor":46},{"not_picked":["Double Energy+1","Cold Snap","Ball Lightning"],"picked":"SKIP","floor":54}],"player_experience":584813,"relics_obtained":[{"floor":6,"key":"Orichalcum"},{"floor":8,"key":"Potion Belt"},{"floor":9,"key":"War Paint"},{"floor":14,"key":"Meat on the Bone"},{"floor":24,"key":"Regal Pillow"},{"floor":26,"key":"Kunai"},{"floor":29,"key":"Incense Burner"},{"floor":31,"key":"Symbiotic Virus"},{"floor":40,"key":"Boot"},{"floor":40,"key":"Bottled Tornado"},{"floor":42,"key":"Ornamental Fan"},{"floor":42,"key":"Art of War"},{"floor":45,"key":"Vajra"},{"floor":45,"key":"Pear"},{"floor":54,"key":"Anchor"},{"floor":54,"key":"StoneCalendar"}],"event_choices":[{"damage_healed":0,"gold_gain":0,"player_choice":"Ignored","damage_taken":0,"max_hp_gain":0,"max_hp_loss":0,"event_name":"Liars Game","floor":3,"gold_loss":0},{"damage_healed":0,"gold_gain":0,"player_choice":"Left Gold","damage_taken":0,"max_hp_gain":0,"max_hp_loss":0,"event_name":"World of Goop","floor":5,"gold_loss":37},{"damage_healed":0,"gold_gain":0,"player_choice":"Obtained Relic","damage_taken":0,"relics_obtained":["The Courier"],"max_hp_gain":0,"max_hp_loss":0,"event_name":"Addict","floor":19,"gold_loss":85},{"damage_healed":0,"gold_gain":0,"player_choice":"Ignored","damage_taken":0,"max_hp_gain":0,"max_hp_loss":0,"event_name":"N\u0027loth","floor":21,"gold_loss":0},{"damage_healed":0,"gold_gain":0,"player_choice":"Paid Gold","damage_taken":0,"relics_obtained":["Blood Vial"],"max_hp_gain":0,"max_hp_loss":0,"event_name":"WeMeetAgain","floor":37,"gold_loss":54},{"damage_healed":0,"gold_gain":0,"player_choice":"Memory 1","damage_taken":0,"max_hp_gain":0,"max_hp_loss":0,"event_name":"SensoryStone","floor":47,"gold_loss":0},{"cards_removed":["Rainbow"],"damage_healed":0,"gold_gain":0,"player_choice":"Removed Skill","damage_taken":0,"max_hp_gain":0,"max_hp_loss":0,"event_name":"Falling","floor":48,"gold_loss":0}],"is_beta":false,"boss_relics":[{"not_picked":["Tiny House","Fusion Hammer"],"picked":"Coffee Dripper"},{"not_picked":["Snecko Eye","Philosopher\u0027s Stone"],"picked":"Black Star"}],"items_purged_floors":[22,53],"is_endless":false,"potions_floor_spawned":[2,6,12,13,14,16,24,28,31,33,35,40,46],"killed_by":"The Heart","ascension_level":1}