{"gold_per_floor":[109,109,122,122,122,122,29,29,29,46,80,96,113,138,138,239,239,249,266,181,31,57,86,11,11,11,11,21,21,40,57,57,161,161,175,52,65,82,7,7,26,59,83,83,99,321,335,349,349,349],"floor_reached":51,"playtime":1367,"items_purged":["Strike_R","Writhe"],"score":749,"play_id":"89785faf-3b77-4380-bf72-eacc320024fd","local_time":"20190816231530","is_ascension_mode":false,"campfire_choices":[{"data":"Strike_R","floor":6,"key":"SMITH"},{"data":"Clothesline","floor":8,"key":"SMITH"},{"data":"Shrug It Off","floor":15,"key":"SMITH"},{"data":"Defend_R","floor":25,"key":"SMITH"},{"floor":27,"key":"REST"},{"data":"Defend_R","floor":32,"key":"SMITH"},{"floor":40,"key":"REST"},{"floor":44,"key":"REST"},{"floor":49,"key":"REST"}],"neow_cost":"NONE","seed_source_timestamp":50622219268503,"circlet_count":0,"master_deck":["Strike_R","Strike_R","Strike_R+1","Defend_R","Defend_R","Defend_R+1","Defend_R+1","Bash+1","Pommel Strike+1","Flame Barrier+1","Clothesline+1","Shrug It Off+1","Anger+1","Inflame+1","Twin Strike+1","Dropkick+1","Carnage+1","Reaper+1","Pummel+1","Immolate+1","Heavy Blade+1","Armaments+1","Uppercut+1","Parasite","Sword Boomerang+1","Shame","Pummel+1","Heavy Blade+1","Battle Trance+1"],"relics":["Burning Blood","Molten Egg 2","Bag of Marbles","Blood Vial","Cursed Key","Darkstone Periapt","Red Mask","Gambling Chip","Magic Flower","Runic Cube","Strawberry","Centennial Puzzle"],"potions_floor_usage":[16,33,50,50,50,50,50,50],"damage_taken":[{"damage":3,"enemies":"2 Louse","floor":1,"turns":3},{"damage":0,"enemies":"Cultist","floor":3,"turns":2},{"damage":0,"enemies":"Small Slimes","floor":10,"turns":3},{"damage":18,"enemies":"Gremlin Nob","floor":11,"turns":4},{"damage":12,"enemies":"Blue Slaver","floor":12,"turns":3},{"damage":7,"enemies":"3 Louse","floor":13,"turns":2},{"damage":51,"enemies":"Slime Boss","floor":16,"turns":10},{"damage":0,"enemies":"Chosen","floor":18,"turns":4},{"damage":4,"enemies":"2 Thieves","floor":19,"turns":3},{"damage":29,"enemies":"Masked Bandits","floor":22,"turns":4},{"damage":21,"enemies":"Book of Stabbing","floor":23,"turns":4},{"damage":1,"enemies":"Snecko","floor":28,"turns":3},{"damage":0,"enemies":"Snake Plant","floor":30,"turns":2},{"damage":11,"enemies":"Sentry and Sphere","floor":31,"turns":4},{"damage":117,"enemies":"Collector","floor":33,"turns":10},{"damage":24,"enemies":"3 Shapes","floor":35,"turns":4},{"damage":25,"enemies":"3 Darklings","floor":37,"turns":4},{"damage":31,"enemies":"4 Shapes","floor":38,"turns":3},{"damage":28,"enemies":"Writhing Mass","floor":41,"turns":4},{"damage":72,"enemies":"Reptomancer","floor":42,"turns":7},{"damage":3,"enemies":"Transient","floor":45,"turns":5},{"damage":38,"enemies":"4 Shapes","floor":47,"turns":4},{"damage":18,"enemies":"Jaw Worm Horde","floor":48,"turns":3},{"damage":103,"enemies":"Time Eater","floor":50,"turns":10}],"seed_played":"-7939732559953900468","potions_obtained":[{"floor":10,"key":"EntropicBrew"},{"floor":13,"key":"SkillPotion"},{"floor":16,"key":"Energy Potion"},{"floor":18,"key":"BloodPotion"},{"floor":30,"key":"Strength Potion"},{"floor":38,"key":"AttackPotion"}],"is_trial":false,"path_per_floor":["M","?","M","?","?","R","$","R","T","M","E","M","M","T","R","B",null,"M","M","?","$","?","E","?","R","T","R","M","?","M","M","R","B",null,"M","$","M","M","$","R","M","E","T","R","M","?","M","M","R","B",null],"character_chosen":"IRONCLAD","items_purchased":["Clothesline","Fire Potion","Dropkick+1","Heavy Blade+1","Uppercut+1"],"campfire_rested":4,"item_purchase_floors":[7,7,21,36,39],"current_hp_per_floor":[80,80,80,80,85,85,85,85,85,85,73,67,66,66,66,23,85,85,85,85,85,62,49,49,49,55,82,91,91,91,89,89,16,91,79,79,66,70,70,91,81,40,46,79,106,106,80,74,107,39],"gold":349,"neow_bonus":"UPGRADE_CARD","is_prod":false,"is_daily":false,"chose_seed":false,"campfire_upgraded":5,"win_rate":0,"timestamp":1565990130,"path_taken":["M","?","?","?","?","R","$","R","T","M","E","M","M","?","R","BOSS","M","M","?","$","?","E","?","R","T","R","M","?","M","M","R","BOSS","M","$","?","M","$","R","M","E","T","R","M","?","M","M","R","BOSS"],"build_version":"2019-07-17","purchased_purges":2,"victory":true,"max_hp_per_floor":[80,80,80,80,85,85,85,85,85,85,85,85,85,85,85,85,85,85,85,85,85,85,85,85,85,91,91,91,91,91,91,91,91,91,91,91,91,91,91,91,97,104,110,110,110,110,110,110,110,110],"card_choices":[{"not_picked":["Heavy Blade","Fire Breathing"],"picked":"Pommel Strike","floor":1},{"not_picked":["Infernal Blade","Pommel Strike"],"picked":"Flame Barrier","floor":3},{"not_picked":["Sever Soul+1","Thunderclap+1","Intimidate"],"picked":"SKIP","floor":10},{"not_picked":["Hemokinesis+1","Limit Break"],"picked":"Shrug It Off","floor":11},{"not_picked":["Clothesline+1","Body Slam+1","Thunderclap+1"],"picked":"SKIP","floor":12},{"not_picked":["Headbutt+1","Flex"],"picked":"Anger+1","floor":13},{"not_picked":["Entrench+1","Rupture"],"picked":"Inflame+1","floor":18},{"not_picked":["Blood for Blood+1","Thunderclap+1"],"picked":"Twin Strike+1","floor":19},{"not_picked":["Intimidate","Second Wind"],"picked":"Carnage+1","floor":22},{"not_picked":["Limit Break","Perfected Strike+1"],"picked":"Reaper+1","floor":23},{"not_picked":["Cleave+1","Warcry","True Grit"],"picked":"SKIP","floor":28},{"not_picked":["Second Wind","Twin Strike+1"],"picked":"Pummel+1","floor":30},{"not_picked":["Body Slam+1","Infernal Blade","Intimidate"],"picked":"SKIP","floor":31},{"not_picked":["Barricade","Juggernaut"],"picked":"Immolate+1","floor":33},{"not_picked":["Wild Strike+1","Pommel Strike+1","Thunderclap+1"],"picked":"SKIP","floor":35},{"not_picked":["Sentinel+1","Warcry","Clothesline+1"],"picked":"SKIP","floor":37},{"not_picked":["Anger+1","Dual Wield"],"picked":"Armaments+1","floor":38},{"not_picked":["Armaments","True Grit+1","Perfected Strike+1"],"picked":"SKIP","floor":41},{"not_picked":["Clothesline+1","Searing Blow+1"],"picked":"Sword Boomerang+1","floor":42},{"not_picked":["Ghostly Armor+1","Armaments"],"picked":"Pummel+1","floor":45},{"not_picked":["Rage","Infernal Blade"],"picked":"Heavy Blade+1","floor":47},{"not_picked":["Iron Wave+1","Sentinel"],"picked":"Battle Trance+1","floor":48}],"player_experience":957878,"relics_obtained":[{"floor":9,"key":"Molten Egg 2"},{"floor":11,"key":"Bag of Marbles"},{"floor":14,"key":"Blood Vial"},{"floor":22,"key":"Red Mask"},{"floor":23,"key":"Gambling Chip"},{"floor":26,"key":"Magic Flower"},{"floor":42,"key":"Strawberry"},{"floor":43,"key":"Centennial Puzzle"}],"event_choices":[{"damage_healed":0,"gold_gain":0,"player_choice":"Upgraded","damage_taken":0,"max_hp_gain":0,"max_hp_loss":0,"event_name":"Upgrade Shrine","floor":2,"gold_loss":0,"cards_upgraded":["Pommel Strike"]},{"damage_healed":0,"gold_gain":0,"player_choice":"Grow","damage_taken":0,"max_hp_gain":0,"max_hp_loss":0,"event_name":"Living Wall","floor":4,"gold_loss":0,"cards_upgraded":["Flame Barrier"]},{"damage_healed":0,"gold_gain":0,"player_choice":"Donut","damage_taken":0,"max_hp_gain":5,"max_hp_loss":0,"event_name":"Big Fish","floor":5,"gold_loss":0},{"damage_healed":0,"gold_gain":0,"player_choice":"Obtained Relic","damage_taken":0,"relics_obtained":["Darkstone Periapt"],"max_hp_gain":0,"max_hp_loss":0,"event_name":"Addict","floor":20,"gold_loss":85},{"damage_healed":0,"gold_gain":0,"player_choice":"Fought Bandits","damage_taken":0,"max_hp_gain":0,"max_hp_loss":0,"event_name":"Masked Bandits","floor":22,"gold_loss":0},{"cards_removed":["Strike_R"],"damage_healed":0,"gold_gain":0,"player_choice":"Gave Gold","damage_taken":0,"max_hp_gain":0,"max_hp_loss":0,"event_name":"Beggar","floor":24,"gold_loss":75},{"damage_healed":0,"gold_gain":0,"player_choice":"Ignored","damage_taken":0,"max_hp_gain":0,"max_hp_loss":0,"event_name":"N\u0027loth","floor":29,"gold_loss":0},{"damage_healed":0,"gold_gain":222,"player_choice":"Wore Mask","damage_taken":0,"max_hp_gain":0,"max_hp_loss":0,"event_name":"Tomb of Lord Red Mask","floor":46,"gold_loss":0}],"is_beta":false,"boss_relics":[{"not_picked":["Busted Crown","Philosopher\u0027s Stone"],"picked":"Cursed Key"},{"not_picked":["Astrolabe","Runic Dome"],"picked":"Runic Cube"}],"items_purged_floors":[21,36],"is_endless":false,"potions_floor_spawned":[10,13,16,18,19,28,30,38,41,42,47],"ascension_level":0}