{"gold_per_floor":[11,86,86,106,31,31,60,60,137,137,157,257,327,344,344,344],"floor_reached":16,"playtime":669,"items_purged":["Strike_B"],"score":157,"play_id":"f4978075-1545-4235-8b59-8d6ce6b07035","local_time":"20180816235713","is_ascension_mode":true,"campfire_choices":[{"data":"Sunder","floor":6,"key":"SMITH"},{"floor":8,"key":"REST"},{"data":"Creative AI","floor":10,"key":"SMITH"},{"floor":15,"key":"REST"}],"neow_cost":"NO_GOLD","seed_source_timestamp":124322114432552,"circlet_count":0,"master_deck":["Strike_B","Defend_B","Defend_B","Defend_B","Defend_B","Zap","Dualcast","AscendersBane","Redo","Creative AI+1","Turbo","Sunder+1","Core Surge"],"relics":["Cracked Core","Darkstone Periapt","Torii","Bottled Tornado"],"potions_floor_usage":[],"damage_taken":[{"damage":4,"enemies":"Small Slimes","floor":1,"turns":3},{"damage":2,"enemies":"2 Louse","floor":4,"turns":3},{"damage":40,"enemies":"3 Sentries","floor":7,"turns":10},{"damage":1,"enemies":"Cultist","floor":11,"turns":4},{"damage":8,"enemies":"3 Louse","floor":14,"turns":4},{"damage":44,"enemies":"Slime Boss","floor":16,"turns":7}],"seed_played":"3329487336893413832","potions_obtained":[{"floor":14,"key":"SteroidPotion"}],"is_trial":false,"path_per_floor":["M","?","?","M","$","R","E","R","T","R","M","?","?","M","R"],"character_chosen":"DEFECT","items_purchased":[],"campfire_rested":2,"item_purchase_floors":[],"current_hp_per_floor":[64,53,46,44,44,44,4,26,26,26,25,25,25,17,39,0],"gold":344,"neow_bonus":"TRANSFORM_TWO_CARDS","is_prod":false,"is_daily":false,"chose_seed":false,"campfire_upgraded":2,"win_rate":0,"timestamp":1534431433,"path_taken":["M","?","?","?","$","R","E","R","T","R","M","?","?","M","R","BOSS"],"build_version":"2018-08-09","purchased_purges":1,"victory":false,"max_hp_per_floor":[75,75,75,75,75,75,75,75,75,75,75,75,75,75,75,75],"card_choices":[{"not_picked":["Ball Lightning","Defragment"],"picked":"Turbo","floor":1},{"not_picked":["Ball Lightning","Streamline"],"picked":"Sunder","floor":4},{"not_picked":["Reprogram","Hologram","Cold Snap"],"picked":"SKIP","floor":7},{"not_picked":["Beam Cell","Coolheaded","Reprogram"],"picked":"SKIP","floor":11},{"not_picked":["Compile Driver","Redo"],"picked":"Core Surge","floor":14}],"player_experience":232336,"relics_obtained":[{"floor":7,"key":"Torii"},{"floor":9,"key":"Bottled Tornado"}],"event_choices":[{"event_name":"World of Goop","player_choice":"Gather Gold","floor":2,"damage_taken":0},{"event_name":"Scrap Ooze","player_choice":"success","floor":3,"damage_taken":7},{"event_name":"Golden Shrine","player_choice":"Pray","floor":12,"damage_taken":0},{"event_name":"Golden Wing","player_choice":"Gained Gold","floor":13,"damage_taken":0}],"is_beta":false,"boss_relics":[],"items_purged_floors":[5],"is_endless":false,"potions_floor_spawned":[14],"killed_by":"Slime Boss","ascension_level":12}