{"gold_per_floor":[116,131,131,206,222,222,242,274,274,67,80,80,30,59,59,156,156,169,94,5,5,5,5,18,18,18,18,37,37,37,57,57,160,160,179,26,26,126,141,171,201,201,201,201,254,279,360,394,394,394],"floor_reached":51,"playtime":2120,"items_purged":["Strike_R"],"score":892,"play_id":"b86b321f-add7-45d4-8bde-222fc9e44aa2","local_time":"20190423113644","is_ascension_mode":false,"campfire_choices":[{"data":"Bash","floor":6,"key":"SMITH"},{"data":"Demon Form","floor":15,"key":"SMITH"},{"data":"Whirlwind","floor":23,"key":"SMITH"},{"data":"Discovery","floor":25,"key":"SMITH"},{"data":"Sword Boomerang","floor":30,"key":"SMITH"},{"data":"Flex","floor":32,"key":"SMITH"},{"data":"Demon Form","floor":44,"key":"SMITH"},{"floor":49,"key":"REST"}],"neow_cost":"TEN_PERCENT_HP_LOSS","seed_source_timestamp":14608477603100,"circlet_count":0,"master_deck":["Strike_R+1","Defend_R","Defend_R","Defend_R","Bash+1","Sword Boomerang+1","Evolve","Flex+1","Demon Form+1","Discovery+1","Shrug It Off+1","Thunderclap","Impervious","Whirlwind+1","Finesse","Necronomicurse","Impervious","Feed","Shrug It Off+1","Demon Form+1"],"relics":["Burning Blood","Bottled Tornado","Singing Bowl","Blue Candle","Sozu","Necronomicon","Pear","Snecko Eye","WingedGreaves","Bag of Preparation","Lantern","Molten Egg 2","FossilizedHelix","Mummified Hand","Shuriken","Pen Nib"],"potions_floor_usage":[8],"damage_taken":[{"damage":6,"enemies":"2 Louse","floor":1,"turns":3},{"damage":5,"enemies":"Small Slimes","floor":2,"turns":3},{"damage":1,"enemies":"Cultist","floor":5,"turns":3},{"damage":4,"enemies":"Blue Slaver","floor":7,"turns":4},{"damage":24,"enemies":"Gremlin Nob","floor":8,"turns":4},{"damage":2,"enemies":"2 Fungi Beasts","floor":11,"turns":2},{"damage":17,"enemies":"3 Sentries","floor":14,"turns":7},{"damage":25,"enemies":"Slime Boss","floor":16,"turns":5},{"damage":1,"enemies":"Shell Parasite","floor":18,"turns":3},{"damage":5,"enemies":"3 Byrds","floor":24,"turns":3},{"damage":8,"enemies":"Shelled Parasite and Fungi","floor":28,"turns":4},{"damage":9,"enemies":"Snake Plant","floor":31,"turns":4},{"damage":16,"enemies":"Automaton","floor":33,"turns":5},{"damage":0,"enemies":"Orb Walker","floor":35,"turns":4},{"damage":0,"enemies":"Mind Bloom Boss Battle","floor":38,"turns":3},{"damage":0,"enemies":"3 Shapes","floor":39,"turns":4},{"damage":13,"enemies":"Reptomancer","floor":40,"turns":6},{"damage":2,"enemies":"Nemesis","floor":41,"turns":3},{"damage":50,"enemies":"2 Orb Walkers","floor":45,"turns":5},{"damage":0,"enemies":"Giant Head","floor":46,"turns":5},{"damage":0,"enemies":"Reptomancer","floor":48,"turns":4},{"damage":19,"enemies":"Donu and Deca","floor":50,"turns":4}],"seed_played":"-2414848777201159292","potions_obtained":[{"floor":1,"key":"Strength Potion"},{"floor":14,"key":"Ancient Potion"}],"is_trial":false,"path_per_floor":["M","M","?","?","M","R","M","E","T","$","M","?","?","E","R","B",null,"M","?","$","?","?","R","M","R","T","$","M","$","R","M","R","B",null,"M","$","?","?","M","E","E","?","T","R","?","E","T","E","R","B",null],"character_chosen":"IRONCLAD","items_purchased":["Discovery","Shrug It Off","Finesse","Demon Form"],"campfire_rested":1,"item_purchase_floors":[10,10,20,36],"current_hp_per_floor":[72,72,72,65,70,70,72,54,54,54,58,44,44,35,35,16,74,74,74,74,58,58,58,61,61,71,71,71,71,71,70,70,60,90,93,93,89,97,103,101,107,104,104,104,62,73,73,84,116,103],"gold":394,"neow_bonus":"REMOVE_TWO","is_prod":false,"is_daily":false,"chose_seed":false,"campfire_upgraded":7,"win_rate":0,"timestamp":1556008604,"path_taken":["M","M","?","?","M","R","M","E","T","$","?","?","?","E","R","BOSS","M","?","$","?","?","R","M","R","T","$","?","?","R","M","R","BOSS","M","$","?","?","M","E","E","?","T","R","?","E","?","E","R","BOSS"],"build_version":"2019-01-23","purchased_purges":1,"victory":true,"max_hp_per_floor":[72,72,72,72,72,72,72,72,72,72,72,72,72,74,74,74,74,74,74,74,74,74,74,76,76,86,86,88,88,88,90,90,90,90,93,93,99,101,103,108,110,104,104,104,106,111,111,116,116,116],"card_choices":[{"not_picked":["Burning Pact","Wild Strike","Sword Boomerang"],"picked":"SKIP","floor":1},{"not_picked":["Heavy Blade","Corruption"],"picked":"Sword Boomerang","floor":2},{"not_picked":["Body Slam","Cleave"],"picked":"Flex","floor":5},{"not_picked":["Perfected Strike","Heavy Blade"],"picked":"Flex","floor":7},{"not_picked":["Anger","Second Wind"],"picked":"Demon Form","floor":8},{"not_picked":["Perfected Strike","Heavy Blade"],"picked":"Thunderclap","floor":11},{"not_picked":["Sword Boomerang","Iron Wave","Power Through"],"picked":"Singing Bowl","floor":14},{"not_picked":["Offering","Berserk"],"picked":"Impervious","floor":16},{"not_picked":["Pommel Strike+1","Armaments"],"picked":"Whirlwind","floor":18},{"not_picked":["True Grit","Wild Strike","Cleave+1"],"picked":"Singing Bowl","floor":24},{"not_picked":["Armaments","Cleave","Dropkick"],"picked":"Singing Bowl","floor":28},{"not_picked":["Thunderclap","True Grit","Shrug It Off"],"picked":"Singing Bowl","floor":31},{"not_picked":["Demon Form","Brutality"],"picked":"Feed","floor":33},{"not_picked":["Battle Trance","True Grit+1"],"picked":"Shrug It Off+1","floor":35},{"not_picked":["Forethought","Jack Of All Trades","Panacea"],"picked":"Singing Bowl","floor":37},{"not_picked":["Deep Breath","Secret Technique","Trip"],"picked":"Singing Bowl","floor":37},{"not_picked":["Dark Shackles","Mind Blast","Swift Strike"],"picked":"Singing Bowl","floor":37},{"not_picked":["Iron Wave+1","Headbutt+1","Whirlwind"],"picked":"Singing Bowl","floor":38},{"not_picked":["Hemokinesis+1","Blood for Blood","Perfected Strike"],"picked":"Singing Bowl","floor":39},{"not_picked":["Evolve","Sword Boomerang","Metallicize"],"picked":"Singing Bowl","floor":40},{"not_picked":["Havoc+1","Rampage","Infernal Blade"],"picked":"Singing Bowl","floor":41},{"not_picked":["Sword Boomerang+1","Feed+1","Headbutt+1"],"picked":"Singing Bowl","floor":45},{"not_picked":["Havoc","Cleave+1","Twin Strike+1"],"picked":"Singing Bowl","floor":46},{"not_picked":["Perfected Strike+1","Iron Wave+1","Rampage+1"],"picked":"Singing Bowl","floor":48}],"player_experience":1220359,"relics_obtained":[{"floor":8,"key":"Bottled Tornado"},{"floor":9,"key":"Singing Bowl"},{"floor":14,"key":"Blue Candle"},{"floor":21,"key":"Necronomicon"},{"floor":26,"key":"Pear"},{"floor":38,"key":"WingedGreaves"},{"floor":40,"key":"Bag of Preparation"},{"floor":41,"key":"Lantern"},{"floor":43,"key":"Molten Egg 2"},{"floor":45,"key":"FossilizedHelix"},{"floor":46,"key":"Mummified Hand"},{"floor":47,"key":"Shuriken"},{"floor":48,"key":"Pen Nib"}],"event_choices":[{"damage_healed":0,"gold_gain":0,"cards_transformed":["Strike_R"],"player_choice":"Change","damage_taken":0,"max_hp_gain":0,"max_hp_loss":0,"event_name":"Living Wall","floor":3,"gold_loss":0,"cards_obtained":["Evolve"]},{"damage_healed":0,"gold_gain":75,"player_choice":"Touch","damage_taken":7,"max_hp_gain":0,"max_hp_loss":0,"event_name":"FaceTrader","floor":4,"gold_loss":0},{"damage_healed":0,"gold_gain":0,"player_choice":"Entered Light","damage_taken":14,"max_hp_gain":0,"max_hp_loss":0,"event_name":"Shining Light","floor":12,"gold_loss":0,"cards_upgraded":["Shrug It Off","Strike_R"]},{"cards_removed":["Strike_R"],"damage_healed":0,"gold_gain":0,"player_choice":"Card Removal","damage_taken":0,"max_hp_gain":0,"max_hp_loss":0,"event_name":"The Cleric","floor":13,"gold_loss":50},{"cards_removed":["Flex"],"damage_healed":0,"gold_gain":0,"player_choice":"Gave Gold","damage_taken":0,"max_hp_gain":0,"max_hp_loss":0,"event_name":"Beggar","floor":19,"gold_loss":75},{"damage_healed":0,"gold_gain":0,"player_choice":"Obtained Book","damage_taken":16,"max_hp_gain":0,"max_hp_loss":0,"event_name":"Cursed Tome","floor":21,"gold_loss":0},{"damage_healed":0,"gold_gain":0,"player_choice":"Copied","damage_taken":0,"max_hp_gain":0,"max_hp_loss":0,"event_name":"Duplicator","floor":22,"gold_loss":0,"cards_obtained":["Impervious"]},{"damage_healed":0,"gold_gain":0,"player_choice":"Memory 3","damage_taken":10,"max_hp_gain":0,"max_hp_loss":0,"event_name":"SensoryStone","floor":37,"gold_loss":0},{"damage_healed":0,"gold_gain":0,"player_choice":"Fight","damage_taken":0,"max_hp_gain":0,"max_hp_loss":0,"event_name":"MindBloom","floor":38,"gold_loss":0},{"damage_healed":0,"gold_gain":0,"player_choice":"Max HP","damage_taken":0,"max_hp_gain":0,"max_hp_loss":6,"event_name":"Winding Halls","floor":42,"gold_loss":0},{"damage_healed":0,"gold_gain":0,"player_choice":"Fight","damage_taken":0,"max_hp_gain":0,"max_hp_loss":0,"event_name":"Mysterious Sphere","floor":45,"gold_loss":0}],"is_beta":false,"boss_relics":[{"not_picked":["Velvet Choker","Busted Crown"],"picked":"Sozu"},{"not_picked":["Black Star","White Beast Statue"],"picked":"Snecko Eye"}],"items_purged_floors":[10],"is_endless":false,"potions_floor_spawned":[1,14,31,33,35,39,40,45],"ascension_level":0}