{"gold_per_floor":[114,264,284,24,35,35,60,60,60,78,78,109,31,41,41,116,116,130,30,30,30,45,45,45,63,108,108,140,140,158,193,193,270,270,288,288,288,288,302,302,322,350,350,53,68,68,97,111,111,111],"floor_reached":50,"playtime":2523,"items_purged":["Doubt","Strike_G","Underhanded Strike"],"score":1146,"play_id":"9ec45600-b990-41ab-8e0f-b353e08e3595","local_time":"20190416121135","is_ascension_mode":true,"campfire_choices":[{"data":"Catalyst","floor":6.0,"key":"SMITH"},{"data":"Wraith Form v2","floor":8.0,"key":"SMITH"},{"data":"Neutralize","floor":11.0,"key":"SMITH"},{"data":"Bouncing Flask","floor":15.0,"key":"SMITH"},{"data":"Corpse Explosion","floor":23.0,"key":"SMITH"},{"data":"Crippling Poison","floor":27.0,"key":"SMITH"},{"data":"Deadly Poison","floor":29.0,"key":"SMITH"},{"data":"PiercingWail","floor":32.0,"key":"SMITH"},{"data":"Night Terror","floor":40.0,"key":"SMITH"},{"floor":46.0,"key":"RECALL"},{"data":"After Image","floor":49.0,"key":"SMITH"}],"neow_cost":"NONE","seed_source_timestamp":708286060171800,"circlet_count":0,"master_deck":["AscendersBane","Defend_G","Defend_G","Defend_G","Defend_G","Defend_G","Strike_G","Strike_G","Strike_G","Strike_G","Survivor","Neutralize+1","Dagger Throw","Deadly Poison+1","Backflip","Sucker Punch","Catalyst+1","Wraith Form v2+1","Deflect","Calculated Gamble","Bouncing Flask+1","Crippling Poison+1","Corpse Explosion+1","Dodge and Roll","Ghostly","Ghostly","Ghostly","PiercingWail+1","Night Terror+1","Deep Breath","Noxious Fumes","After Image+1"],"special_seed":0,"relics":["Ring of the Snake","Anchor","Molten Egg 2","Pear","Blood Vial","Eternal Feather","Strawberry","Ice Cream","Bronze Scales","Coffee Dripper","Unceasing Top","Ancient Tea Set","Ninja Scroll"],"potions_floor_usage":[],"damage_taken":[{"damage":1.0,"enemies":"Cultist","floor":1.0,"turns":5.0},{"damage":7.0,"enemies":"Small Slimes","floor":3.0,"turns":5.0},{"damage":0.0,"enemies":"Jaw Worm","floor":5.0,"turns":4.0},{"damage":8.0,"enemies":"Gremlin Nob","floor":7.0,"turns":3.0},{"damage":0.0,"enemies":"Blue Slaver","floor":10.0,"turns":2.0},{"damage":13.0,"enemies":"3 Sentries","floor":12.0,"turns":9.0},{"damage":2.0,"enemies":"Exordium Thugs","floor":14.0,"turns":6.0},{"damage":13.0,"enemies":"Hexaghost","floor":16.0,"turns":7.0},{"damage":32.0,"enemies":"3 Byrds","floor":18.0,"turns":4.0},{"damage":0.0,"enemies":"Spheric Guardian","floor":22.0,"turns":2.0},{"damage":2.0,"enemies":"Shelled Parasite and Fungi","floor":25.0,"turns":6.0},{"damage":1.0,"enemies":"Slavers","floor":28.0,"turns":5.0},{"damage":0.0,"enemies":"Snecko","floor":30.0,"turns":5.0},{"damage":2.0,"enemies":"Gremlin Leader","floor":31.0,"turns":10.0},{"damage":40.0,"enemies":"Collector","floor":33.0,"turns":11.0},{"damage":2.0,"enemies":"3 Shapes","floor":35.0,"turns":5.0},{"damage":0.0,"enemies":"3 Darklings","floor":39.0,"turns":5.0},{"damage":3.0,"enemies":"4 Shapes","floor":41.0,"turns":7.0},{"damage":10.0,"enemies":"Giant Head","floor":42.0,"turns":8.0},{"damage":0.0,"enemies":"Spire Growth","floor":45.0,"turns":6.0},{"damage":2.0,"enemies":"Nemesis","floor":47.0,"turns":9.0},{"damage":29.0,"enemies":"Writhing Mass","floor":48.0,"turns":5.0},{"damage":49,"enemies":"Awakened One","floor":50,"turns":8}],"seed_played":"7892578325445085180","potions_obtained":[{"floor":3.0,"key":"AttackPotion"},{"floor":7.0,"key":"Regen Potion"},{"floor":16.0,"key":"SpeedPotion"},{"floor":25.0,"key":"Dexterity Potion"},{"floor":33.0,"key":"Regen Potion"},{"floor":41.0,"key":"GhostInAJar"}],"is_trial":false,"path_per_floor":["M","?","M","$","M","R","E","R","T","M","R","E","$","M","R","B",null,"M","$","?","?","M","R","?","M","T","R","E","R","M","E","R","B",null,"M","?","?","?","M","R","M","E","T","$","M","R","E","M","R","B"],"character_chosen":"THE_SILENT","items_purchased":["Deadly Poison","Backflip","Poison Potion","Sucker Punch","Bouncing Flask","Ancient Tea Set"],"campfire_rested":0,"item_purchase_floors":[4,4,4,4,13,44],"current_hp_per_floor":[58,58,51,51,51,51,43,43,53,53,53,55,55,55,55,44,68,38,38,16,16,18,33,27,27,34,47,46,47,47,45,47,7,37,37,37,27,24,40,47,44,36,36,36,38,47,45,18,36,0],"gold":111,"neow_bonus":"RANDOM_COMMON_RELIC","is_prod":false,"is_daily":false,"chose_seed":false,"campfire_upgraded":10,"win_rate":0,"timestamp":1555405895,"path_taken":["M","?","M","$","M","R","E","R","T","M","R","E","$","M","R","BOSS","M","$","?","?","M","R","?","M","T","R","E","R","?","E","R","BOSS","M","?","?","?","M","R","?","E","T","?","M","R","E","M","R","BOSS"],"build_version":"2019-01-23","purchased_purges":3,"victory":false,"max_hp_per_floor":[66,66,66,66,66,66,66,66,76,76,76,76,76,76,76,76,76,76,76,81,40,40,40,40,40,47,47,47,47,47,47,47,47,47,47,47,47,47,47,47,47,47,47,47,47,47,47,47,47,47],"card_choices":[{"not_picked":["Blade Dance","Expertise"],"picked":"Underhanded Strike","floor":1.0},{"not_picked":["Prepared","Escape Plan"],"picked":"Dagger Throw","floor":3.0},{"not_picked":["Corpse Explosion","Escape Plan"],"picked":"Catalyst","floor":5.0},{"not_picked":["Outmaneuver","Prepared"],"picked":"Wraith Form v2","floor":7.0},{"not_picked":["Riddle With Holes+1","Bane+1"],"picked":"Deflect","floor":10.0},{"not_picked":["Choke+1","Dagger Throw+1"],"picked":"Calculated Gamble","floor":12.0},{"not_picked":["Reflex","Expertise"],"picked":"Crippling Poison","floor":14.0},{"not_picked":["Die Die Die+1","After Image"],"picked":"Corpse Explosion","floor":16.0},{"not_picked":["Deadly Poison","Flying Knee+1"],"picked":"Dodge and Roll","floor":18.0},{"not_picked":["Sucker Punch+1","Bane+1","Dodge and Roll"],"picked":"SKIP","floor":22.0},{"not_picked":["Setup+1","Masterful Stab+1","Eviscerate+1"],"picked":"SKIP","floor":25.0},{"not_picked":["Dagger Spray+1","Crippling Poison+1"],"picked":"PiercingWail","floor":28.0},{"not_picked":["Slice+1","Dagger Spray+1","Dodge and Roll"],"picked":"SKIP","floor":30.0},{"not_picked":["Acrobatics+1","Quick Slash+1","Blur"],"picked":"SKIP","floor":31.0},{"not_picked":["After Image","Tools of the Trade"],"picked":"Night Terror","floor":33.0},{"not_picked":["PiercingWail","Poisoned Stab+1","Infinite Blades"],"picked":"SKIP","floor":35.0},{"not_picked":["Swift Strike+1","Blind"],"picked":"Deep Breath","floor":37.0},{"not_picked":["Sucker Punch+1","Quick Slash+1"],"picked":"Noxious Fumes","floor":39.0},{"not_picked":["Dagger Throw+1","Prepared+1","Masterful Stab+1"],"picked":"SKIP","floor":41.0},{"not_picked":["Finisher+1","Sucker Punch+1"],"picked":"After Image","floor":42.0},{"not_picked":["Eviscerate+1","Deadly Poison+1","Blade Dance"],"picked":"SKIP","floor":45.0},{"not_picked":["Infinite Blades","Prepared","Poisoned Stab+1"],"picked":"SKIP","floor":47.0},{"not_picked":["PiercingWail","Blur","Deadly Poison"],"picked":"SKIP","floor":48.0}],"player_experience":1173875,"relics_obtained":[{"floor":7.0,"key":"Molten Egg 2"},{"floor":9.0,"key":"Pear"},{"floor":12.0,"key":"Blood Vial"},{"floor":26.0,"key":"Strawberry"},{"floor":28.0,"key":"Ice Cream"},{"floor":31.0,"key":"Bronze Scales"},{"floor":42.0,"key":"Unceasing Top"},{"floor":47.0,"key":"Ninja Scroll"}],"event_choices":[{"damage_healed":0.0,"max_hp_gain":0.0,"max_hp_loss":0.0,"gold_gain":150.0,"event_name":"Liars Game","player_choice":"AGREE","floor":2.0,"gold_loss":0.0,"damage_taken":0.0,"cards_obtained":["Doubt"]},{"damage_healed":0.0,"max_hp_gain":5.0,"max_hp_loss":0.0,"gold_gain":0.0,"event_name":"Forgotten Altar","player_choice":"Shed Blood","floor":20.0,"gold_loss":0.0,"damage_taken":27.0},{"damage_healed":0.0,"max_hp_gain":0.0,"max_hp_loss":41.0,"gold_gain":0.0,"event_name":"Ghosts","player_choice":"Became a Ghost","floor":21.0,"gold_loss":0.0,"damage_taken":0.0,"cards_obtained":["Ghostly","Ghostly","Ghostly"]},{"damage_healed":0.0,"max_hp_gain":0.0,"max_hp_loss":0.0,"gold_gain":0.0,"event_name":"Knowing Skull","player_choice":"","floor":24.0,"potions_obtained":[],"gold_loss":0.0,"damage_taken":6.0,"cards_obtained":[]},{"damage_healed":0.0,"max_hp_gain":0.0,"max_hp_loss":0.0,"gold_gain":0.0,"event_name":"Mysterious Sphere","player_choice":"Ignored","floor":36.0,"gold_loss":0.0,"damage_taken":0.0},{"damage_healed":0.0,"max_hp_gain":0.0,"max_hp_loss":0.0,"gold_gain":0.0,"event_name":"SensoryStone","player_choice":"Memory 3","floor":37.0,"gold_loss":0.0,"damage_taken":10.0},{"damage_healed":0.0,"max_hp_gain":0.0,"max_hp_loss":0.0,"gold_gain":0.0,"event_name":"The Woman in Blue","player_choice":"Bought 0 Potions","floor":38.0,"gold_loss":0.0,"damage_taken":0.0}],"is_beta":false,"boss_relics":[{"not_picked":["Empty Cage","WristBlade"],"picked":"Eternal Feather"},{"not_picked":["Lizard Tail","HoveringKite"],"picked":"Coffee Dripper"}],"items_purged_floors":[4,19,44],"is_endless":false,"potions_floor_spawned":[3,7,10,16,25,28,33,35,41,42],"killed_by":"Awakened One","ascension_level":20}