{"gold_per_floor":[113,63,63,24,39,39,49,49,123,123,48,48,82,95,95,194,194,210,309,321,333,333,333,362,362,362,262,289,305,180,209,209,311,311,322,335,352,627,404,404,417,417,417,427,437,450,470,488,488,488],"floor_reached":51,"playtime":2120,"items_purged":["Regret","Clumsy","Strike_G","Strike_G"],"score":789,"play_id":"3a0da9fc-3983-4b63-95d7-c261d16c673f","local_time":"20190420182636","is_ascension_mode":false,"campfire_choices":[{"data":"Crippling Poison","floor":6,"key":"SMITH"},{"data":"Deadly Poison","floor":8,"key":"SMITH"},{"data":"Dash","floor":10,"key":"SMITH"},{"data":"Neutralize","floor":12,"key":"SMITH"},{"data":"Night Terror","floor":15,"key":"SMITH"},{"data":"Bullet Time","floor":23,"key":"SMITH"},{"floor":32,"key":"DIG"},{"floor":40,"key":"DIG"},{"floor":49,"key":"REST"}],"neow_cost":"CURSE","seed_source_timestamp":1076957355206199,"circlet_count":0,"master_deck":["Defend_G","Defend_G","Defend_G","Defend_G+1","Defend_G+1","Strike_G","Strike_G","Strike_G","Survivor","Neutralize+1","Dash+1","Crippling Poison+1","Deadly Poison+1","Night Terror+1","Backflip","Bullet Time+1","Backflip","Bouncing Flask+1","Footwork","Poisoned Stab+1","Adrenaline","PiercingWail","Outmaneuver","Noxious Fumes","Bullet Time+1","Escape Plan"],"relics":["Ring of the Snake","Ginger","Happy Flower","Bottled Lightning","Gremlin Horn","Cursed Key","PreservedInsect","Paper Crane","Omamori","Red Mask","Shovel","War Paint","Runic Pyramid","Tough Bandages","Frozen Egg 2"],"potions_floor_usage":[16,24,28,31,33,33,33,33,50,50,50],"damage_taken":[{"damage":0,"enemies":"2 Louse","floor":1,"turns":3},{"damage":5,"enemies":"Small Slimes","floor":5,"turns":4},{"damage":6,"enemies":"Jaw Worm","floor":7,"turns":3},{"damage":0,"enemies":"Gremlin Nob","floor":13,"turns":4},{"damage":0,"enemies":"2 Fungi Beasts","floor":14,"turns":3},{"damage":44,"enemies":"Slime Boss","floor":16,"turns":11},{"damage":6,"enemies":"Shell Parasite","floor":18,"turns":4},{"damage":1,"enemies":"Chosen","floor":20,"turns":3},{"damage":0,"enemies":"3 Cultists","floor":21,"turns":4},{"damage":0,"enemies":"Book of Stabbing","floor":24,"turns":4},{"damage":10,"enemies":"Masked Bandits","floor":28,"turns":4},{"damage":16,"enemies":"Shelled Parasite and Fungi","floor":29,"turns":4},{"damage":0,"enemies":"Slavers","floor":31,"turns":2},{"damage":9,"enemies":"Champ","floor":33,"turns":10},{"damage":0,"enemies":"Orb Walker","floor":35,"turns":3},{"damage":0,"enemies":"3 Shapes","floor":36,"turns":3},{"damage":5,"enemies":"Maw","floor":37,"turns":7},{"damage":0,"enemies":"Writhing Mass","floor":41,"turns":5},{"damage":3,"enemies":"Spire Growth","floor":44,"turns":5},{"damage":3,"enemies":"Maw","floor":45,"turns":6},{"damage":2,"enemies":"3 Darklings","floor":46,"turns":5},{"damage":0,"enemies":"Jaw Worm Horde","floor":47,"turns":4},{"damage":19,"enemies":"Spire Growth","floor":48,"turns":5},{"damage":12,"enemies":"Awakened One","floor":50,"turns":12}],"seed_played":"3082162631954727405","potions_obtained":[{"floor":1,"key":"Explosive Potion"},{"floor":14,"key":"Regen Potion"},{"floor":20,"key":"Regen Potion"},{"floor":21,"key":"Strength Potion"},{"floor":24,"key":"Strength Potion"},{"floor":28,"key":"AttackPotion"},{"floor":31,"key":"EntropicBrew"},{"floor":35,"key":"Energy Potion"},{"floor":46,"key":"PowerPotion"}],"is_trial":false,"path_per_floor":["M","?","?","$","M","R","M","R","T","R","$","R","E","M","R","B",null,"M","?","M","M","?","R","E","?","T","$","?","M","$","E","R","B",null,"M","M","M","?","$","R","M","?","T","M","M","M","M","M","R","B",null],"character_chosen":"THE_SILENT","items_purchased":["Crippling Poison","Noxious Fumes"],"campfire_rested":1,"item_purchase_floors":[4,39],"current_hp_per_floor":[70,70,70,70,65,65,59,59,59,59,59,59,59,59,59,15,70,64,64,63,63,63,63,70,70,70,70,60,44,44,44,44,70,70,70,70,65,65,65,65,65,65,65,62,59,57,57,38,59,47],"gold":488,"neow_bonus":"ONE_RARE_RELIC","is_prod":false,"is_daily":false,"chose_seed":false,"campfire_upgraded":6,"win_rate":0,"timestamp":1555773996,"path_taken":["M","?","?","$","M","R","M","R","T","R","$","R","E","M","R","BOSS","M","?","M","M","?","R","E","?","T","?","?","M","?","E","R","BOSS","M","M","M","?","$","R","?","?","T","M","?","M","M","M","R","BOSS"],"build_version":"2019-01-23","purchased_purges":4,"victory":true,"max_hp_per_floor":[70,70,70,70,70,70,70,70,70,70,70,70,70,70,70,70,70,70,70,70,70,70,70,70,70,70,70,70,70,70,70,70,70,70,70,70,70,70,70,70,70,70,70,70,70,70,70,70,70,70],"card_choices":[{"not_picked":["Outmaneuver","All Out Attack"],"picked":"Dash","floor":1},{"not_picked":["Dagger Spray","Slice","Flying Knee"],"picked":"SKIP","floor":5},{"not_picked":["Slice","Poisoned Stab"],"picked":"Deadly Poison","floor":7},{"not_picked":["Prepared","Flechettes"],"picked":"Night Terror","floor":13},{"not_picked":["Bane","PiercingWail"],"picked":"Backflip","floor":14},{"not_picked":["A Thousand Cuts","Tools of the Trade"],"picked":"Bullet Time","floor":16},{"not_picked":["Dagger Spray","Quick Slash","Prepared"],"picked":"SKIP","floor":18},{"not_picked":["Glass Knife","Acrobatics"],"picked":"Backflip","floor":20},{"not_picked":["Infinite Blades","Dodge and Roll"],"picked":"Bouncing Flask+1","floor":21},{"not_picked":["Dagger Spray","Bane","Backflip"],"picked":"SKIP","floor":24},{"not_picked":["Expertise","PiercingWail"],"picked":"Poisoned Stab+1","floor":28},{"not_picked":["Poisoned Stab","Reflex","Underhanded Strike"],"picked":"SKIP","floor":29},{"not_picked":["Blade Dance","Expertise","Masterful Stab+1"],"picked":"SKIP","floor":31},{"not_picked":["Malaise","Grand Finale"],"picked":"Adrenaline","floor":33},{"not_picked":["Tactician+1","Quick Slash"],"picked":"PiercingWail","floor":35},{"not_picked":["Infinite Blades","Backflip+1"],"picked":"Outmaneuver","floor":36},{"not_picked":["Underhanded Strike+1","Terror+1","Backflip"],"picked":"SKIP","floor":37},{"not_picked":["Cloak And Dagger","Tactician","Backflip+1"],"picked":"SKIP","floor":41},{"not_picked":["Dodge and Roll","Flying Knee+1","Noxious Fumes+1"],"picked":"SKIP","floor":44},{"not_picked":["Dash","Dagger Throw+1","Finisher"],"picked":"SKIP","floor":45},{"not_picked":["Sucker Punch","Dodge and Roll+1","Caltrops+1"],"picked":"SKIP","floor":46},{"not_picked":["Flying Knee+1","Dodge and Roll+1"],"picked":"Escape Plan","floor":47},{"not_picked":["Storm of Steel","Reflex+1","Sucker Punch"],"picked":"SKIP","floor":48}],"player_experience":1204916,"relics_obtained":[{"floor":9,"key":"Bottled Lightning"},{"floor":13,"key":"Gremlin Horn"},{"floor":24,"key":"Paper Crane"},{"floor":26,"key":"Omamori"},{"floor":28,"key":"Red Mask"},{"floor":31,"key":"Shovel"},{"floor":32,"key":"War Paint"},{"floor":40,"key":"Tough Bandages"},{"floor":43,"key":"Frozen Egg 2"}],"event_choices":[{"cards_removed":["Regret"],"damage_healed":0,"gold_gain":0,"player_choice":"Card Removal","damage_taken":0,"max_hp_gain":0,"max_hp_loss":0,"event_name":"The Cleric","floor":2,"gold_loss":50},{"damage_healed":0,"gold_gain":0,"player_choice":"Box","damage_taken":0,"relics_obtained":["Happy Flower"],"max_hp_gain":0,"max_hp_loss":0,"event_name":"Big Fish","floor":3,"gold_loss":0,"cards_obtained":["Regret"]},{"damage_healed":0,"gold_gain":99,"player_choice":"Stole From Cult","damage_taken":0,"max_hp_gain":0,"max_hp_loss":0,"event_name":"Nest","floor":19,"gold_loss":0},{"damage_healed":0,"gold_gain":0,"player_choice":"Opened","damage_taken":0,"relics_obtained":["PreservedInsect"],"max_hp_gain":0,"max_hp_loss":0,"event_name":"The Mausoleum","floor":22,"gold_loss":0},{"damage_healed":0,"gold_gain":0,"player_choice":"Read","damage_taken":0,"max_hp_gain":0,"max_hp_loss":0,"event_name":"The Library","floor":25,"gold_loss":0,"cards_obtained":["Footwork"]},{"damage_healed":0,"gold_gain":0,"player_choice":"Fought Bandits","damage_taken":0,"max_hp_gain":0,"max_hp_loss":0,"event_name":"Masked Bandits","floor":28,"gold_loss":0},{"damage_healed":0,"gold_gain":275,"player_choice":"Desecrate","damage_taken":0,"max_hp_gain":0,"max_hp_loss":0,"event_name":"Golden Shrine","floor":38,"gold_loss":0,"cards_obtained":["Regret"]},{"damage_healed":0,"gold_gain":0,"player_choice":"Copied","damage_taken":0,"max_hp_gain":0,"max_hp_loss":0,"event_name":"Duplicator","floor":42,"gold_loss":0,"cards_obtained":["Bullet Time"]}],"is_beta":false,"boss_relics":[{"not_picked":["Calling Bell","WristBlade"],"picked":"Cursed Key"},{"not_picked":["Empty Cage","Runic Dome"],"picked":"Runic Pyramid"}],"items_purged_floors":[11,27,30,39],"is_endless":false,"potions_floor_spawned":[1,14,20,21,24,28,31,35,41,46,47,48],"ascension_level":0}