{"gold_per_floor":[119,134,146,146,157,157,174,188,211,235,247,278,305,317,329,420,432,461,451,463,488,519,531,556,568,580,592,604,121,171,184,184,259,259,279,329,349,11,30,30,41,41,120,120,135,145,45,76,76,76],"floor_reached":50,"playtime":2703,"items_purged":["Strike_B","Strike_B"],"score":1019,"play_id":"c1ff6415-fbae-4cea-bbbe-53b69eef6033","local_time":"20190929132743","is_ascension_mode":true,"campfire_choices":[{"data":"Defragment","floor":6.0,"key":"SMITH"},{"data":"Echo Form","floor":15.0,"key":"SMITH"},{"floor":23.0,"key":"REST"},{"floor":25.0,"key":"REST"},{"floor":28.0,"key":"REST"},{"floor":32.0,"key":"REST"},{"floor":40.0,"key":"REST"},{"floor":42.0,"key":"REST"},{"floor":44.0,"key":"REST"},{"floor":49.0,"key":"REST"}],"neow_cost":"NONE","seed_source_timestamp":588454752822000,"circlet_count":0,"master_deck":["AscendersBane","Strike_B","Defend_B","Defend_B","Defend_B","Defend_B","Zap","Dualcast","Sweeping Beam","Coolheaded","Defragment+1","Defragment","Echo Form+1","Ball Lightning","FTL","Leap","Cold Snap","Buffer","Turbo","Conserve Battery","Ghostly","Ghostly","Ghostly","Steam","Auto Shields","Steam","Chill","Ball Lightning","Steam","Cold Snap+1","Electrodynamics","Compile Driver+1","Force Field+1","Conserve Battery+1","Buffer"],"special_seed":0,"relics":["Cracked Core","NeowsBlessing","MawBank","Sozu","Pen Nib","Runic Capacitor","Velvet Choker","Calipers","Pear"],"potions_floor_usage":[],"damage_taken":[{"damage":0.0,"enemies":"Jaw Worm","floor":1.0,"turns":1.0},{"damage":0.0,"enemies":"Cultist","floor":2.0,"turns":1.0},{"damage":0.0,"enemies":"Small Slimes","floor":3.0,"turns":1.0},{"damage":8.0,"enemies":"Exordium Thugs","floor":5.0,"turns":4.0},{"damage":9.0,"enemies":"3 Louse","floor":7.0,"turns":3.0},{"damage":11.0,"enemies":"Blue Slaver","floor":8.0,"turns":5.0},{"damage":14.0,"enemies":"Gremlin Gang","floor":10.0,"turns":4.0},{"damage":12.0,"enemies":"Looter","floor":12.0,"turns":3.0},{"damage":2.0,"enemies":"Large Slime","floor":13.0,"turns":7.0},{"damage":19.0,"enemies":"Slime Boss","floor":16.0,"turns":7.0},{"damage":17.0,"enemies":"3 Byrds","floor":18.0,"turns":5.0},{"damage":15.0,"enemies":"2 Thieves","floor":19.0,"turns":4.0},{"damage":17.0,"enemies":"Snake Plant","floor":21.0,"turns":5.0},{"damage":16.0,"enemies":"Centurion and Healer","floor":22.0,"turns":8.0},{"damage":3.0,"enemies":"3 Cultists","floor":24.0,"turns":7.0},{"damage":0.0,"enemies":"Colosseum Slavers","floor":27.0,"turns":6.0},{"damage":19.0,"enemies":"Snake Plant","floor":31.0,"turns":6.0},{"damage":5.0,"enemies":"Champ","floor":33.0,"turns":18.0},{"damage":11.0,"enemies":"3 Shapes","floor":35.0,"turns":3.0},{"damage":0.0,"enemies":"Orb Walker","floor":37.0,"turns":4.0},{"damage":0.0,"enemies":"4 Shapes","floor":39.0,"turns":5.0},{"damage":17.0,"enemies":"Sphere and 2 Shapes","floor":41.0,"turns":7.0},{"damage":0.0,"enemies":"Maw","floor":45.0,"turns":11.0},{"damage":16.0,"enemies":"Jaw Worm Horde","floor":46.0,"turns":5.0},{"damage":0.0,"enemies":"Reptomancer","floor":48.0,"turns":7.0},{"damage":51,"enemies":"Awakened One","floor":50,"turns":5}],"seed_played":"-8927978747085929483","potions_obtained":[{"floor":3.0,"key":"FocusPotion"},{"floor":5.0,"key":"Poison Potion"}],"is_trial":false,"path_per_floor":["M","M","M","?","M","R","M","M","T","M","$","M","M","?","R","B",null,"M","M","?","M","M","R","M","R","T","?","R","$","?","M","R","B",null,"M","?","M","$","M","R","M","R","T","R","M","M","$","E","R","B"],"character_chosen":"DEFECT","items_purchased":["Runic Capacitor","Chill","Ball Lightning","Steam","Calipers"],"campfire_rested":8,"item_purchase_floors":[29,29,29,29,38],"current_hp_per_floor":[64,64,64,64,56,56,47,36,36,22,22,10,8,71,71,52,66,49,34,34,17,1,11,8,18,18,18,28,28,28,9,19,14,30,19,19,19,19,19,29,12,22,22,32,32,16,16,26,39,0],"gold":76,"neow_bonus":"THREE_ENEMY_KILL","is_prod":false,"is_daily":false,"chose_seed":false,"campfire_upgraded":2,"win_rate":0,"timestamp":1569731263,"path_taken":["M","M","M","?","?","R","M","?","T","M","$","M","M","?","R","BOSS","M","M","?","M","M","R","M","R","T","?","R","$","?","M","R","BOSS","M","?","M","$","M","R","?","R","T","R","?","M","$","E","R","BOSS"],"build_version":"2019-07-17","purchased_purges":2,"victory":false,"max_hp_per_floor":[71,71,71,71,71,71,71,71,71,71,71,71,71,71,71,71,71,71,71,35,35,35,35,35,35,35,35,35,35,35,35,35,35,35,35,35,35,35,35,35,35,35,35,35,35,35,35,45,45,45],"card_choices":[{"not_picked":["Reprogram","Coolheaded"],"picked":"Sweeping Beam","floor":1.0},{"not_picked":["Reprogram","Rebound"],"picked":"Coolheaded","floor":2.0},{"not_picked":["Rebound","Compile Driver"],"picked":"Defragment","floor":3.0},{"not_picked":["Cold Snap","Storm"],"picked":"Echo Form","floor":5.0},{"not_picked":["Fusion","Steam Power"],"picked":"Ball Lightning","floor":7.0},{"not_picked":["Genetic Algorithm","Sweeping Beam"],"picked":"FTL","floor":8.0},{"not_picked":["Consume","Streamline","Reprogram"],"picked":"SKIP","floor":10.0},{"not_picked":["Stack","Go for the Eyes"],"picked":"Leap","floor":12.0},{"not_picked":["Heatsinks","Turbo"],"picked":"Cold Snap","floor":13.0},{"not_picked":["Echo Form","Reboot"],"picked":"Buffer","floor":16.0},{"not_picked":["Compile Driver","Go for the Eyes"],"picked":"Turbo","floor":18.0},{"not_picked":["Rebound","Turbo"],"picked":"Conserve Battery","floor":19.0},{"not_picked":["Sweeping Beam","Heatsinks+1"],"picked":"Steam","floor":21.0},{"not_picked":["Defragment","Scrape"],"picked":"Auto Shields","floor":22.0},{"not_picked":["All For One","Doom and Gloom"],"picked":"Steam","floor":24.0},{"not_picked":["Doom and Gloom","Conserve Battery"],"picked":"Cold Snap+1","floor":31.0},{"not_picked":["Machine Learning","Amplify"],"picked":"Electrodynamics","floor":33.0},{"not_picked":["Capacitor","Steam Power","Beam Cell"],"picked":"SKIP","floor":35.0},{"not_picked":["Barrage","Hologram+1"],"picked":"Compile Driver+1","floor":37.0},{"not_picked":["Steam","Darkness"],"picked":"Force Field+1","floor":39.0},{"not_picked":["Undo","Turbo"],"picked":"Conserve Battery+1","floor":41.0},{"not_picked":["Barrage","Leap","Hologram"],"picked":"SKIP","floor":45.0},{"not_picked":["Go for the Eyes","Cold Snap+1","Sweeping Beam+1"],"picked":"SKIP","floor":46.0},{"not_picked":["Compile Driver+1","Self Repair"],"picked":"Buffer","floor":48.0}],"player_experience":523737,"relics_obtained":[{"floor":9.0,"key":"MawBank"},{"floor":26.0,"key":"Pen Nib"},{"floor":48.0,"key":"Pear"}],"event_choices":[{"damage_healed":0.0,"max_hp_gain":0.0,"max_hp_loss":0.0,"gold_gain":0.0,"cards_transformed":["Strike_B"],"event_name":"Transmorgrifier","player_choice":"Transformed","floor":4.0,"gold_loss":0.0,"damage_taken":0.0,"cards_obtained":["Defragment"]},{"damage_healed":63.0,"max_hp_gain":0.0,"max_hp_loss":0.0,"gold_gain":0.0,"event_name":"Wheel of Change","player_choice":"Full Heal","floor":14.0,"gold_loss":0.0,"damage_taken":0.0},{"damage_healed":0.0,"max_hp_gain":0.0,"max_hp_loss":36.0,"gold_gain":0.0,"event_name":"Ghosts","player_choice":"Became a Ghost","floor":20.0,"gold_loss":0.0,"damage_taken":0.0,"cards_obtained":["Ghostly","Ghostly","Ghostly"]},{"damage_healed":0.0,"max_hp_gain":0.0,"max_hp_loss":0.0,"gold_gain":0.0,"event_name":"Colosseum","player_choice":"Fight","floor":27.0,"gold_loss":0.0,"damage_taken":0.0},{"damage_healed":0.0,"max_hp_gain":0.0,"max_hp_loss":0.0,"gold_gain":0.0,"event_name":"Colosseum","player_choice":"Fled From Nobs","floor":27.0,"gold_loss":0.0,"damage_taken":0.0},{"damage_healed":0.0,"max_hp_gain":0.0,"max_hp_loss":0.0,"gold_gain":50.0,"event_name":"Nest","player_choice":"Stole From Cult","floor":30.0,"gold_loss":0.0,"damage_taken":0.0},{"damage_healed":0.0,"max_hp_gain":0.0,"max_hp_loss":0.0,"gold_gain":50.0,"event_name":"Golden Shrine","player_choice":"Pray","floor":36.0,"gold_loss":0.0,"damage_taken":0.0}],"is_beta":false,"boss_relics":[{"not_picked":["Cursed Key","Philosopher\u0027s Stone"],"picked":"Sozu"},{"not_picked":["Inserter","Fusion Hammer"],"picked":"Velvet Choker"}],"items_purged_floors":[29,47],"is_endless":false,"potions_floor_spawned":[3,5,12,13,16,18,19,27,35,41,46],"killed_by":"Awakened One","ascension_level":19}