{"gold_per_floor":[119,44,58,74,20,53,53,73,73,73,91,115,140,140,140,212,212,222,272,35,35,7,7,39,55,82,74,103,126,188,210,222,234],"floor_reached":33,"playtime":2301,"items_purged":["Strike_R"],"score":575,"play_id":"e1ad8956-abbe-4a85-85f5-9cefe68cd536","local_time":"20190408204620","is_ascension_mode":true,"campfire_choices":[{"data":"Perfected Strike","floor":7.0,"key":"SMITH"},{"data":"Bash","floor":10.0,"key":"SMITH"},{"data":"Perfected Strike","floor":15.0,"key":"SMITH"},{"data":"Shockwave","floor":23.0,"key":"SMITH"},{"data":"True Grit","floor":32.0,"key":"SMITH"}],"neow_cost":"NONE","seed_source_timestamp":48155509471100,"circlet_count":0,"master_deck":["AscendersBane","Strike_R","Strike_R","Strike_R","Defend_R","Defend_R","Defend_R","Defend_R","Bash+1","Shrug It Off","Pommel Strike","Perfected Strike+1","Pommel Strike","Thunderclap","Perfected Strike+1","Battle Trance","Feed","Flame Barrier","Shockwave+1","Panacea","Writhe","True Grit+1","Disarm","Flame Barrier"],"special_seed":0,"relics":["Burning Blood","Smiling Mask","Strawberry","Art of War","Odd Mushroom","Kunai","Coffee Dripper","Bag of Preparation","Bronze Scales","MawBank"],"potions_floor_usage":[33,33],"damage_taken":[{"damage":9.0,"enemies":"Jaw Worm","floor":1.0,"turns":5.0},{"damage":6.0,"enemies":"Small Slimes","floor":3.0,"turns":5.0},{"damage":4.0,"enemies":"2 Louse","floor":4.0,"turns":4.0},{"damage":8.0,"enemies":"Gremlin Nob","floor":6.0,"turns":3.0},{"damage":3.0,"enemies":"Looter","floor":8.0,"turns":2.0},{"damage":18.0,"enemies":"Lots of Slimes","floor":11.0,"turns":4.0},{"damage":13.0,"enemies":"The Mushroom Lair","floor":12.0,"turns":3.0},{"damage":22.0,"enemies":"Lagavulin","floor":13.0,"turns":6.0},{"damage":25.0,"enemies":"Slime Boss","floor":16.0,"turns":9.0},{"damage":3.0,"enemies":"2 Thieves","floor":18.0,"turns":2.0},{"damage":30.0,"enemies":"Slavers","floor":24.0,"turns":4.0},{"damage":11.0,"enemies":"Shell Parasite","floor":25.0,"turns":4.0},{"damage":10.0,"enemies":"Centurion and Healer","floor":28.0,"turns":7.0},{"damage":18.0,"enemies":"Snake Plant","floor":29.0,"turns":4.0},{"damage":2.0,"enemies":"3 Cultists","floor":31.0,"turns":5.0},{"damage":83,"enemies":"Collector","floor":33,"turns":33}],"seed_played":"-8396375971359402285","potions_obtained":[{"floor":6.0,"key":"SteroidPotion"},{"floor":8.0,"key":"Energy Potion"},{"floor":12.0,"key":"Strength Potion"},{"floor":16.0,"key":"Energy Potion"},{"floor":24.0,"key":"PowerPotion"},{"floor":27.0,"key":"Fire Potion"},{"floor":31.0,"key":"Regen Potion"}],"is_trial":false,"path_per_floor":["M","?","M","M","$","E","R","M","T","R","M","?","E","?","R","B",null,"M","?","$","?","$","R","E","M","T","?","M","M","?","M","R","B"],"character_chosen":"IRONCLAD","items_purchased":["Poison Potion","Shockwave","Panacea","True Grit"],"campfire_rested":0,"item_purchase_floors":[5,20,20,22],"current_hp_per_floor":[65,65,65,67,67,72,72,75,75,75,63,56,40,67,67,48,74,80,80,80,80,80,80,59,54,54,54,53,44,44,51,51,0],"gold":234,"neow_bonus":"RANDOM_COMMON_RELIC","is_prod":false,"is_daily":false,"chose_seed":false,"campfire_upgraded":5,"win_rate":0,"timestamp":1554745580,"path_taken":["M","?","M","M","$","E","R","M","T","R","M","?","E","?","R","BOSS","M","?","$","?","$","R","E","M","T","?","?","M","?","M","R","BOSS"],"build_version":"2019-01-23","purchased_purges":1,"victory":false,"max_hp_per_floor":[75,75,75,75,75,82,82,82,82,82,82,82,82,82,82,82,82,85,85,85,85,85,85,88,88,88,88,91,94,94,97,97,97],"card_choices":[{"not_picked":["Wild Strike","Blood for Blood"],"picked":"Shrug It Off","floor":1.0},{"not_picked":["Rage","Warcry"],"picked":"Pommel Strike","floor":3.0},{"not_picked":["Warcry","Havoc"],"picked":"Perfected Strike","floor":4.0},{"not_picked":["Sword Boomerang","Headbutt"],"picked":"Pommel Strike","floor":6.0},{"not_picked":["Body Slam","Cleave"],"picked":"Thunderclap","floor":8.0},{"not_picked":["Flex","Inflame"],"picked":"Perfected Strike","floor":11.0},{"not_picked":["Combust","Anger"],"picked":"Battle Trance","floor":13.0},{"not_picked":["Reaper","Brutality"],"picked":"Feed","floor":16.0},{"not_picked":["Perfected Strike","Inflame+1"],"picked":"Flame Barrier","floor":18.0},{"not_picked":["Warcry","Intimidate"],"picked":"Disarm","floor":24.0},{"not_picked":["Twin Strike","True Grit","Wild Strike"],"picked":"SKIP","floor":25.0},{"not_picked":["Wild Strike","True Grit","Armaments"],"picked":"SKIP","floor":28.0},{"not_picked":["Wild Strike+1","Thunderclap"],"picked":"Flame Barrier","floor":29.0},{"not_picked":["Sever Soul","Headbutt","Second Wind"],"picked":"SKIP","floor":31.0}],"player_experience":1134534,"relics_obtained":[{"floor":6.0,"key":"Strawberry"},{"floor":9.0,"key":"Art of War"},{"floor":12.0,"key":"Odd Mushroom"},{"floor":13.0,"key":"Kunai"},{"floor":24.0,"key":"Bronze Scales"},{"floor":26.0,"key":"MawBank"}],"event_choices":[{"cards_removed":["Strike_R"],"damage_healed":0.0,"max_hp_gain":0.0,"max_hp_loss":0.0,"gold_gain":0.0,"event_name":"The Cleric","player_choice":"Card Removal","floor":2.0,"gold_loss":75.0,"damage_taken":0.0},{"damage_healed":0.0,"max_hp_gain":0.0,"max_hp_loss":0.0,"gold_gain":0.0,"event_name":"Mushrooms","player_choice":"Fought Mushrooms","floor":12.0,"gold_loss":0.0,"damage_taken":0.0},{"damage_healed":27.0,"max_hp_gain":0.0,"max_hp_loss":0.0,"gold_gain":0.0,"event_name":"Big Fish","player_choice":"Banana","floor":14.0,"gold_loss":0.0,"damage_taken":0.0},{"damage_healed":0.0,"max_hp_gain":0.0,"max_hp_loss":0.0,"gold_gain":50.0,"event_name":"Nest","player_choice":"Stole From Cult","floor":19.0,"gold_loss":0.0,"damage_taken":0.0},{"damage_healed":0.0,"max_hp_gain":0.0,"max_hp_loss":0.0,"gold_gain":0.0,"event_name":"The Mausoleum","player_choice":"Opened","floor":21.0,"gold_loss":0.0,"damage_taken":0.0,"relics_obtained":["Bag of Preparation"],"cards_obtained":["Writhe"]},{"damage_healed":0.0,"max_hp_gain":0.0,"max_hp_loss":0.0,"gold_gain":0.0,"event_name":"The Woman in Blue","player_choice":"Bought 1 Potion","floor":27.0,"gold_loss":0.0,"damage_taken":0.0},{"damage_healed":0.0,"max_hp_gain":0.0,"max_hp_loss":0.0,"gold_gain":50.0,"event_name":"Golden Shrine","player_choice":"Pray","floor":30.0,"gold_loss":0.0,"damage_taken":0.0}],"is_beta":false,"boss_relics":[{"not_picked":["Runic Cube","Tiny House"],"picked":"Coffee Dripper"}],"items_purged_floors":[20],"is_endless":false,"potions_floor_spawned":[6,8,12,16,24,29,31],"killed_by":"Collector","ascension_level":20}