{"gold_per_floor":[115,115,115,141,152,152,185,204,229,255,272,272,272,291,291,366,366,378,378,38,49,63,63],"floor_reached":23,"playtime":1576,"items_purged":[],"score":402,"play_id":"a97d78dc-7afd-4ad9-89b4-dc8fb926719c","local_time":"20190318174857","is_ascension_mode":true,"campfire_choices":[{"data":"Flex","floor":6,"key":"SMITH"},{"data":"Whirlwind","floor":13,"key":"SMITH"},{"data":"Havoc","floor":15,"key":"SMITH"}],"neow_cost":"NONE","seed_source_timestamp":25043345945300,"circlet_count":0,"master_deck":["AscendersBane","Strike_R","Strike_R","Strike_R","Defend_R","Defend_R","Defend_R+1","Defend_R","Bash","Battle Trance+1","Flex+1","Sword Boomerang","Whirlwind+1","Uppercut","Havoc+1","Thunderclap","Feed","Headbutt","Dark Embrace","Havoc","Panacea","Shrug It Off","Corruption"],"relics":["Burning Blood","Oddly Smooth Stone","Blue Candle","Art of War","War Paint","Coffee Dripper"],"potions_floor_usage":[7,7,10,16],"damage_taken":[{"damage":7,"enemies":"Jaw Worm","floor":1,"turns":6},{"damage":2,"enemies":"Small Slimes","floor":5,"turns":7},{"damage":8,"enemies":"Gremlin Nob","floor":7,"turns":3},{"damage":1,"enemies":"2 Louse","floor":8,"turns":3},{"damage":14,"enemies":"Lagavulin","floor":10,"turns":4},{"damage":21,"enemies":"Exordium Thugs","floor":11,"turns":6},{"damage":10,"enemies":"Large Slime","floor":14,"turns":4},{"damage":29,"enemies":"Slime Boss","floor":16,"turns":8},{"damage":0,"enemies":"3 Byrds","floor":18,"turns":4},{"damage":18,"enemies":"Chosen","floor":21,"turns":4},{"damage":21,"enemies":"Shelled Parasite and Fungi","floor":22,"turns":3},{"damage":57,"enemies":"Book of Stabbing","floor":23,"turns":4}],"seed_played":"3981483685770168591","potions_obtained":[{"floor":0,"key":"Fire Potion"},{"floor":0,"key":"SkillPotion"},{"floor":5,"key":"Strength Potion"},{"floor":7,"key":"AttackPotion"},{"floor":12,"key":"Energy Potion"},{"floor":12,"key":"Regen Potion"},{"floor":21,"key":"SpeedPotion"}],"is_trial":false,"path_per_floor":["M","?","?","T","M","R","E","M","T","E","M","?","R","M","R","B",null,"M","?","$","M","M","E"],"character_chosen":"IRONCLAD","items_purchased":["Dark Embrace","Havoc","Panacea","Shrug It Off"],"campfire_rested":0,"item_purchase_floors":[20,20,20,20],"current_hp_per_floor":[67,60,65,65,69,69,67,72,72,64,49,49,49,45,45,37,69,78,78,78,69,57,0],"gold":63,"neow_bonus":"THREE_SMALL_POTIONS","is_prod":false,"is_daily":false,"chose_seed":false,"campfire_upgraded":3,"win_rate":0,"timestamp":1552920537,"path_taken":["M","?","?","?","M","R","E","M","T","E","M","?","R","?","R","BOSS","M","?","?","?","?","E"],"build_version":"2019-01-23","purchased_purges":0,"victory":false,"max_hp_per_floor":[75,75,80,80,80,80,80,80,80,80,80,80,80,80,80,80,80,83,83,83,86,89,89],"card_choices":[{"not_picked":["Blood for Blood","Hemokinesis"],"picked":"Battle Trance","floor":1},{"not_picked":["Armaments","Heavy Blade"],"picked":"Flex","floor":5},{"not_picked":["Flex","Entrench"],"picked":"Sword Boomerang","floor":7},{"not_picked":["True Grit","Body Slam"],"picked":"Whirlwind","floor":8},{"not_picked":["Armaments","Thunderclap"],"picked":"Uppercut","floor":10},{"not_picked":["Perfected Strike","Havoc","Cleave"],"picked":"SKIP","floor":11},{"not_picked":["Perfected Strike","Havoc","Cleave"],"picked":"SKIP","floor":11},{"not_picked":["Perfected Strike","Havoc","Cleave"],"picked":"SKIP","floor":11},{"not_picked":["Perfected Strike","Cleave"],"picked":"Havoc","floor":11},{"not_picked":["Havoc","Rampage"],"picked":"Thunderclap","floor":14},{"not_picked":["Immolate","Berserk"],"picked":"Feed","floor":16},{"not_picked":["True Grit","Anger"],"picked":"Headbutt","floor":18},{"not_picked":["Evolve","Inflame"],"picked":"Corruption","floor":21},{"not_picked":["Fire Breathing","Clash","Power Through"],"picked":"SKIP","floor":22}],"player_experience":931529,"relics_obtained":[{"floor":4,"key":"Oddly Smooth Stone"},{"floor":7,"key":"Blue Candle"},{"floor":9,"key":"Art of War"},{"floor":10,"key":"War Paint"}],"event_choices":[{"cards_removed":["Strike_R"],"damage_healed":0,"gold_gain":0,"player_choice":"Card Removal","damage_taken":7,"max_hp_gain":0,"max_hp_loss":0,"event_name":"Golden Wing","floor":2,"gold_loss":0},{"damage_healed":0,"gold_gain":0,"player_choice":"Donut","damage_taken":0,"max_hp_gain":5,"max_hp_loss":0,"event_name":"Big Fish","floor":3,"gold_loss":0},{"damage_healed":0,"gold_gain":0,"player_choice":"Got Potions","damage_taken":0,"max_hp_gain":0,"max_hp_loss":0,"event_name":"Lab","floor":12,"gold_loss":0},{"cards_removed":["Strike_R"],"damage_healed":0,"gold_gain":0,"player_choice":"Card Removal","damage_taken":0,"max_hp_gain":0,"max_hp_loss":0,"event_name":"Wheel of Change","floor":19,"gold_loss":0}],"is_beta":false,"boss_relics":[{"not_picked":["Tiny House","Black Star"],"picked":"Coffee Dripper"}],"items_purged_floors":[],"is_endless":false,"potions_floor_spawned":[1,5,7,14,21],"killed_by":"Book of Stabbing","ascension_level":20}