{"gold_per_floor":[110,130,147,147,147,147,181,181,249,280,299,312,312,326,326,398,398,409,409,425,425,444,444,444],"floor_reached":24,"playtime":1106,"items_purged":[],"score":395,"play_id":"0aeed201-9e40-4c70-bb93-38b5ac7b5584","local_time":"20190814095257","is_ascension_mode":true,"campfire_choices":[{"data":"Sucker Punch","floor":6,"key":"SMITH"},{"floor":8,"key":"REST"},{"floor":13,"key":"REST"},{"data":"Noxious Fumes","floor":15,"key":"SMITH"},{"floor":23,"key":"REST"}],"neow_cost":"NONE","seed_source_timestamp":1572778218536,"circlet_count":0,"master_deck":["AscendersBane","Strike_G","Strike_G","Strike_G","Strike_G","Strike_G","Defend_G","Defend_G","Defend_G","Defend_G","Defend_G","Survivor","Neutralize","Sucker Punch+1","Deadly Poison+1","Quick Slash+1","Skewer","Noxious Fumes+1","PiercingWail","Footwork","Blade Dance","Deadly Poison","Escape Plan","Corpse Explosion","Dagger Spray","Predator"],"relics":["Ring of the Snake","Dream Catcher","Sundial","Lantern","Runic Pyramid"],"potions_floor_usage":[11,12,16,22,24],"damage_taken":[{"damage":1,"enemies":"Small Slimes","floor":1,"turns":4},{"damage":8,"enemies":"Jaw Worm","floor":2,"turns":4},{"damage":1,"enemies":"Cultist","floor":3,"turns":4},{"damage":38,"enemies":"Lagavulin","floor":7,"turns":8},{"damage":27,"enemies":"Gremlin Nob","floor":10,"turns":4},{"damage":4,"enemies":"Blue Slaver","floor":11,"turns":4},{"damage":3,"enemies":"Exordium Wildlife","floor":12,"turns":3},{"damage":6,"enemies":"Looter","floor":14,"turns":3},{"damage":16,"enemies":"Hexaghost","floor":16,"turns":8},{"damage":0,"enemies":"3 Byrds","floor":18,"turns":2},{"damage":20,"enemies":"Shell Parasite","floor":20,"turns":5},{"damage":16,"enemies":"Sentry and Sphere","floor":22,"turns":5},{"damage":42,"enemies":"Book of Stabbing","floor":24,"turns":5}],"seed_played":"8436084976703844020","potions_obtained":[{"floor":3,"key":"Explosive Potion"},{"floor":7,"key":"Swift Potion"},{"floor":11,"key":"Ancient Potion"},{"floor":12,"key":"PowerPotion"},{"floor":14,"key":"Regen Potion"},{"floor":20,"key":"AttackPotion"},{"floor":22,"key":"Weak Potion"}],"is_trial":false,"path_per_floor":["M","M","M","?","?","R","E","R","T","E","M","M","R","M","R","B",null,"M","?","M","?","M","R","E"],"character_chosen":"THE_SILENT","items_purchased":[],"campfire_rested":3,"item_purchase_floors":[],"current_hp_per_floor":[64,56,55,55,55,55,17,38,38,11,7,4,25,19,19,18,59,59,39,19,34,18,41,0],"gold":444,"neow_bonus":"TEN_PERCENT_HP_BONUS","is_prod":false,"is_daily":false,"chose_seed":false,"campfire_upgraded":2,"win_rate":0,"timestamp":1565769177,"path_taken":["M","M","M","?","?","R","E","R","T","E","M","?","R","M","R","BOSS","M","?","M","?","M","R","E"],"build_version":"2019-07-17","purchased_purges":0,"victory":false,"max_hp_per_floor":[72,72,72,72,72,72,72,72,72,72,72,72,72,72,72,72,72,72,77,77,77,77,77,77],"card_choices":[{"not_picked":["All Out Attack","Flying Knee"],"picked":"Sucker Punch","floor":1},{"not_picked":["Expertise","Sucker Punch"],"picked":"Deadly Poison","floor":2},{"not_picked":["Leg Sweep","Deflect"],"picked":"Quick Slash","floor":3},{"not_picked":["Tactician","Reflex"],"picked":"Skewer","floor":7},{"not_picked":["Sucker Punch","Reflex"],"picked":"Noxious Fumes","floor":8},{"not_picked":["All Out Attack","Sucker Punch"],"picked":"PiercingWail","floor":10},{"not_picked":["Blade Dance","All Out Attack"],"picked":"Footwork","floor":11},{"not_picked":["Bane","Prepared"],"picked":"Blade Dance","floor":12},{"not_picked":["Night Terror","Cloak And Dagger"],"picked":"Deadly Poison","floor":13},{"not_picked":["Slice","Outmaneuver"],"picked":"Escape Plan","floor":14},{"not_picked":["Doppelganger","Burst"],"picked":"Corpse Explosion","floor":16},{"not_picked":["Terror+1","Flying Knee+1"],"picked":"Dagger Spray","floor":18},{"not_picked":["Dagger Spray","Blade Dance","Sucker Punch"],"picked":"SKIP","floor":20},{"not_picked":["Deflect","Poisoned Stab"],"picked":"Predator","floor":22}],"player_experience":882323,"relics_obtained":[{"floor":7,"key":"Dream Catcher"},{"floor":9,"key":"Sundial"},{"floor":10,"key":"Lantern"}],"event_choices":[{"damage_healed":0,"gold_gain":0,"player_choice":"Grow","damage_taken":0,"max_hp_gain":0,"max_hp_loss":0,"event_name":"Living Wall","floor":4,"gold_loss":0,"cards_upgraded":["Deadly Poison"]},{"damage_healed":0,"gold_gain":0,"player_choice":"Upgraded","damage_taken":0,"max_hp_gain":0,"max_hp_loss":0,"event_name":"Upgrade Shrine","floor":5,"gold_loss":0,"cards_upgraded":["Quick Slash"]},{"damage_healed":0,"gold_gain":0,"player_choice":"Shed Blood","damage_taken":25,"max_hp_gain":5,"max_hp_loss":0,"event_name":"Forgotten Altar","floor":19,"gold_loss":0},{"damage_healed":15,"gold_gain":0,"player_choice":"Heal","damage_taken":0,"max_hp_gain":0,"max_hp_loss":0,"event_name":"The Library","floor":21,"gold_loss":0}],"is_beta":false,"boss_relics":[{"not_picked":["Astrolabe","WristBlade"],"picked":"Runic Pyramid"}],"items_purged_floors":[],"is_endless":false,"potions_floor_spawned":[3,7,11,12,14,20,22],"killed_by":"Book of Stabbing","ascension_level":18}