{"gold_per_floor":[109,121,196,208,223,223,249,267,337,337,364,239,256,267,267,267],"floor_reached":16,"playtime":979,"items_purged":["Strike_B"],"score":94,"play_id":"68e0c90a-0d21-4099-a32e-8f58719a82e7","local_time":"20180623213610","is_ascension_mode":false,"campfire_choices":[{"data":"Zap","floor":6,"key":"SMITH"},{"floor":15,"key":"REST"}],"neow_cost":"NONE","seed_source_timestamp":30229736781289,"circlet_count":0,"master_deck":["Strike_B","Strike_B","Defend_B","Defend_B","Defend_B","Defend_B","Zap+1","Dualcast","Skim","Go for the Eyes","Hologram","Scrape","Go for the Eyes","Defragment"],"special_seed":17705,"relics":["Cracked Core","Ancient Tea Set","Mummified Hand","Orichalcum","Odd Mushroom"],"potions_floor_usage":[13,16,16],"damage_taken":[{"damage":3,"enemies":"2 Louse","floor":1,"turns":4},{"damage":1,"enemies":"Cultist","floor":2,"turns":3},{"damage":3,"enemies":"Small Slimes","floor":4,"turns":2},{"damage":0,"enemies":"Looter","floor":5,"turns":3},{"damage":13,"enemies":"Exordium Thugs","floor":8,"turns":5},{"damage":26,"floor":11,"turns":4},{"damage":0,"enemies":"2 Fungi Beasts","floor":13,"turns":2},{"damage":0,"enemies":"Blue Slaver","floor":14,"turns":3},{"damage":46,"enemies":"Slime Boss","floor":16,"turns":9}],"seed_played":"-5024061052228562874","potions_obtained":[{"floor":1,"key":"PowerPotion"},{"floor":4,"key":"LiquidBronze"},{"floor":8,"key":"AttackPotion"},{"floor":13,"key":"FairyPotion"},{"floor":14,"key":"Explosive Potion"}],"is_trial":false,"path_per_floor":["M","M","?","M","M","R","T","M","T","?","?","$","M","M","R"],"character_chosen":"DEFECT","items_purchased":["Go for the Eyes"],"campfire_rested":1,"item_purchase_floors":[12],"current_hp_per_floor":[72,71,60,57,57,57,57,44,44,41,15,15,15,15,37,0],"gold":267,"neow_bonus":"TRANSFORM_CARD","is_prod":false,"is_daily":false,"chose_seed":false,"campfire_upgraded":1,"win_rate":0,"timestamp":1529782570,"path_taken":["M","M","?","?","M","R","?","M","T","?","?","$","?","M","R","BOSS"],"build_version":"2018-06-21v2","purchased_purges":1,"victory":false,"max_hp_per_floor":[75,75,75,75,75,75,75,75,75,75,75,75,75,75,75,75],"card_choices":[{"not_picked":["Tempest","Rebound","Static Discharge"],"picked":"SKIP","floor":1},{"not_picked":["Static Discharge","FTL","Fusion"],"picked":"SKIP","floor":2},{"not_picked":["Static Discharge","FTL","Fusion"],"picked":"SKIP","floor":2},{"not_picked":["Conserve Battery","Turbo"],"picked":"Go for the Eyes","floor":4},{"not_picked":["Chill","Ball Lightning","Auto Shields"],"picked":"SKIP","floor":5},{"not_picked":["Sweeping Beam","Stack"],"picked":"Hologram","floor":8},{"not_picked":["Aggregate","Cold Snap"],"picked":"Scrape","floor":11},{"not_picked":["Coolheaded","Melter"],"picked":"Defragment","floor":13},{"not_picked":["Turbo","Buffer","Double Energy"],"picked":"SKIP","floor":14}],"player_experience":248134,"relics_obtained":[{"floor":7,"key":"Ancient Tea Set"},{"floor":9,"key":"Mummified Hand"},{"floor":11,"key":"Odd Mushroom"}],"event_choices":[{"event_name":"World of Goop","player_choice":"Gather Gold","floor":3,"damage_taken":0},{"event_name":"Scrap Ooze","player_choice":"success","floor":10,"damage_taken":3},{"event_name":"Mushrooms","player_choice":"Fought Mushrooms","floor":11,"damage_taken":0}],"boss_relics":[],"items_purged_floors":[12],"is_endless":false,"potions_floor_spawned":[1,4,8,13,14],"killed_by":"Slime Boss","ascension_level":0}