{"gold_per_floor":[119,44,144,156,174,174,174,192,192,205,205,217,247,266,266,361,361,361,361,33,33,33,33,33,33,33,33,33,33,47,61,61,61],"floor_reached":33,"playtime":2437,"items_purged":["Strike_G","Strike_G"],"score":260,"play_id":"f908272b-177b-4449-a868-655139bb5123","local_time":"20180624221419","is_ascension_mode":false,"campfire_choices":[{"data":"Neutralize","floor":6,"key":"SMITH"},{"data":"Sucker Punch","floor":11,"key":"SMITH"},{"floor":15,"key":"REST"},{"data":"Acrobatics","floor":23,"key":"SMITH"},{"data":"Flying Knee","floor":27,"key":"SMITH"},{"data":"Flying Knee","floor":29,"key":"SMITH"},{"floor":32,"key":"REST"}],"neow_cost":"NONE","seed_source_timestamp":171017825493793,"circlet_count":0,"master_deck":["Defend_G","Defend_G","Defend_G","Strike_G","Strike_G","Strike_G","Survivor","Neutralize+1","Sucker Punch+1","Endless Agony","Flying Knee+1","Flying Knee+1","Flying Knee","Acrobatics+1","Backflip","A Thousand Cuts+1","Infinite Blades+1","Ghostly","Ghostly","Ghostly","Ghostly","Ghostly","Acrobatics","Master of Strategy","Outmaneuver+1","Dagger Spray"],"special_seed":17706,"relics":["Ring of the Snake","Pear","Ancient Tea Set","Frozen Egg 2","Lantern","Nloth\u0027s Gift","Centennial Puzzle","Paper Crane"],"potions_floor_usage":[16],"damage_taken":[{"damage":0,"enemies":"2 Louse","floor":1,"turns":4},{"damage":0,"enemies":"Cultist","floor":4,"turns":4},{"damage":3,"enemies":"Jaw Worm","floor":5,"turns":3},{"damage":1,"enemies":"2 Fungi Beasts","floor":8,"turns":3},{"damage":4,"enemies":"Blue Slaver","floor":10,"turns":3},{"damage":5,"enemies":"3 Louse","floor":12,"turns":2},{"damage":12,"enemies":"Lots of Slimes","floor":14,"turns":5},{"damage":69,"enemies":"Hexaghost","floor":16,"turns":15},{"damage":19,"enemies":"Spheric Guardian","floor":18,"turns":4},{"damage":1,"enemies":"Shell Parasite","floor":30,"turns":6},{"damage":29,"enemies":"Cultist and Chosen","floor":31,"turns":10},{"damage":25,"enemies":"Automaton","floor":33,"turns":8}],"seed_played":"-8601922831816211410","potions_obtained":[{"floor":5,"key":"SmokeBomb"},{"floor":12,"key":"GhostInAJar"},{"floor":14,"key":"Poison Potion"},{"floor":16,"key":"Fire Potion"}],"is_trial":false,"path_per_floor":["M","$","?","M","M","R","?","M","T","M","R","M","?","M","R","B",null,"M","?","$","T","?","R","$","?","T","R","T","R","M","M","R"],"character_chosen":"THE_SILENT","items_purchased":["Acrobatics","Master of Strategy"],"campfire_rested":2,"item_purchase_floors":[20,20],"current_hp_per_floor":[70,70,70,70,67,67,74,73,73,69,69,64,64,52,76,7,80,61,40,40,40,40,40,40,40,40,40,40,40,39,10,22,0],"gold":61,"neow_bonus":"REMOVE_CARD","is_prod":false,"is_daily":false,"chose_seed":false,"campfire_upgraded":5,"win_rate":0.0,"timestamp":1529846059,"path_taken":["M","$","?","M","M","R","?","?","T","M","R","M","?","M","R","BOSS","M","?","$","?","?","R","?","?","T","R","?","R","M","M","R","BOSS"],"build_version":"2018-06-21v2","purchased_purges":2,"victory":false,"max_hp_per_floor":[70,70,70,70,70,70,80,80,80,80,80,80,80,80,80,80,80,80,40,40,40,40,40,40,40,40,40,40,40,40,40,40,40],"card_choices":[{"not_picked":["Quick Slash","Eviscerate"],"picked":"Sucker Punch","floor":1},{"not_picked":["Blade Dance","Caltrops"],"picked":"Endless Agony","floor":4},{"not_picked":["Dagger Spray","Dodge and Roll"],"picked":"Flying Knee","floor":5},{"not_picked":["Backstab","Calculated Gamble"],"picked":"Flying Knee","floor":8},{"not_picked":["Crippling Poison","Poisoned Stab"],"picked":"Flying Knee","floor":10},{"not_picked":["Underhanded Strike","Dodge and Roll"],"picked":"Acrobatics","floor":12},{"not_picked":["Flying Knee","Underhanded Strike"],"picked":"Backflip","floor":14},{"not_picked":["Envenom+1","Phantasmal Killer"],"picked":"A Thousand Cuts+1","floor":16},{"not_picked":["Poisoned Stab+1","Blade Dance"],"picked":"Infinite Blades+1","floor":18},{"not_picked":["Dagger Throw","Dash"],"picked":"Outmaneuver+1","floor":30},{"not_picked":["Well Laid Plans+1","Flying Knee"],"picked":"Dagger Spray","floor":31}],"player_experience":6847,"relics_obtained":[{"floor":9,"key":"Ancient Tea Set"},{"floor":21,"key":"Lantern"},{"floor":26,"key":"Centennial Puzzle"},{"floor":28,"key":"Paper Crane"}],"event_choices":[{"event_name":"Golden Shrine","player_choice":"Pray","floor":3,"damage_taken":0},{"event_name":"Scrap Ooze","player_choice":"success","floor":7,"damage_taken":3},{"event_name":"Dead Adventurer","player_choice":"Searched \u00273\u0027 times","floor":13,"damage_taken":0},{"event_name":"Ghosts","player_choice":"Became a Ghost","floor":19,"damage_taken":0},{"event_name":"N\u0027loth","player_choice":"Traded a Ectoplasm","floor":22,"damage_taken":0},{"event_name":"Back to Basics","player_choice":"Elegance","floor":25,"damage_taken":0}],"boss_relics":[{"not_picked":["Snecko Eye","Eternal Feather"],"picked":"Ectoplasm"}],"items_purged_floors":[2,20],"is_endless":false,"potions_floor_spawned":[5,12,14,16,18],"killed_by":"Automaton","ascension_level":0}