{"gold_per_floor":[116,66,86,86,106,106,31,65,90,109,109,109,109,109,109,109],"floor_reached":16,"playtime":737,"items_purged":["Strike_B"],"score":98,"play_id":"8f92a5d2-c6eb-4447-b0c7-cfe5ff74e03e","local_time":"20180625000649","is_ascension_mode":false,"campfire_choices":[{"data":"Zap","floor":6,"key":"SMITH"},{"floor":11,"key":"REST"},{"data":"Redo","floor":13,"key":"SMITH"},{"data":"Dualcast","floor":15,"key":"SMITH"}],"neow_cost":"NONE","seed_source_timestamp":59862847009144,"circlet_count":0,"master_deck":["Strike_B","Strike_B","Defend_B","Defend_B","Defend_B","Defend_B","Zap+1","Dualcast+1","Auto Shields","Steam","Gash","Steam","Redo+1"],"relics":["Cracked Core","Golden Idol","Vajra","DataDisk","Question Card","Girya"],"potions_floor_usage":[8,16],"damage_taken":[{"damage":1,"enemies":"2 Louse","floor":1,"turns":3},{"damage":6,"enemies":"Jaw Worm","floor":3,"turns":3},{"damage":3,"enemies":"Small Slimes","floor":5,"turns":3},{"damage":25,"enemies":"3 Sentries","floor":8,"turns":11},{"damage":4,"enemies":"2 Fungi Beasts","floor":10,"turns":4},{"damage":34,"enemies":"Hexaghost","floor":16,"turns":10}],"seed_played":"-2609786482088831255","potions_obtained":[{"floor":3,"key":"SkillPotion"},{"floor":10,"key":"LiquidBronze"}],"is_trial":false,"path_per_floor":["M","$","M","?","M","R","$","E","T","M","R","T","R","?","R"],"character_chosen":"DEFECT","items_purchased":["Gash"],"campfire_rested":1,"item_purchase_floors":[2],"current_hp_per_floor":[74,74,68,50,47,47,47,22,22,18,40,40,40,28,28,0],"gold":109,"neow_bonus":"TRANSFORM_CARD","is_prod":false,"is_daily":false,"chose_seed":false,"campfire_upgraded":3,"win_rate":0,"timestamp":1529878009,"path_taken":["M","$","M","?","M","R","$","E","T","M","R","?","R","?","R","BOSS"],"build_version":"2018-06-21v2","purchased_purges":1,"victory":false,"max_hp_per_floor":[75,75,75,75,75,75,75,75,75,75,75,75,75,75,75,75],"card_choices":[{"not_picked":["Compile Driver","Recycle"],"picked":"Steam","floor":1},{"not_picked":["Hello World","Stack","Coolheaded"],"picked":"SKIP","floor":3},{"not_picked":["Fission","Compile Driver","Ball Lightning"],"picked":"SKIP","floor":5},{"not_picked":["Machine Learning","Barrage"],"picked":"Steam","floor":8},{"not_picked":["Conserve Battery","Doom and Gloom"],"picked":"Redo","floor":10}],"player_experience":271552,"relics_obtained":[{"floor":8,"key":"Vajra"},{"floor":9,"key":"DataDisk"},{"floor":12,"key":"Question Card"}],"event_choices":[{"event_name":"Golden Idol","player_choice":"Take Damage","floor":4,"damage_taken":0},{"event_name":"Scrap Ooze","player_choice":"success","floor":14,"damage_taken":12}],"boss_relics":[],"items_purged_floors":[7],"is_endless":false,"potions_floor_spawned":[3,10],"killed_by":"Hexaghost","ascension_level":0}