{"gold_per_floor":[112,112,112,129,148,148,162,191,215,233,233,259,259,286,286,359,359,378,328,328,328,33,33,45,75,75,75],"floor_reached":27,"playtime":1822,"items_purged":["Pain"],"score":518,"play_id":"52f7a847-1753-43cb-9f8c-4ce9880e3ac3","local_time":"20190511115235","is_ascension_mode":true,"campfire_choices":[{"data":"Deadly Poison","floor":6.0,"key":"SMITH"},{"floor":11.0,"key":"REST"},{"data":"Burst","floor":13.0,"key":"SMITH"},{"data":"Poisoned Stab","floor":15.0,"key":"SMITH"},{"data":"Tools of the Trade","floor":23.0,"key":"SMITH"}],"neow_cost":"TEN_PERCENT_HP_LOSS","seed_source_timestamp":234681566876200,"circlet_count":0,"master_deck":["AscendersBane","Defend_G","Defend_G","Defend_G","Defend_G","Strike_G","Strike_G","Strike_G","Strike_G","Survivor","Neutralize","Poisoned Stab","PiercingWail","Deadly Poison+1","Poisoned Stab+1","PiercingWail","Leg Sweep","Burst+1","PiercingWail","Tools of the Trade+1","Catalyst","Ghostly","Ghostly","Ghostly","Blur"],"special_seed":0,"relics":["Ring of the Snake","WarpedTongs","Juzu Bracelet","Pen Nib","Happy Flower","Odd Mushroom","Runic Pyramid","Enchiridion","Strange Spoon","Bottled Flame","Frozen Egg 2"],"potions_floor_usage":[],"damage_taken":[{"damage":0.0,"enemies":"2 Louse","floor":1.0,"turns":6.0},{"damage":5.0,"enemies":"Cultist","floor":4.0,"turns":3.0},{"damage":4.0,"enemies":"Small Slimes","floor":5.0,"turns":5.0},{"damage":9.0,"enemies":"3 Louse","floor":7.0,"turns":3.0},{"damage":10.0,"enemies":"3 Sentries","floor":8.0,"turns":5.0},{"damage":1.0,"enemies":"Exordium Wildlife","floor":10.0,"turns":3.0},{"damage":16.0,"enemies":"Gremlin Nob","floor":12.0,"turns":4.0},{"damage":1.0,"enemies":"The Mushroom Lair","floor":14.0,"turns":5.0},{"damage":10.0,"enemies":"Hexaghost","floor":16.0,"turns":11.0},{"damage":11.0,"enemies":"Shell Parasite","floor":18.0,"turns":6.0},{"damage":0.0,"enemies":"2 Thieves","floor":24.0,"turns":5.0},{"damage":2.0,"enemies":"Gremlin Leader","floor":25.0,"turns":10.0},{"damage":13,"enemies":"Slavers","floor":27,"turns":12}],"seed_played":"-3685507293532360386","potions_obtained":[{"floor":1.0,"key":"GhostInAJar"},{"floor":4.0,"key":"PowerPotion"},{"floor":24.0,"key":"Ancient Potion"}],"is_trial":false,"path_per_floor":["M","?","?","M","M","R","M","E","T","M","R","E","R","?","R","B",null,"M","?","?","?","$","R","M","E","T","E"],"character_chosen":"THE_SILENT","items_purchased":["Strange Spoon"],"campfire_rested":1,"item_purchase_floors":[22],"current_hp_per_floor":[59,59,59,54,50,50,41,31,31,30,48,32,32,31,31,21,50,39,39,18,18,18,18,18,16,16,3],"gold":75,"neow_bonus":"REMOVE_TWO","is_prod":false,"is_daily":false,"chose_seed":false,"campfire_upgraded":4,"win_rate":0,"timestamp":1557564755,"path_taken":["M","?","?","M","?","R","M","E","T","M","R","E","R","?","R","BOSS","M","?","?","?","?","R","M","E","T","E"],"build_version":"2019-01-23","purchased_purges":1,"victory":false,"max_hp_per_floor":[60,60,60,60,60,60,60,60,60,60,60,60,60,60,60,60,60,60,60,60,30,30,30,30,30,30,30],"card_choices":[{"not_picked":["Blur","Well Laid Plans"],"picked":"Poisoned Stab","floor":1.0},{"not_picked":["Blade Dance","Acrobatics"],"picked":"PiercingWail","floor":4.0},{"not_picked":["PiercingWail","Backflip"],"picked":"Deadly Poison","floor":5.0},{"not_picked":["Heel Hook","Dagger Spray"],"picked":"Poisoned Stab","floor":7.0},{"not_picked":["A Thousand Cuts","Sucker Punch"],"picked":"PiercingWail","floor":8.0},{"not_picked":["Dagger Throw","Backflip"],"picked":"Leg Sweep","floor":10.0},{"not_picked":["PiercingWail","Prepared"],"picked":"Burst","floor":12.0},{"not_picked":["Bane","Blade Dance"],"picked":"PiercingWail","floor":14.0},{"not_picked":["Venomology","Glass Knife"],"picked":"Tools of the Trade","floor":16.0},{"not_picked":["Cloak And Dagger","Sucker Punch"],"picked":"Catalyst","floor":18.0},{"not_picked":["Distraction","Acrobatics"],"picked":"Blur","floor":24.0},{"not_picked":["Phantasmal Killer","Dash+1","Underhanded Strike"],"picked":"SKIP","floor":25.0}],"player_experience":1304647,"relics_obtained":[{"floor":8.0,"key":"Juzu Bracelet"},{"floor":9.0,"key":"Pen Nib"},{"floor":12.0,"key":"Happy Flower"},{"floor":14.0,"key":"Odd Mushroom"},{"floor":20.0,"key":"Enchiridion"},{"floor":25.0,"key":"Bottled Flame"},{"floor":26.0,"key":"Frozen Egg 2"}],"event_choices":[{"damage_healed":0.0,"max_hp_gain":0.0,"max_hp_loss":0.0,"gold_gain":0.0,"event_name":"Liars Game","player_choice":"Ignored","floor":2.0,"gold_loss":0.0,"damage_taken":0.0},{"damage_healed":0.0,"max_hp_gain":0.0,"max_hp_loss":0.0,"gold_gain":0.0,"event_name":"Accursed Blacksmith","player_choice":"Rummage","floor":3.0,"gold_loss":0.0,"damage_taken":0.0,"relics_obtained":["WarpedTongs"],"cards_obtained":["Pain"]},{"damage_healed":0.0,"max_hp_gain":0.0,"max_hp_loss":0.0,"gold_gain":0.0,"event_name":"Mushrooms","player_choice":"Fought Mushrooms","floor":14.0,"gold_loss":0.0,"damage_taken":0.0},{"damage_healed":0.0,"max_hp_gain":0.0,"max_hp_loss":0.0,"gold_gain":0.0,"event_name":"The Joust","player_choice":"Bet on Owner","floor":19.0,"gold_loss":50.0,"damage_taken":0.0},{"damage_healed":0.0,"max_hp_gain":0.0,"max_hp_loss":0.0,"gold_gain":0.0,"event_name":"Cursed Tome","player_choice":"Obtained Book","floor":20.0,"gold_loss":0.0,"damage_taken":21.0},{"damage_healed":0.0,"max_hp_gain":0.0,"max_hp_loss":30.0,"gold_gain":0.0,"event_name":"Ghosts","player_choice":"Became a Ghost","floor":21.0,"gold_loss":0.0,"damage_taken":0.0,"cards_obtained":["Ghostly","Ghostly","Ghostly"]}],"is_beta":false,"boss_relics":[{"not_picked":["WristBlade","Black Star"],"picked":"Runic Pyramid"}],"items_purged_floors":[22],"is_endless":false,"potions_floor_spawned":[1,4,5,24],"killed_by":"Slavers","ascension_level":20}