{"gold_per_floor":[119,219,219,219,219,262,262,298,298,298,312,330,353,369,369,497,497,522,84,97,115,129,129,150,165,165,165,198,198,113,113,113,239,239,254,43,67,87,87],"floor_reached":39,"playtime":2548,"items_purged":[],"score":743,"play_id":"759ee2e8-85fc-43f7-9e17-c3f55dafc47c","local_time":"20180815234906","is_ascension_mode":true,"campfire_choices":[{"data":"Conserve Battery","floor":7.0,"key":"SMITH"},{"data":"Static Discharge","floor":10.0,"key":"SMITH"},{"floor":15.0,"key":"REST"},{"floor":23.0,"key":"REST"},{"floor":27.0,"key":"REST"},{"floor":32.0,"key":"REST"}],"neow_cost":"NONE","seed_source_timestamp":35291289266981,"circlet_count":0,"master_deck":["Strike_B","Strike_B","Strike_B","Strike_B","Defend_B","Defend_B","Defend_B+1","Defend_B","Zap+1","Dualcast+1","AscendersBane","Conserve Battery+1","Sweeping Beam","Static Discharge+1","Seek","Reboot","Writhe","Decay","Clumsy","Glacier","Streamline","Swift Strike","Tempest","Gash+1","Self Repair","Coolheaded+1","Go for the Eyes","Hello World","Sunder","Creative AI+1","Streamline+1","Rebound","Sweeping Beam","Capacitor+1","Compile Driver","Defragment+1","Auto Shields","Leap+1"],"special_seed":0,"relics":["Cracked Core","NeowsBlessing","Golden Idol","Blood Vial","War Paint","Peace Pipe","Kunai","Calling Bell","Pen Nib","The Courier","Ice Cream","Du-Vu Doll","Darkstone Periapt","Pear","Frozen Egg 2","Cursed Key"],"potions_floor_usage":[],"damage_taken":[{"damage":0.0,"enemies":"2 Louse","floor":1.0,"turns":1.0},{"damage":0.0,"enemies":"Lagavulin","floor":6.0,"turns":1.0},{"damage":0.0,"enemies":"3 Sentries","floor":8.0,"turns":1.0},{"damage":0.0,"enemies":"Cultist","floor":11.0,"turns":3.0},{"damage":2.0,"enemies":"Jaw Worm","floor":12.0,"turns":4.0},{"damage":13.0,"enemies":"Exordium Wildlife","floor":13.0,"turns":5.0},{"damage":7.0,"enemies":"3 Louse","floor":14.0,"turns":3.0},{"damage":34.0,"enemies":"The Guardian","floor":16.0,"turns":10.0},{"damage":14.0,"enemies":"Chosen","floor":18.0,"turns":4.0},{"damage":16.0,"enemies":"2 Thieves","floor":20.0,"turns":4.0},{"damage":14.0,"enemies":"Centurion and Healer","floor":21.0,"turns":7.0},{"damage":0.0,"enemies":"3 Cultists","floor":22.0,"turns":4.0},{"damage":23.0,"enemies":"Snake Plant","floor":24.0,"turns":3.0},{"damage":19.0,"enemies":"Snecko","floor":25.0,"turns":5.0},{"damage":20.0,"enemies":"Book of Stabbing","floor":28.0,"turns":3.0},{"damage":60.0,"enemies":"Collector","floor":33.0,"turns":15.0},{"damage":23.0,"enemies":"3 Shapes","floor":35.0,"turns":6.0},{"damage":52.0,"enemies":"3 Darklings","floor":37.0,"turns":9.0},{"damage":20.0,"enemies":"Spire Growth","floor":38.0,"turns":6.0},{"damage":13,"enemies":"4 Shapes","floor":39,"turns":1}],"seed_played":"7207063217448129316","potions_obtained":[{"floor":1.0,"key":"SpeedPotion"},{"floor":11.0,"key":"Explosive Potion"},{"floor":13.0,"key":"EssenceOfSteel"},{"floor":22.0,"key":"PowerPotion"},{"floor":24.0,"key":"Explosive Potion"},{"floor":28.0,"key":"SkillPotion"},{"floor":37.0,"key":"Regen Potion"}],"is_trial":false,"path_per_floor":["M","?","?","?","?","E","R","E","T","R","M","M","M","M","R","B",null,"M","$","M","M","M","R","M","M","T","R","E","?","?","?","R","B",null,"M","$","M","M"],"character_chosen":"DEFECT","items_purchased":["Glacier","Du-Vu Doll","Streamline","Swift Strike","Tempest","Rebound","Sweeping Beam","Capacitor+1","Compile Driver","Defragment+1"],"campfire_rested":4,"item_purchase_floors":[19,19,19,19,19,36,36,36,36,36],"current_hp_per_floor":[68,68,50,50,38,40,40,42,42,42,44,44,33,28,50,18,61,49,49,35,23,25,47,33,23,23,45,37,37,37,37,62,11,67,53,53,10,8,0],"gold":87,"neow_bonus":"THREE_ENEMY_KILL","is_prod":false,"is_daily":false,"chose_seed":false,"campfire_upgraded":2,"win_rate":0,"timestamp":1534344546,"path_taken":["M","?","?","?","?","E","R","E","T","R","M","?","M","M","R","BOSS","M","$","M","M","M","R","M","M","T","R","E","?","?","?","R","BOSS","M","$","M","M","M"],"build_version":"2018-08-09","purchased_purges":0,"victory":false,"max_hp_per_floor":[75,75,75,75,75,75,75,75,75,75,75,75,75,75,75,75,75,75,75,75,75,75,75,75,75,75,75,85,85,85,85,85,85,85,85,85,85,85,85],"card_choices":[{"not_picked":["Capacitor","Sweeping Beam"],"picked":"Conserve Battery","floor":1.0},{"not_picked":["Coolheaded","Defragment"],"picked":"Sweeping Beam","floor":6.0},{"not_picked":["Barrage","Compile Driver"],"picked":"Static Discharge","floor":8.0},{"not_picked":["Scrape","Melter"],"picked":"Seek","floor":11.0},{"not_picked":["Steam","Reprogram","Sweeping Beam"],"picked":"SKIP","floor":12.0},{"not_picked":["Consume","Barrage","Rebound"],"picked":"SKIP","floor":13.0},{"not_picked":["Redo","Steam","Undo"],"picked":"SKIP","floor":14.0},{"not_picked":["Biased Cognition","Creative AI"],"picked":"Reboot","floor":16.0},{"not_picked":["Beam Cell","Coolheaded","Cold Snap"],"picked":"SKIP","floor":18.0},{"not_picked":["Storm","Force Field+1"],"picked":"Gash+1","floor":20.0},{"not_picked":["Aggregate+1","Cold Snap"],"picked":"Self Repair","floor":21.0},{"not_picked":["Leap","Turbo"],"picked":"Coolheaded+1","floor":22.0},{"not_picked":["Hologram","Double Energy"],"picked":"Go for the Eyes","floor":24.0},{"not_picked":["Amplify","Conserve Battery"],"picked":"Hello World","floor":25.0},{"not_picked":["Reboot","Gash+1"],"picked":"Sunder","floor":28.0},{"not_picked":["Biased Cognition+1","Hyperbeam"],"picked":"Creative AI+1","floor":33.0},{"not_picked":["Turbo","Go for the Eyes"],"picked":"Streamline+1","floor":35.0},{"not_picked":["Cold Snap","Rebound+1"],"picked":"Auto Shields","floor":37.0},{"not_picked":["Capacitor+1","Chill"],"picked":"Leap+1","floor":38.0}],"player_experience":216162,"relics_obtained":[{"floor":6.0,"key":"War Paint"},{"floor":8.0,"key":"Peace Pipe"},{"floor":9.0,"key":"Kunai"},{"floor":17.0,"key":"Pen Nib"},{"floor":17.0,"key":"The Courier"},{"floor":17.0,"key":"Ice Cream"},{"floor":26.0,"key":"Darkstone Periapt"},{"floor":28.0,"key":"Pear"}],"event_choices":[{"event_name":"Wheel of Change","player_choice":"Gold","floor":2.0,"damage_taken":0.0},{"event_name":"Golden Idol","player_choice":"Take Damage","floor":3.0,"damage_taken":0.0},{"event_name":"Living Wall","player_choice":"Grow","floor":4.0,"damage_taken":0.0},{"event_name":"Scrap Ooze","player_choice":"success","floor":5.0,"damage_taken":12.0},{"event_name":"The Woman in Blue","player_choice":"Bought 0 Potions","floor":29.0,"damage_taken":0.0},{"event_name":"Addict","player_choice":"Obtained Relic","floor":30.0,"damage_taken":0.0},{"event_name":"Drug Dealer","player_choice":"Ignored","floor":31.0,"damage_taken":0.0}],"is_beta":false,"boss_relics":[{"not_picked":["Snecko Eye","Fusion Hammer"],"picked":"Calling Bell"},{"not_picked":["FrozenCore","Astrolabe"],"picked":"Cursed Key"}],"items_purged_floors":[],"is_endless":false,"potions_floor_spawned":[1,11,13,16,20,22,24,28,37],"killed_by":"4 Shapes","ascension_level":11}