{"gold_per_floor":[112,26,44,44,5,37,37,37,61,81,81,26,26,61,61,61],"floor_reached":16,"playtime":25263,"items_purged":[],"score":201,"play_id":"974fa7a4-52ff-4f2a-8391-d32a2ba216cd","local_time":"20190819225945","is_ascension_mode":true,"campfire_choices":[{"data":"Noxious Fumes","floor":11,"key":"SMITH"},{"floor":13,"key":"REST"},{"data":"Dagger Spray","floor":15,"key":"SMITH"}],"neow_cost":"NONE","seed_source_timestamp":26931417805049,"circlet_count":0,"master_deck":["AscendersBane","Strike_G","Strike_G","Strike_G","Strike_G","Strike_G","Defend_G","Defend_G","Defend_G","Defend_G","Defend_G","Survivor","Neutralize","Well Laid Plans","Noxious Fumes+1","Dash+1","Catalyst","Crippling Poison","Dagger Spray+1","Slice","PiercingWail"],"relics":["Ring of the Snake","Snake Skull","Darkstone Periapt","Bronze Scales","Art of War"],"potions_floor_usage":[14,16],"damage_taken":[{"damage":17,"enemies":"Cultist","floor":1,"turns":5},{"damage":2,"enemies":"Jaw Worm","floor":3,"turns":5},{"damage":22,"enemies":"Lagavulin","floor":6,"turns":9},{"damage":0,"enemies":"Small Slimes","floor":10,"turns":3},{"damage":10,"enemies":"3 Sentries","floor":14,"turns":6},{"damage":40,"enemies":"Slime Boss","floor":16,"turns":8}],"seed_played":"6943064843721819434","potions_obtained":[{"floor":1,"key":"Energy Potion"},{"floor":3,"key":"Explosive Potion"},{"floor":14,"key":"PowerPotion"}],"is_trial":false,"path_per_floor":["M","$","M","?","$","E","?","?","T","M","R","$","R","E","R","B"],"character_chosen":"THE_SILENT","items_purchased":["Noxious Fumes","Catalyst","Slice"],"campfire_rested":1,"item_purchase_floors":[2,5,12],"current_hp_per_floor":[48,48,46,46,46,24,24,24,24,24,24,24,45,35,35,0],"gold":61,"neow_bonus":"TEN_PERCENT_HP_BONUS","is_prod":false,"is_daily":false,"chose_seed":false,"campfire_upgraded":2,"win_rate":0,"timestamp":1566248385,"path_taken":["M","$","?","?","?","E","?","?","T","M","R","$","R","E","R","BOSS"],"build_version":"2019-07-17","purchased_purges":0,"victory":false,"max_hp_per_floor":[72,72,72,72,72,72,72,72,72,72,72,72,72,72,72,72],"card_choices":[{"not_picked":["Infinite Blades","Calculated Gamble"],"picked":"Well Laid Plans","floor":1},{"not_picked":["Dodge and Roll","Eviscerate"],"picked":"Dash","floor":3},{"not_picked":["PiercingWail","Accuracy"],"picked":"Crippling Poison","floor":6},{"not_picked":["Dagger Throw","Flying Knee"],"picked":"Dagger Spray","floor":10},{"not_picked":["Quick Slash","Flechettes"],"picked":"PiercingWail","floor":14}],"player_experience":976967,"relics_obtained":[{"floor":6,"key":"Snake Skull"},{"floor":9,"key":"Bronze Scales"},{"floor":14,"key":"Art of War"}],"event_choices":[{"damage_healed":0,"gold_gain":0,"player_choice":"Grow","damage_taken":0,"max_hp_gain":0,"max_hp_loss":0,"event_name":"Living Wall","floor":4,"gold_loss":0,"cards_upgraded":["Dash"]},{"damage_healed":0,"gold_gain":0,"player_choice":"Searched \u00270\u0027 times","damage_taken":0,"max_hp_gain":0,"max_hp_loss":0,"event_name":"Dead Adventurer","floor":7,"gold_loss":0},{"damage_healed":0,"gold_gain":0,"player_choice":"Gave Potion","damage_taken":0,"relics_obtained":["Darkstone Periapt"],"max_hp_gain":0,"max_hp_loss":0,"event_name":"WeMeetAgain","floor":8,"gold_loss":0}],"is_beta":false,"boss_relics":[],"items_purged_floors":[],"is_endless":false,"potions_floor_spawned":[1,3,14],"killed_by":"Slime Boss","ascension_level":18}