{"gold_per_floor":[110,185,185,199,215,233,233,248,323,323,323,272,301,111,111,208,258,273,255,265,265,225,225,237,237,264,264,7,27,42,76,76,179,179,191,116,127,127],"floor_reached":38,"playtime":2243,"items_purged":["Regret"],"score":416,"play_id":"f46eda53-19f8-446f-8d8b-aef09533b672","local_time":"20180807221020","is_ascension_mode":true,"campfire_choices":[{"floor":7,"key":"REST"},{"data":"Footwork","floor":11,"key":"SMITH"},{"floor":15,"key":"REST"},{"data":"Apotheosis","floor":23,"key":"SMITH"},{"floor":25,"key":"REST"},{"floor":32,"key":"REST"}],"neow_cost":"NONE","seed_source_timestamp":215159306079559,"circlet_count":0,"master_deck":["Defend_G","Defend_G+1","Defend_G+1","Defend_G","Defend_G+1","Strike_G","Strike_G","Strike_G+1","Strike_G","Strike_G+1","Survivor","Neutralize","Noxious Fumes","Footwork+1","Blade Dance","Blade Dance","Dagger Spray","Apotheosis+1","Malaise","Well Laid Plans","PiercingWail","Distraction+1","Noxious Fumes","Dash","Backstab+1","Accuracy+1","Envenom","Decay","Writhe","Calculated Gamble+1","Deadly Poison+1"],"relics":["Ring of the Snake","NeowsBlessing","Dodecahedron","Whetstone","The Specimen","Tiny House","Snake Skull","Pantograph","Ancient Tea Set","Calling Bell","Potion Belt","Meat on the Bone","Prayer Wheel"],"potions_floor_usage":[18,19,33],"damage_taken":[{"damage":0,"enemies":"Small Slimes","floor":1,"turns":1},{"damage":0,"enemies":"Jaw Worm","floor":4,"turns":1},{"damage":0,"enemies":"2 Louse","floor":5,"turns":1},{"damage":26,"enemies":"Gremlin Gang","floor":6,"turns":9},{"damage":2,"enemies":"Looter","floor":8,"turns":4},{"damage":8,"enemies":"3 Sentries","floor":13,"turns":9},{"damage":30,"enemies":"Hexaghost","floor":16,"turns":11},{"damage":0,"enemies":"3 Byrds","floor":18,"turns":4},{"damage":12,"enemies":"2 Thieves","floor":19,"turns":4},{"damage":24,"enemies":"Centurion and Healer","floor":20,"turns":9},{"damage":36,"enemies":"3 Cultists","floor":24,"turns":7},{"damage":0,"enemies":"Cultist and Chosen","floor":29,"turns":7},{"damage":8,"enemies":"Centurion and Healer","floor":30,"turns":6},{"damage":16,"enemies":"Book of Stabbing","floor":31,"turns":9},{"damage":26,"enemies":"Collector","floor":33,"turns":9},{"damage":38,"enemies":"Flame Bruiser 1 Orb","floor":35,"turns":7},{"damage":16,"enemies":"3 Darklings","floor":37,"turns":5},{"damage":39,"enemies":"Flame Bruiser 2 Orb","floor":38,"turns":2}],"seed_played":"-523157199269051788","potions_obtained":[{"floor":5,"key":"Strength Potion"},{"floor":8,"key":"Regen Potion"},{"floor":17,"key":"Fruit Juice"},{"floor":19,"key":"GamblersBrew"},{"floor":24,"key":"EntropicBrew"},{"floor":35,"key":"EssenceOfSteel"}],"is_trial":false,"path_per_floor":["M","?","?","M","M","M","R","M","T","T","R","$","E","$","R","B",null,"M","M","M","?","$","R","M","R","T","$","$","M","M","E","R","B",null,"M","$","M"],"character_chosen":"THE_SILENT","items_purchased":["Fire Potion","Apotheosis","Dash","Pantograph"],"campfire_rested":4,"item_purchase_floors":[12,14,22,28],"current_hp_per_floor":[70,59,45,45,45,19,40,38,38,38,38,38,30,30,51,21,75,80,68,44,44,44,44,8,32,32,32,32,32,24,8,32,31,80,42,42,38,0],"gold":127,"neow_bonus":"THREE_ENEMY_KILL","is_prod":false,"is_daily":false,"chose_seed":false,"campfire_upgraded":2,"win_rate":0,"timestamp":1533647420,"path_taken":["M","?","?","M","M","M","R","M","T","?","R","$","E","?","R","BOSS","M","?","M","?","$","R","M","R","T","?","$","M","M","E","R","BOSS","M","$","M","M"],"build_version":"2018-08-02","purchased_purges":1,"victory":false,"max_hp_per_floor":[70,70,70,70,70,70,70,70,70,70,70,70,70,70,70,70,75,80,80,80,80,80,80,80,80,80,80,80,80,80,80,80,80,80,80,80,80,80],"card_choices":[{"not_picked":["Deflect","Footwork"],"picked":"Noxious Fumes","floor":1},{"not_picked":["PiercingWail","Deadly Poison"],"picked":"Footwork","floor":4},{"not_picked":["Outmaneuver","Reflex"],"picked":"Blade Dance","floor":5},{"not_picked":["Predator","Night Terror","Quick Slash"],"picked":"SKIP","floor":6},{"not_picked":["Quick Slash","Sucker Punch"],"picked":"Blade Dance","floor":8},{"not_picked":["Blade Dance","Quick Slash"],"picked":"Dagger Spray","floor":13},{"not_picked":["Phantasmal Killer","Night Terror"],"picked":"Malaise","floor":16},{"not_picked":["Finisher","Caltrops"],"picked":"Well Laid Plans","floor":17},{"not_picked":["Deadly Poison","Cloak And Dagger"],"picked":"PiercingWail","floor":18},{"not_picked":["Deflect","Dagger Throw"],"picked":"Distraction+1","floor":19},{"not_picked":["Dagger Spray","Expertise+1","Cloak And Dagger+1"],"picked":"SKIP","floor":20},{"not_picked":["Distraction","Slice","Terror"],"picked":"SKIP","floor":24},{"not_picked":["Underhanded Strike","Well Laid Plans"],"picked":"Backstab+1","floor":29},{"not_picked":["Cloak And Dagger","Dagger Throw","Dagger Spray"],"picked":"SKIP","floor":30},{"not_picked":["Dodge and Roll","PiercingWail"],"picked":"Accuracy+1","floor":31},{"not_picked":["Die Die Die","Unload"],"picked":"Envenom","floor":33},{"not_picked":["Sucker Punch","Dodge and Roll"],"picked":"Calculated Gamble+1","floor":35},{"not_picked":["Escape Plan+1","PiercingWail+1","Underhanded Strike"],"picked":"SKIP","floor":35},{"not_picked":["Bane","Dodge and Roll"],"picked":"Deadly Poison+1","floor":37},{"not_picked":["Dagger Spray","Skewer+1","Bullet Time"],"picked":"SKIP","floor":37}],"player_experience":156167,"relics_obtained":[{"floor":9,"key":"Dodecahedron"},{"floor":10,"key":"Whetstone"},{"floor":13,"key":"The Specimen"},{"floor":26,"key":"Snake Skull"},{"floor":31,"key":"Ancient Tea Set"},{"floor":34,"key":"Potion Belt"},{"floor":34,"key":"Meat on the Bone"},{"floor":34,"key":"Prayer Wheel"}],"event_choices":[{"event_name":"World of Goop","player_choice":"Gather Gold","floor":2,"damage_taken":0},{"event_name":"Shining Light","player_choice":"Entered Light","floor":3,"damage_taken":0},{"event_name":"The Library","player_choice":"Read","floor":21,"damage_taken":0}],"is_beta":false,"boss_relics":[{"not_picked":["Fusion Hammer","Ectoplasm"],"picked":"Tiny House"},{"not_picked":["White Beast Statue","Eternal Feather"],"picked":"Calling Bell"}],"items_purged_floors":[36],"is_endless":false,"potions_floor_spawned":[5,8,19,24,29,30,35],"killed_by":"Flame Bruiser 2 Orb","ascension_level":1}