{"gold_per_floor":[117,13,13,25,25,25,36,36,36,36,50,50,50,0,0,78,78,88,107,13,29,29,29,29,29,29,29,40,74,0,0,0,0],"floor_reached":33,"playtime":1447,"items_purged":["Strike_R","Strike_R","Strike_R"],"score":462,"play_id":"c3abdddc-1306-4083-92bc-e44038fed4f2","local_time":"20190329115638","is_ascension_mode":true,"campfire_choices":[{"data":"Corruption","floor":6,"key":"SMITH"},{"data":"Bash","floor":10,"key":"SMITH"},{"data":"Twin Strike","floor":13,"key":"SMITH"},{"data":"Clash","floor":15,"key":"SMITH"},{"data":"Barricade","floor":23,"key":"SMITH"},{"floor":25,"key":"REST"},{"data":"Jack Of All Trades","floor":27,"key":"SMITH"},{"floor":32,"key":"REST"}],"neow_cost":"NONE","seed_source_timestamp":954515186529500,"circlet_count":0,"master_deck":["AscendersBane","Strike_R","Defend_R","Defend_R","Defend_R","Defend_R","Bash+1","Corruption+1","Shrug It Off","Shrug It Off","Twin Strike+1","Clash+1","Flex","Barricade+1","Burning Pact","Iron Wave","Jack Of All Trades+1","Seeing Red","Flame Barrier+1","Thunderclap","Body Slam"],"relics":["Burning Blood","Smiling Mask","Boot","Kunai","Runic Pyramid","Blue Candle","WingedGreaves","Red Mask"],"potions_floor_usage":[16,19,22,29,29,33],"damage_taken":[{"damage":2,"enemies":"2 Louse","floor":1,"turns":4},{"damage":4,"enemies":"Jaw Worm","floor":4,"turns":5},{"damage":6,"enemies":"Cultist","floor":7,"turns":5},{"damage":9,"enemies":"3 Louse","floor":11,"turns":4},{"damage":58,"enemies":"Hexaghost","floor":16,"turns":11},{"damage":17,"enemies":"2 Thieves","floor":18,"turns":4},{"damage":16,"enemies":"Spheric Guardian","floor":19,"turns":5},{"damage":17,"enemies":"Centurion and Healer","floor":21,"turns":7},{"damage":14,"enemies":"Colosseum Slavers","floor":22,"turns":4},{"damage":6,"enemies":"Snake Plant","floor":28,"turns":5},{"damage":14,"enemies":"Masked Bandits","floor":29,"turns":6},{"damage":66,"enemies":"Automaton","floor":33,"turns":6}],"seed_played":"1506819660231910075","potions_obtained":[{"floor":7,"key":"SkillPotion"},{"floor":11,"key":"Fire Potion"},{"floor":18,"key":"AttackPotion"},{"floor":19,"key":"Fire Potion"},{"floor":28,"key":"PowerPotion"},{"floor":29,"key":"SpeedPotion"}],"is_trial":false,"path_per_floor":["M","$","?","M","$","R","M","T","T","R","M","?","R","$","R","B",null,"M","M","$","M","?","R","T","R","T","R","M","?","$","?","R","B"],"character_chosen":"IRONCLAD","items_purchased":["Shrug It Off","Jack Of All Trades","Thunderclap"],"campfire_rested":2,"item_purchase_floors":[2,20,30],"current_hp_per_floor":[72,72,77,79,79,79,79,79,79,79,76,76,76,76,76,24,66,55,45,45,34,26,26,26,50,50,50,50,42,42,42,66,0],"gold":0,"neow_bonus":"RANDOM_COMMON_RELIC","is_prod":false,"is_daily":false,"chose_seed":false,"campfire_upgraded":6,"win_rate":0,"timestamp":1553849798,"path_taken":["M","$","?","M","$","R","M","?","T","R","M","?","R","?","R","BOSS","M","?","$","M","?","R","?","R","T","R","?","?","$","?","R","BOSS"],"build_version":"2019-01-23","purchased_purges":3,"victory":false,"max_hp_per_floor":[75,75,80,80,80,80,80,80,80,80,80,80,80,80,80,80,80,80,80,80,80,80,80,80,80,80,80,80,80,80,80,80,80],"card_choices":[{"not_picked":["Wild Strike","Flex"],"picked":"Corruption","floor":1},{"not_picked":["Clothesline","Thunderclap"],"picked":"Shrug It Off","floor":4},{"not_picked":["Iron Wave","True Grit"],"picked":"Twin Strike","floor":7},{"not_picked":["Second Wind","Warcry"],"picked":"Clash","floor":11},{"not_picked":["Double Tap","Limit Break"],"picked":"Barricade","floor":16},{"not_picked":["Corruption+1","Wild Strike"],"picked":"Burning Pact","floor":18},{"not_picked":["Metallicize","Shrug It Off"],"picked":"Iron Wave","floor":19},{"not_picked":["Hemokinesis","Ghostly Armor+1"],"picked":"Seeing Red","floor":21},{"not_picked":["Havoc+1","Spot Weakness"],"picked":"Flame Barrier+1","floor":28}],"player_experience":1059489,"relics_obtained":[{"floor":8,"key":"Boot"},{"floor":9,"key":"Kunai"},{"floor":24,"key":"Blue Candle"},{"floor":26,"key":"WingedGreaves"},{"floor":29,"key":"Red Mask"}],"event_choices":[{"damage_healed":0,"gold_gain":0,"player_choice":"Donut","damage_taken":0,"max_hp_gain":5,"max_hp_loss":0,"event_name":"Big Fish","floor":3,"gold_loss":0},{"damage_healed":0,"gold_gain":0,"cards_transformed":["Strike_R"],"player_choice":"Change","damage_taken":0,"max_hp_gain":0,"max_hp_loss":0,"event_name":"Living Wall","floor":12,"gold_loss":0,"cards_obtained":["Flex"]},{"damage_healed":0,"gold_gain":0,"player_choice":"Fight","damage_taken":0,"max_hp_gain":0,"max_hp_loss":0,"event_name":"Colosseum","floor":22,"gold_loss":0},{"damage_healed":0,"gold_gain":0,"player_choice":"Fled From Nobs","damage_taken":0,"max_hp_gain":0,"max_hp_loss":0,"event_name":"Colosseum","floor":22,"gold_loss":0},{"damage_healed":0,"gold_gain":0,"player_choice":"Fought Bandits","damage_taken":0,"max_hp_gain":0,"max_hp_loss":0,"event_name":"Masked Bandits","floor":29,"gold_loss":0},{"damage_healed":0,"gold_gain":0,"player_choice":"Read","damage_taken":0,"max_hp_gain":0,"max_hp_loss":0,"event_name":"The Library","floor":31,"gold_loss":0,"cards_obtained":["Body Slam"]}],"is_beta":false,"boss_relics":[{"not_picked":["Pandora\u0027s Box","Empty Cage"],"picked":"Runic Pyramid"}],"items_purged_floors":[2,14,30],"is_endless":false,"potions_floor_spawned":[7,11,18,19,28,29],"killed_by":"Automaton","ascension_level":20}