{"gold_per_floor":[110,123,141,153,203,231,231,249,323,24,36,69,82,100,100,179,179,195,13,27,45,59,94,94,107,189,189,199,199,214,214,214,291,291,307,320,320,54,68,101,111,111,111,211,238,249,249,276,276,276],"floor_reached":50,"playtime":5851,"items_purged":["Strike_B","Strike_B"],"score":1194,"play_id":"63a1589f-c2ee-4f7a-b966-bfc3576be336","local_time":"20190918200555","is_ascension_mode":true,"campfire_choices":[{"floor":7.0,"key":"REST"},{"floor":15.0,"key":"REST"},{"floor":27.0,"key":"REST"},{"data":"Rainbow","floor":29.0,"key":"SMITH"},{"floor":32.0,"key":"REST"},{"floor":42.0,"key":"REST"},{"data":"Go for the Eyes","floor":47.0,"key":"SMITH"},{"floor":49.0,"key":"REST"}],"neow_cost":"NONE","seed_source_timestamp":404092737416300,"circlet_count":0,"master_deck":["AscendersBane","Strike_B","Strike_B","Defend_B","Defend_B","Defend_B","Defend_B","Zap+1","Dualcast","Steam","Rebound","Sweeping Beam","Sweeping Beam","Ball Lightning","Self Repair","FTL","Conserve Battery","Beam Cell","Defragment","Conserve Battery","Electrodynamics","Stack","Good Instincts","Auto Shields","Melter","Rainbow+1","Conserve Battery","Go for the Eyes+1","Buffer","Recycle+1","Force Field+1","BootSequence","Buffer","Redo+1","BootSequence","Streamline"],"special_seed":0,"relics":["Cracked Core","Bronze Scales","DataDisk","Letter Opener","Regal Pillow","Torii","Runic Pyramid","Juzu Bracelet","Gremlin Horn","Black Star","Ancient Tea Set","Art of War","Unceasing Top","Gambling Chip","Vajra","Potion Belt","Blood Vial"],"potions_floor_usage":[50],"damage_taken":[{"damage":2.0,"enemies":"Jaw Worm","floor":1.0,"turns":4.0},{"damage":1.0,"enemies":"Cultist","floor":2.0,"turns":4.0},{"damage":1.0,"enemies":"2 Louse","floor":3.0,"turns":2.0},{"damage":9.0,"enemies":"Red Slaver","floor":4.0,"turns":3.0},{"damage":41.0,"enemies":"Lagavulin","floor":6.0,"turns":10.0},{"damage":0.0,"enemies":"2 Fungi Beasts","floor":8.0,"turns":2.0},{"damage":1.0,"enemies":"Blue Slaver","floor":11.0,"turns":3.0},{"damage":27.0,"enemies":"Gremlin Nob","floor":12.0,"turns":4.0},{"damage":9.0,"enemies":"Lots of Slimes","floor":13.0,"turns":3.0},{"damage":2.0,"enemies":"Exordium Wildlife","floor":14.0,"turns":4.0},{"damage":0.0,"enemies":"Slime Boss","floor":16.0,"turns":5.0},{"damage":22.0,"enemies":"2 Thieves","floor":18.0,"turns":2.0},{"damage":8.0,"enemies":"Spheric Guardian","floor":20.0,"turns":5.0},{"damage":9.0,"enemies":"Centurion and Healer","floor":21.0,"turns":6.0},{"damage":1.0,"enemies":"Cultist and Chosen","floor":22.0,"turns":4.0},{"damage":23.0,"enemies":"Book of Stabbing","floor":23.0,"turns":5.0},{"damage":19.0,"enemies":"Chosen and Byrds","floor":25.0,"turns":4.0},{"damage":17.0,"enemies":"Snake Plant","floor":28.0,"turns":3.0},{"damage":2.0,"enemies":"Cultist and Chosen","floor":30.0,"turns":4.0},{"damage":69.0,"enemies":"Champ","floor":33.0,"turns":12.0},{"damage":11.0,"enemies":"Orb Walker","floor":35.0,"turns":5.0},{"damage":6.0,"enemies":"3 Shapes","floor":36.0,"turns":4.0},{"damage":27.0,"enemies":"Writhing Mass","floor":39.0,"turns":7.0},{"damage":0.0,"enemies":"Nemesis","floor":40.0,"turns":7.0},{"damage":25.0,"enemies":"Transient","floor":41.0,"turns":6.0},{"damage":0.0,"enemies":"Mind Bloom Boss Battle","floor":44.0,"turns":8.0},{"damage":25.0,"enemies":"Reptomancer","floor":45.0,"turns":6.0},{"damage":1.0,"enemies":"Maw","floor":46.0,"turns":9.0},{"damage":75,"enemies":"Donu and Deca","floor":50,"turns":7}],"seed_played":"7777450383023833139","potions_obtained":[{"floor":1.0,"key":"EssenceOfSteel"},{"floor":3.0,"key":"Block Potion"},{"floor":8.0,"key":"Dexterity Potion"},{"floor":13.0,"key":"SkillPotion"},{"floor":14.0,"key":"Energy Potion"},{"floor":25.0,"key":"Strength Potion"},{"floor":28.0,"key":"Ancient Potion"},{"floor":41.0,"key":"FocusPotion"},{"floor":44.0,"key":"Block Potion"},{"floor":45.0,"key":"FearPotion"}],"is_trial":false,"path_per_floor":["M","M","M","M","?","E","R","M","T","$","M","E","M","M","R","B",null,"M","$","M","M","M","E","?","M","T","R","M","R","M","?","R","B",null,"M","M","?","$","M","E","M","R","T","?","E","M","R","T","R","B"],"character_chosen":"DEFECT","items_purchased":["Regal Pillow","FTL","Conserve Battery","Beam Cell","Good Instincts","BootSequence","Buffer"],"campfire_rested":6,"item_purchase_floors":[10,10,10,10,19,38,38],"current_hp_per_floor":[62,61,60,51,44,3,24,24,24,24,30,10,8,13,49,49,66,44,44,43,41,47,24,24,12,12,48,38,38,43,43,71,9,56,52,46,46,46,26,33,8,44,44,51,26,32,32,32,68,0],"gold":276,"neow_bonus":"RANDOM_COMMON_RELIC","is_prod":false,"is_daily":false,"chose_seed":false,"campfire_upgraded":2,"win_rate":0,"timestamp":1568804755,"path_taken":["M","M","M","M","?","E","R","M","T","?","M","E","M","M","R","BOSS","M","$","M","M","M","E","?","M","T","R","M","R","M","?","R","BOSS","M","M","?","$","M","E","M","R","T","?","E","M","R","?","R","BOSS"],"build_version":"2019-07-17","purchased_purges":2,"victory":false,"max_hp_per_floor":[71,71,71,71,71,71,71,71,71,71,71,71,71,71,71,71,71,71,71,71,71,71,71,71,71,71,71,71,71,71,71,71,71,71,71,71,71,71,71,71,71,71,71,71,71,71,71,71,71,71],"card_choices":[{"not_picked":["Scrape","Streamline"],"picked":"Steam","floor":1.0},{"not_picked":["Skim","Stack"],"picked":"Rebound","floor":2.0},{"not_picked":["Stack","Steam"],"picked":"Sweeping Beam","floor":3.0},{"not_picked":["Stack","Doom and Gloom"],"picked":"Sweeping Beam","floor":4.0},{"not_picked":["Steam Power","Heatsinks"],"picked":"Ball Lightning","floor":6.0},{"not_picked":["Reprogram","Recycle"],"picked":"Self Repair","floor":8.0},{"not_picked":["Redo","Beam Cell"],"picked":"Defragment","floor":11.0},{"not_picked":["Rebound","Self Repair","White Noise"],"picked":"SKIP","floor":12.0},{"not_picked":["Redo","Steam"],"picked":"Conserve Battery","floor":13.0},{"not_picked":["Beam Cell","Stack"],"picked":"Electrodynamics","floor":14.0},{"not_picked":["Sweeping Beam","Compile Driver"],"picked":"Stack","floor":18.0},{"not_picked":["Conserve Battery","Hologram"],"picked":"Auto Shields","floor":20.0},{"not_picked":["Consume+1","Hyperbeam","Gash"],"picked":"SKIP","floor":21.0},{"not_picked":["Rebound","Compile Driver","Darkness"],"picked":"SKIP","floor":22.0},{"not_picked":["Beam Cell","Rebound"],"picked":"Melter","floor":23.0},{"not_picked":["Redo","Darkness"],"picked":"Rainbow","floor":25.0},{"not_picked":["Aggregate","Gash","Skim"],"picked":"SKIP","floor":28.0},{"not_picked":["Ball Lightning+1","Beam Cell"],"picked":"Conserve Battery","floor":30.0},{"not_picked":["Meteor Strike","Machine Learning"],"picked":"Buffer","floor":33.0},{"not_picked":["Chaos","Sunder"],"picked":"Recycle+1","floor":35.0},{"not_picked":["Steam Power","Barrage"],"picked":"Force Field+1","floor":36.0},{"not_picked":["Hologram","Skim"],"picked":"Redo+1","floor":39.0},{"not_picked":["Scrape","Beam Cell","Stack"],"picked":"SKIP","floor":40.0},{"not_picked":["Rip and Tear","Hologram","Cold Snap"],"picked":"SKIP","floor":41.0},{"not_picked":["Thunder Strike","Cold Snap"],"picked":"BootSequence","floor":45.0},{"not_picked":["Sweeping Beam","Aggregate+1"],"picked":"Streamline","floor":46.0}],"player_experience":404243,"relics_obtained":[{"floor":6.0,"key":"DataDisk"},{"floor":9.0,"key":"Letter Opener"},{"floor":12.0,"key":"Torii"},{"floor":23.0,"key":"Juzu Bracelet"},{"floor":26.0,"key":"Gremlin Horn"},{"floor":40.0,"key":"Ancient Tea Set"},{"floor":40.0,"key":"Art of War"},{"floor":43.0,"key":"Unceasing Top"},{"floor":44.0,"key":"Gambling Chip"},{"floor":45.0,"key":"Vajra"},{"floor":45.0,"key":"Potion Belt"},{"floor":48.0,"key":"Blood Vial"}],"event_choices":[{"damage_healed":0.0,"max_hp_gain":0.0,"max_hp_loss":0.0,"gold_gain":50.0,"event_name":"FaceTrader","player_choice":"Touch","floor":5.0,"gold_loss":0.0,"damage_taken":7.0},{"damage_healed":0.0,"max_hp_gain":0.0,"max_hp_loss":0.0,"gold_gain":0.0,"event_name":"Accursed Blacksmith","player_choice":"Forge","floor":24.0,"gold_loss":0.0,"damage_taken":0.0,"cards_upgraded":["Zap"]},{"damage_healed":0.0,"max_hp_gain":0.0,"max_hp_loss":0.0,"gold_gain":0.0,"event_name":"The Library","player_choice":"Read","floor":31.0,"gold_loss":0.0,"damage_taken":0.0,"cards_obtained":["Go for the Eyes"]},{"damage_healed":0.0,"max_hp_gain":0.0,"max_hp_loss":0.0,"gold_gain":0.0,"event_name":"Tomb of Lord Red Mask","player_choice":"Ignored","floor":37.0,"gold_loss":0.0,"damage_taken":0.0},{"damage_healed":0.0,"max_hp_gain":0.0,"max_hp_loss":0.0,"gold_gain":0.0,"event_name":"MindBloom","player_choice":"Fight","floor":44.0,"gold_loss":0.0,"damage_taken":0.0}],"is_beta":false,"boss_relics":[{"not_picked":["Cursed Key","Velvet Choker"],"picked":"Runic Pyramid"},{"not_picked":["Fusion Hammer","Calling Bell"],"picked":"Black Star"}],"items_purged_floors":[19,38],"is_endless":false,"potions_floor_spawned":[1,3,4,8,13,14,20,21,25,28,41,44,45],"killed_by":"Donu and Deca","ascension_level":18}