{"gold_per_floor":[109,120,133,150,160,160,160,170,196,261,261,279,279,20,20,122,122,139,151,164],"floor_reached":20,"playtime":12989,"items_purged":[],"score":205,"play_id":"bf573862-5fb1-40ce-b66c-7baaf088f041","local_time":"20190925015704","is_ascension_mode":false,"campfire_choices":[{"data":"Conserve Battery","floor":6.0,"key":"SMITH"},{"data":"Echo Form","floor":11,"key":"SMITH"},{"data":"Conserve Battery","floor":15,"key":"SMITH"}],"neow_cost":"NONE","seed_source_timestamp":191575390752900,"circlet_count":0,"master_deck":["Strike_B","Strike_B","Strike_B","Strike_B","Defend_B","Defend_B","Defend_B","Defend_B+1","Zap","Dualcast","Conserve Battery+1","Steam","Conserve Battery+1","Echo Form+1","Sweeping Beam","Buffer+1","Creative AI","Leap+1","Redo+1","Redo+1"],"special_seed":0,"relics":["Cracked Core","PreservedInsect","Tiny Chest","Toxic Egg 2","Velvet Choker"],"potions_floor_usage":[],"damage_taken":[{"damage":0.0,"enemies":"Small Slimes","floor":1.0,"turns":3.0},{"damage":2.0,"enemies":"Cultist","floor":2.0,"turns":4.0},{"damage":13.0,"enemies":"Jaw Worm","floor":3.0,"turns":4.0},{"damage":1.0,"enemies":"Red Slaver","floor":4.0,"turns":3.0},{"damage":4.0,"enemies":"Large Slime","floor":5.0,"turns":5.0},{"damage":0,"enemies":"Lots of Slimes","floor":8,"turns":4},{"damage":0,"enemies":"Lagavulin","floor":10,"turns":6},{"damage":0,"enemies":"3 Louse","floor":12,"turns":3},{"damage":19,"enemies":"The Guardian","floor":16,"turns":15},{"damage":19,"enemies":"3 Byrds","floor":18,"turns":5},{"damage":0,"enemies":"Chosen","floor":19,"turns":8},{"damage":16,"enemies":"Shelled Parasite and Fungi","floor":20,"turns":30}],"seed_played":"-8746906427436664016","potions_obtained":[{"floor":2.0,"key":"SpeedPotion"},{"floor":4.0,"key":"Swift Potion"},{"floor":8,"key":"PowerPotion"}],"is_trial":false,"path_per_floor":["M","M","M","M","M","R","?","M","T","E","R","M","?","$","R","B",null,"M","M","M"],"character_chosen":"DEFECT","items_purchased":["Toxic Egg 2"],"campfire_rested":0,"item_purchase_floors":[14],"current_hp_per_floor":[75,73,60,59,55,55,55,55,55,55,55,55,55,55,55,36,75,56,56,40],"gold":164,"neow_bonus":"UPGRADE_CARD","is_prod":false,"is_daily":false,"chose_seed":false,"campfire_upgraded":3,"win_rate":0,"timestamp":1569344224,"path_taken":["M","M","M","M","M","R","?","?","T","E","R","M","?","$","R","BOSS","M","M","M"],"build_version":"2019-07-17","purchased_purges":0,"victory":false,"max_hp_per_floor":[75,75,75,75,75,75,75,75,75,75,75,75,75,75,75,75,75,75,75,75],"card_choices":[{"not_picked":["Stack","Coolheaded"],"picked":"Conserve Battery","floor":1.0},{"not_picked":["Glacier","Doom and Gloom"],"picked":"Steam","floor":2.0},{"not_picked":["Compile Driver","Coolheaded","Go for the Eyes"],"picked":"SKIP","floor":3.0},{"not_picked":["Hologram","Leap"],"picked":"Conserve Battery","floor":4.0},{"not_picked":["Barrage","Chill","Cold Snap"],"picked":"SKIP","floor":5.0},{"not_picked":["Darkness","Hologram"],"picked":"Sweeping Beam","floor":8},{"not_picked":["Ball Lightning","FTL"],"picked":"Buffer","floor":10},{"not_picked":["Rebound","Compile Driver","Glacier"],"picked":"SKIP","floor":12},{"not_picked":["Reboot+1","Seek+1"],"picked":"Creative AI","floor":16},{"not_picked":["Doom and Gloom","Static Discharge"],"picked":"Leap+1","floor":18},{"not_picked":["Melter","Glacier+1"],"picked":"Redo+1","floor":19},{"not_picked":["Turbo+1","Steam+1"],"picked":"Redo+1","floor":20}],"player_experience":462771,"relics_obtained":[{"floor":9,"key":"PreservedInsect"},{"floor":10,"key":"Tiny Chest"}],"event_choices":[{"damage_healed":0,"gold_gain":0,"player_choice":"1 cards matched","damage_taken":0,"max_hp_gain":0,"max_hp_loss":0,"event_name":"Match and Keep!","floor":7,"gold_loss":0,"cards_obtained":["Echo Form"]},{"damage_healed":0,"gold_gain":0,"player_choice":"Forge","damage_taken":0,"max_hp_gain":0,"max_hp_loss":0,"event_name":"Accursed Blacksmith","floor":13,"gold_loss":0,"cards_upgraded":["Buffer"]}],"is_beta":false,"boss_relics":[{"not_picked":["Calling Bell","Pandora\u0027s Box"],"picked":"Velvet Choker"}],"items_purged_floors":[],"is_endless":false,"potions_floor_spawned":[2,4,8,10,19],"killed_by":"Shelled Parasite and Fungi","ascension_level":0}