{"gold_per_floor":[115,115,92,92,105,133,133,133,203,54,64,87,87,106,106,202,202,215,71,87,105,30,30],"floor_reached":23,"playtime":1043,"items_purged":[],"score":235,"play_id":"9edf8927-0cf3-4122-be65-333fb80c1cb4","local_time":"20180805163957","is_ascension_mode":true,"campfire_choices":[{"data":"Zap","floor":7,"key":"SMITH"},{"data":"Streamline","floor":15,"key":"SMITH"}],"neow_cost":"NONE","seed_source_timestamp":23733020917595,"circlet_count":0,"master_deck":["Strike_B","Strike_B","Defend_B","Defend_B","Defend_B","Defend_B","Zap+1","Dualcast+1","Capacitor","Go for the Eyes","Sweeping Beam","Genetic Algorithm","Defragment","Hologram","Go for the Eyes","Force Field","Jack Of All Trades","Streamline+1","Seek","Streamline","Self Repair","Melter","Ball Lightning","Stack"],"relics":["Cracked Core","NeowsBlessing","Letter Opener","Happy Flower","Mummified Hand","Bronze Scales","Black Star"],"potions_floor_usage":[23],"damage_taken":[{"damage":0,"enemies":"Jaw Worm","floor":1,"turns":1},{"damage":0,"enemies":"Cultist","floor":5,"turns":1},{"damage":0,"enemies":"Lagavulin","floor":6,"turns":1},{"damage":7,"enemies":"2 Louse","floor":11,"turns":2},{"damage":3,"enemies":"Looter","floor":14,"turns":2},{"damage":44,"enemies":"The Guardian","floor":16,"turns":9},{"damage":7,"enemies":"Shell Parasite","floor":18,"turns":3},{"damage":6,"enemies":"Spheric Guardian","floor":20,"turns":3},{"damage":38,"enemies":"Snake Plant","floor":21,"turns":4},{"damage":32,"enemies":"Slavers","floor":23,"turns":2}],"seed_played":"-2914672906930119998","potions_obtained":[{"floor":1,"key":"AttackPotion"},{"floor":11,"key":"Poison Potion"},{"floor":21,"key":"Ancient Potion"}],"is_trial":false,"path_per_floor":["M","?","$","?","M","E","R","?","T","$","M","T","?","M","R","B",null,"M","$","M","M","?"],"character_chosen":"DEFECT","items_purchased":["Go for the Eyes","Defragment","Hologram","Go for the Eyes","Self Repair","Melter"],"campfire_rested":0,"item_purchase_floors":[3,10,10,10,19,19],"current_hp_per_floor":[75,75,75,68,68,68,68,68,68,68,61,61,61,58,58,14,75,68,68,62,31,31,0],"gold":30,"neow_bonus":"THREE_ENEMY_KILL","is_prod":false,"is_daily":false,"chose_seed":false,"campfire_upgraded":2,"win_rate":0,"timestamp":1533454797,"path_taken":["M","?","$","?","M","E","R","?","T","?","?","?","?","M","R","BOSS","M","$","M","M","?","E"],"build_version":"2018-08-02","purchased_purges":0,"victory":false,"max_hp_per_floor":[75,75,75,75,75,75,75,75,75,75,75,75,75,75,75,75,75,75,75,75,75,75,75],"card_choices":[{"not_picked":["Compile Driver","FTL"],"picked":"Capacitor","floor":1},{"not_picked":["Steam Power","Beam Cell"],"picked":"Sweeping Beam","floor":5},{"not_picked":["Aggregate","Leap"],"picked":"Genetic Algorithm","floor":6},{"not_picked":["Gash","Self Repair"],"picked":"Force Field","floor":11},{"not_picked":["Chill","Stack"],"picked":"Streamline","floor":14},{"not_picked":["Rainbow","Hyperbeam"],"picked":"Seek","floor":16},{"not_picked":["Undo","Gash"],"picked":"Streamline","floor":18},{"not_picked":["Barrage","Sweeping Beam"],"picked":"Ball Lightning","floor":20},{"not_picked":["Steam","Rainbow"],"picked":"Stack","floor":21}],"player_experience":117920,"relics_obtained":[{"floor":6,"key":"Happy Flower"},{"floor":9,"key":"Mummified Hand"},{"floor":12,"key":"Bronze Scales"}],"event_choices":[{"event_name":"WeMeetAgain","player_choice":"Potion","floor":2,"damage_taken":0},{"event_name":"Golden Wing","player_choice":"Card Removal","floor":4,"damage_taken":0},{"event_name":"Living Wall","player_choice":"Grow","floor":8,"damage_taken":0},{"event_name":"Match and Keep!","player_choice":"1 cards matched","floor":13,"damage_taken":0},{"event_name":"Beggar","player_choice":"Gave Gold","floor":22,"damage_taken":0}],"is_beta":false,"boss_relics":[{"not_picked":["Coffee Dripper","Velvet Choker"],"picked":"Black Star"}],"items_purged_floors":[],"is_endless":false,"potions_floor_spawned":[1,11,21],"killed_by":"Slavers","ascension_level":2}