{"gold_per_floor":[361,373,373,392,392,392,420,420,420,435,485,485,87,114,114,192,192,212,30,30,46,46,46,81,81,81,109,109,139,153,153,153,232,232,249,53,53,53,65,90,90,122,146,181,201,212,212,231,231,231],"floor_reached":51,"playtime":3816,"items_purged":["Pain","Strike_R"],"score":1393,"play_id":"6f51530b-4423-4971-83eb-dd1fd987d168","local_time":"20191008014024","is_ascension_mode":true,"campfire_choices":[{"data":"Rampage","floor":6,"key":"SMITH"},{"floor":8,"key":"REST"},{"floor":12,"key":"REST"},{"data":"Clothesline","floor":15,"key":"SMITH"},{"data":"Shrug It Off","floor":23,"key":"SMITH"},{"data":"Heavy Blade","floor":25,"key":"SMITH"},{"data":"Flame Barrier","floor":28,"key":"SMITH"},{"data":"Spot Weakness","floor":32,"key":"SMITH"},{"data":"Limit Break","floor":41,"key":"SMITH"},{"data":"Flame Barrier","floor":49,"key":"SMITH"}],"neow_cost":"PERCENT_DAMAGE","seed_source_timestamp":40803046611500,"circlet_count":0,"master_deck":["AscendersBane","Strike_R","Strike_R","Strike_R","Defend_R+1","Defend_R","Defend_R","Defend_R","Bash+1","Anger","Disarm","Rampage+1","Reaper+1","Shrug It Off+1","Spot Weakness+1","Headbutt+1","Headbutt","Clothesline+1","Offering","Flame Barrier+1","Necronomicurse","Sever Soul+1","Flame Barrier","Heavy Blade+1","Flame Barrier+1","Limit Break+1","Metallicize","Apotheosis","Warcry+1","Pommel Strike+1","Reaper"],"relics":["Burning Blood","WarpedTongs","The Courier","Bag of Preparation","Meat on the Bone","Red Skull","Velvet Choker","Membership Card","Necronomicon","Regal Pillow","Pear","Whetstone","Ginger","Singing Bowl","Philosopher\u0027s Stone","Sundial","Ornamental Fan","Ancient Tea Set","Potion Belt","Shuriken"],"potions_floor_usage":[7,24,40,44,50,50],"damage_taken":[{"damage":6,"enemies":"Cultist","floor":1,"turns":4},{"damage":4,"enemies":"2 Louse","floor":2,"turns":2},{"damage":5,"enemies":"Small Slimes","floor":4,"turns":3},{"damage":26,"enemies":"3 Sentries","floor":7,"turns":7},{"damage":13,"enemies":"Exordium Thugs","floor":10,"turns":5},{"damage":15,"enemies":"Gremlin Nob","floor":14,"turns":3},{"damage":34,"enemies":"Hexaghost","floor":16,"turns":9},{"damage":6,"enemies":"Chosen","floor":18,"turns":4},{"damage":17,"enemies":"2 Thieves","floor":21,"turns":2},{"damage":19,"enemies":"Gremlin Leader","floor":24,"turns":5},{"damage":18,"enemies":"Book of Stabbing","floor":27,"turns":4},{"damage":12,"enemies":"Gremlin Leader","floor":29,"turns":5},{"damage":19,"enemies":"Shelled Parasite and Fungi","floor":30,"turns":4},{"damage":46,"enemies":"Automaton","floor":33,"turns":6},{"damage":14,"enemies":"3 Shapes","floor":35,"turns":2},{"damage":53,"enemies":"3 Darklings","floor":39,"turns":7},{"damage":8,"enemies":"Nemesis","floor":40,"turns":3},{"damage":48,"enemies":"Giant Head","floor":42,"turns":8},{"damage":12,"enemies":"Nemesis","floor":44,"turns":5},{"damage":0,"enemies":"Transient","floor":45,"turns":5},{"damage":10,"enemies":"Spire Growth","floor":46,"turns":3},{"damage":11,"enemies":"4 Shapes","floor":48,"turns":5},{"damage":69,"enemies":"Donu and Deca","floor":50,"turns":6}],"seed_played":"1639882119822947707","potions_obtained":[{"floor":2,"key":"Explosive Potion"},{"floor":7,"key":"SkillPotion"},{"floor":14,"key":"Dexterity Potion"},{"floor":18,"key":"SteroidPotion"},{"floor":33,"key":"Poison Potion"},{"floor":42,"key":"SkillPotion"},{"floor":46,"key":"FearPotion"},{"floor":48,"key":"Dexterity Potion"}],"is_trial":false,"path_per_floor":["M","M","?","M","?","R","E","R","T","M","?","R","$","E","R","B",null,"M","$","?","M","?","R","E","R","T","E","R","E","M","T","R","B",null,"M","$","?","?","M","E","R","E","T","E","M","M","?","M","R","B",null],"character_chosen":"IRONCLAD","items_purchased":["Meat on the Bone","Spot Weakness","Headbutt","Headbutt","Membership Card","Sundial","Metallicize"],"campfire_rested":2,"item_purchase_floors":[13,13,13,13,19,36,36],"current_hp_per_floor":[50,52,29,30,30,30,10,32,32,25,18,40,40,43,43,35,65,75,75,54,55,55,55,54,54,64,52,52,85,72,72,72,61,79,79,79,79,79,54,52,52,22,22,42,89,89,89,91,91,62],"gold":231,"neow_bonus":"TWO_FIFTY_GOLD","is_prod":false,"is_daily":false,"chose_seed":false,"campfire_upgraded":8,"win_rate":0,"timestamp":1570513224,"path_taken":["M","?","?","M","?","R","E","R","T","?","?","R","$","E","R","BOSS","M","$","?","M","?","R","E","R","T","E","R","E","?","?","R","BOSS","M","$","?","?","M","E","R","E","T","E","M","M","?","?","R","BOSS"],"build_version":"2019-07-17","purchased_purges":2,"victory":true,"max_hp_per_floor":[75,75,75,75,75,75,75,75,75,75,75,75,75,75,75,75,75,75,75,75,75,75,75,75,75,85,85,85,85,85,85,85,85,85,87,87,83,83,85,85,85,85,85,87,89,89,89,91,91,91],"card_choices":[{"not_picked":["Searing Blow","Evolve"],"picked":"Anger","floor":1},{"not_picked":["Warcry","Power Through"],"picked":"Disarm","floor":2},{"not_picked":["Thunderclap","Corruption"],"picked":"Rampage","floor":4},{"not_picked":["Shrug It Off","Seeing Red"],"picked":"Reaper","floor":7},{"not_picked":["Headbutt","True Grit"],"picked":"Shrug It Off","floor":10},{"not_picked":["Warcry","Body Slam"],"picked":"Clothesline","floor":14},{"not_picked":["Juggernaut","Impervious"],"picked":"Offering","floor":16},{"not_picked":["Pummel","Perfected Strike"],"picked":"Flame Barrier","floor":18},{"not_picked":["Iron Wave","Pommel Strike"],"picked":"Sever Soul+1","floor":21},{"not_picked":["Rage","Rupture"],"picked":"Heavy Blade","floor":24},{"not_picked":["Dual Wield","Flex","Rupture"],"picked":"SKIP","floor":27},{"not_picked":["Combust","Sentinel"],"picked":"Flame Barrier","floor":29},{"not_picked":["Headbutt","Heavy Blade","Blood for Blood"],"picked":"SKIP","floor":30},{"not_picked":["Brutality","Berserk"],"picked":"Limit Break","floor":33},{"not_picked":["Cleave+1","Uppercut","Clash"],"picked":"Singing Bowl","floor":35},{"not_picked":["Trip","Bandage Up"],"picked":"Apotheosis","floor":38},{"not_picked":["Warcry","Iron Wave","Headbutt"],"picked":"Singing Bowl","floor":39},{"not_picked":["Flame Barrier+1","Armaments+1"],"picked":"Warcry+1","floor":40},{"not_picked":["Heavy Blade","Searing Blow"],"picked":"Pommel Strike+1","floor":42},{"not_picked":["Headbutt","Blood for Blood","Clothesline"],"picked":"Singing Bowl","floor":44},{"not_picked":["Flex+1","Body Slam+1","Sword Boomerang"],"picked":"Singing Bowl","floor":45},{"not_picked":["Headbutt","Cleave"],"picked":"Reaper","floor":46},{"not_picked":["Rupture","Havoc","Twin Strike"],"picked":"Singing Bowl","floor":48}],"player_experience":504997,"relics_obtained":[{"floor":7,"key":"The Courier"},{"floor":9,"key":"Bag of Preparation"},{"floor":14,"key":"Red Skull"},{"floor":20,"key":"Necronomicon"},{"floor":24,"key":"Regal Pillow"},{"floor":26,"key":"Pear"},{"floor":27,"key":"Whetstone"},{"floor":29,"key":"Ginger"},{"floor":31,"key":"Singing Bowl"},{"floor":40,"key":"Ornamental Fan"},{"floor":42,"key":"Ancient Tea Set"},{"floor":43,"key":"Potion Belt"},{"floor":44,"key":"Shuriken"}],"event_choices":[{"damage_healed":0,"gold_gain":0,"player_choice":"Entered Light","damage_taken":23,"max_hp_gain":0,"max_hp_loss":0,"event_name":"Shining Light","floor":3,"gold_loss":0,"cards_upgraded":["Defend_R","Bash"]},{"damage_healed":0,"gold_gain":0,"player_choice":"Rummage","damage_taken":0,"relics_obtained":["WarpedTongs"],"max_hp_gain":0,"max_hp_loss":0,"event_name":"Accursed Blacksmith","floor":5,"gold_loss":0,"cards_obtained":["Pain"]},{"damage_healed":0,"gold_gain":50,"player_choice":"Touch","damage_taken":7,"max_hp_gain":0,"max_hp_loss":0,"event_name":"FaceTrader","floor":11,"gold_loss":0},{"damage_healed":0,"gold_gain":0,"player_choice":"Obtained Book","damage_taken":21,"max_hp_gain":0,"max_hp_loss":0,"event_name":"Cursed Tome","floor":20,"gold_loss":0},{"damage_healed":0,"gold_gain":0,"player_choice":"Copied","damage_taken":0,"max_hp_gain":0,"max_hp_loss":0,"event_name":"Duplicator","floor":22,"gold_loss":0,"cards_obtained":["Flame Barrier"]},{"damage_healed":0,"gold_gain":0,"player_choice":"Max HP","damage_taken":0,"max_hp_gain":0,"max_hp_loss":4,"event_name":"Winding Halls","floor":37,"gold_loss":0},{"damage_healed":0,"gold_gain":0,"player_choice":"Memory 1","damage_taken":0,"max_hp_gain":0,"max_hp_loss":0,"event_name":"SensoryStone","floor":38,"gold_loss":0},{"cards_removed":["Strike_R"],"damage_healed":0,"gold_gain":0,"player_choice":"Purged","damage_taken":0,"max_hp_gain":0,"max_hp_loss":0,"event_name":"Purifier","floor":47,"gold_loss":0}],"is_beta":false,"boss_relics":[{"not_picked":["Orrery","White Beast Statue"],"picked":"Velvet Choker"},{"not_picked":["Black Star","Runic Cube"],"picked":"Philosopher\u0027s Stone"}],"items_purged_floors":[13,36],"is_endless":false,"potions_floor_spawned":[2,7,14,18,33,39,42,46,48],"ascension_level":16}