{"gold_per_floor":[114,114,114,128,142,142,22,34,34,44,58,88,88],"floor_reached":13,"playtime":391,"items_purged":["Strike_G"],"score":104,"play_id":"1482783d-c091-465b-a7bd-603625af2dd3","local_time":"20190107213415","is_ascension_mode":true,"campfire_choices":[{"data":"Deflect","floor":6,"key":"SMITH"}],"neow_cost":"NONE","seed_source_timestamp":332820411066057,"circlet_count":0,"master_deck":["Defend_G","Defend_G","Defend_G","Defend_G","Defend_G","Strike_G","Strike_G","Strike_G","Strike_G","Survivor","Neutralize+1","Flying Knee","Poisoned Stab","Deflect+1","Deflect","Deflect","Bouncing Flask"],"relics":["Ring of the Snake","NeowsBlessing","Matryoshka","Lantern"],"potions_floor_usage":[12],"damage_taken":[{"damage":0,"enemies":"Small Slimes","floor":1,"turns":1},{"damage":0,"enemies":"Jaw Worm","floor":4,"turns":1},{"damage":0,"enemies":"Cultist","floor":5,"turns":1},{"damage":22,"enemies":"Gremlin Gang","floor":8,"turns":6},{"damage":1,"enemies":"Looter","floor":10,"turns":4},{"damage":3,"enemies":"2 Fungi Beasts","floor":11,"turns":5},{"damage":17,"enemies":"Lagavulin","floor":12,"turns":6},{"damage":46,"enemies":"Gremlin Gang","floor":13,"turns":3}],"seed_played":"-6343308081778839606","potions_obtained":[{"floor":4,"key":"Regen Potion"},{"floor":12,"key":"Ancient Potion"}],"is_trial":false,"path_per_floor":["M","?","?","M","M","R","$","M","T","M","M","E","M"],"character_chosen":"THE_SILENT","items_purchased":["Deflect"],"campfire_rested":0,"item_purchase_floors":[7],"current_hp_per_floor":[70,75,75,75,75,75,75,53,53,52,49,44,0],"gold":88,"neow_bonus":"THREE_ENEMY_KILL","is_prod":false,"is_daily":false,"chose_seed":false,"campfire_upgraded":1,"win_rate":0,"timestamp":1546864455,"path_taken":["M","?","?","?","M","R","$","M","T","M","?","E","M"],"build_version":"2019-01-03v4","purchased_purges":1,"victory":false,"max_hp_per_floor":[70,75,75,75,75,75,75,75,75,75,75,75,75],"card_choices":[{"not_picked":["Bane","Cloak And Dagger"],"picked":"Flying Knee","floor":1},{"not_picked":["Dagger Spray","Riddle With Holes"],"picked":"Poisoned Stab","floor":4},{"not_picked":["Dodge and Roll","Deadly Poison"],"picked":"Deflect","floor":5},{"not_picked":["Dagger Spray","Concentrate","Dagger Throw"],"picked":"SKIP","floor":8},{"not_picked":["Dagger Throw","Tactician"],"picked":"Deflect","floor":10},{"not_picked":["Predator","All Out Attack"],"picked":"Bouncing Flask","floor":11},{"not_picked":["PiercingWail","Distraction","Dodge and Roll"],"picked":"SKIP","floor":12}],"player_experience":293810,"relics_obtained":[{"floor":9,"key":"Matryoshka"},{"floor":12,"key":"Lantern"}],"event_choices":[{"damage_healed":0,"gold_gain":0,"player_choice":"Donut","damage_taken":0,"max_hp_gain":5,"max_hp_loss":0,"event_name":"Big Fish","floor":2,"gold_loss":0},{"damage_healed":0,"gold_gain":0,"player_choice":"Forge","damage_taken":0,"max_hp_gain":0,"max_hp_loss":0,"event_name":"Accursed Blacksmith","floor":3,"gold_loss":0,"cards_upgraded":["Neutralize"]}],"is_beta":false,"boss_relics":[],"items_purged_floors":[7],"is_endless":false,"potions_floor_spawned":[4,12],"killed_by":"Gremlin Gang","ascension_level":4}