{"gold_per_floor":[212,232,307,307,324,324,352,352,352,378,378,393,17,17,17,92,92,112,112,112,22,41,41,41],"floor_reached":24,"playtime":1603,"items_purged":[],"score":404,"play_id":"16d1d60b-1488-47fa-b800-6fc1c24ce99c","local_time":"20190321125320","is_ascension_mode":true,"campfire_choices":[{"data":"Bash","floor":6,"key":"SMITH"},{"floor":8,"key":"REST"},{"floor":11,"key":"REST"},{"floor":15,"key":"REST"},{"data":"Whirlwind","floor":23,"key":"SMITH"}],"neow_cost":"NONE","seed_source_timestamp":266507692463000,"circlet_count":0,"master_deck":["AscendersBane","Strike_R","Strike_R","Strike_R","Strike_R","Defend_R","Defend_R","Defend_R","Defend_R","Bash+1","Shrug It Off","Whirlwind+1","Cleave","Twin Strike","Iron Wave","Flame Barrier","Flex","Metallicize","Inflame","Metallicize"],"relics":["Burning Blood","Peace Pipe","Shovel","Anchor","Pocketwatch","Velvet Choker","Ornamental Fan"],"potions_floor_usage":[10,16,24],"damage_taken":[{"damage":4,"enemies":"Small Slimes","floor":1,"turns":4},{"damage":9,"enemies":"Jaw Worm","floor":2,"turns":6},{"damage":2,"enemies":"2 Louse","floor":5,"turns":5},{"damage":52,"enemies":"3 Sentries","floor":7,"turns":9},{"damage":41,"enemies":"Lagavulin","floor":10,"turns":8},{"damage":11,"enemies":"Looter","floor":12,"turns":4},{"damage":27,"enemies":"The Guardian","floor":16,"turns":19},{"damage":5,"enemies":"3 Byrds","floor":18,"turns":4},{"damage":14,"enemies":"Colosseum Slavers","floor":19,"turns":4},{"damage":10,"enemies":"Shell Parasite","floor":22,"turns":5},{"damage":61,"enemies":"Book of Stabbing","floor":24,"turns":5}],"seed_played":"-8007595602553575040","potions_obtained":[{"floor":7,"key":"Regen Potion"},{"floor":10,"key":"Dexterity Potion"},{"floor":12,"key":"FearPotion"},{"floor":18,"key":"FairyPotion"}],"is_trial":false,"path_per_floor":["M","M","?","?","M","R","E","R","T","E","R","M","$","?","R","B",null,"M","?","T","$","M","R","E"],"character_chosen":"IRONCLAD","items_purchased":["Pocketwatch","Flex","Inflame"],"campfire_rested":3,"item_purchase_floors":[13,13,21],"current_hp_per_floor":[70,67,56,49,53,53,7,29,29,9,31,26,26,26,48,27,63,64,56,56,56,52,52,0],"gold":41,"neow_bonus":"HUNDRED_GOLD","is_prod":false,"is_daily":false,"chose_seed":false,"campfire_upgraded":2,"win_rate":0,"timestamp":1553162000,"path_taken":["M","M","?","?","M","R","E","R","T","E","R","M","$","?","R","BOSS","M","?","?","$","M","R","E"],"build_version":"2019-01-23","purchased_purges":0,"victory":false,"max_hp_per_floor":[75,75,75,75,75,75,75,75,75,75,75,75,75,75,75,75,75,75,75,75,75,75,75,75],"card_choices":[{"not_picked":["Havoc","Wild Strike"],"picked":"Shrug It Off","floor":1},{"not_picked":["Sword Boomerang","Searing Blow"],"picked":"Whirlwind","floor":2},{"not_picked":["Havoc","True Grit"],"picked":"Cleave","floor":5},{"not_picked":["Headbutt","Intimidate"],"picked":"Twin Strike","floor":7},{"not_picked":["Armaments","Disarm"],"picked":"Iron Wave","floor":10},{"not_picked":["Rampage","Wild Strike"],"picked":"Flame Barrier","floor":12},{"not_picked":["Twin Strike","Infernal Blade"],"picked":"Metallicize","floor":18},{"not_picked":["Warcry","Sever Soul"],"picked":"Metallicize","floor":22}],"player_experience":979950,"relics_obtained":[{"floor":7,"key":"Peace Pipe"},{"floor":9,"key":"Shovel"},{"floor":10,"key":"Anchor"},{"floor":20,"key":"Ornamental Fan"}],"event_choices":[{"damage_healed":0,"gold_gain":75,"player_choice":"Gather Gold","damage_taken":11,"max_hp_gain":0,"max_hp_loss":0,"event_name":"World of Goop","floor":3,"gold_loss":0},{"cards_removed":["Strike_R"],"damage_healed":0,"gold_gain":0,"player_choice":"Card Removal","damage_taken":7,"max_hp_gain":0,"max_hp_loss":0,"event_name":"Golden Wing","floor":4,"gold_loss":0},{"damage_healed":0,"gold_gain":0,"player_choice":"Ignored","damage_taken":0,"max_hp_gain":0,"max_hp_loss":0,"event_name":"Liars Game","floor":14,"gold_loss":0},{"damage_healed":0,"gold_gain":0,"player_choice":"Fight","damage_taken":0,"max_hp_gain":0,"max_hp_loss":0,"event_name":"Colosseum","floor":19,"gold_loss":0},{"damage_healed":0,"gold_gain":0,"player_choice":"Fled From Nobs","damage_taken":0,"max_hp_gain":0,"max_hp_loss":0,"event_name":"Colosseum","floor":19,"gold_loss":0}],"is_beta":false,"boss_relics":[{"not_picked":["Empty Cage","Orrery"],"picked":"Velvet Choker"}],"items_purged_floors":[],"is_endless":false,"potions_floor_spawned":[7,10,12,18,22],"killed_by":"Book of Stabbing","ascension_level":20}