{"gold_per_floor":[18,36,36,36,36,36,67,67,137,137,157,157,168,70,70,147,147,163,141,141,156,174,174,99,14,14,25,25,39,39,64,64,139,139,157,157,172,272,272,272,289,323,323,323,337,347,381,400,400,400,400],"floor_reached":52,"playtime":6014,"items_purged":[],"score":2349,"play_id":"6f51cdf5-ff6a-4699-8bca-6b2a0dd483b4","local_time":"20190428151104","is_ascension_mode":true,"campfire_choices":[{"floor":6.0,"key":"REST"},{"data":"Barricade","floor":10.0,"key":"SMITH"},{"data":"Body Slam","floor":12.0,"key":"SMITH"},{"data":"True Grit","floor":15.0,"key":"SMITH"},{"data":"Corruption","floor":23.0,"key":"SMITH"},{"data":"Burning Pact","floor":28.0,"key":"SMITH"},{"data":"Feel No Pain","floor":30.0,"key":"SMITH"},{"data":"Flame Barrier","floor":32.0,"key":"SMITH"},{"floor":40,"key":"RECALL"},{"data":"Strike_R+1","floor":44,"key":"PURGE"},{"data":"Corruption+1","floor":49,"key":"PURGE"}],"neow_cost":"NO_GOLD","seed_source_timestamp":0,"circlet_count":0,"master_deck":["AscendersBane","Defend_R+1","Defend_R","Defend_R","Defend_R","Bash+1","Disarm","Clothesline","Barricade+1","Body Slam+1","Feel No Pain+1","True Grit+1","Sever Soul+1","Corruption+1","Flame Barrier+1","Burning Pact+1","Armaments","Armaments","Havoc","Second Wind+1","Havoc","Battle Trance","Warcry","Entrench"],"special_seed":0,"relics":["Burning Blood","StoneCalendar","Oddly Smooth Stone","Gambling Chip","Matryoshka","Coffee Dripper","Whetstone","Dead Branch","Bottled Tornado","Smiling Mask","Eternal Feather","Peace Pipe","Orichalcum","Question Card","Regal Pillow"],"potions_floor_usage":[51],"damage_taken":[{"damage":15.0,"enemies":"Small Slimes","floor":1.0,"turns":5.0},{"damage":5.0,"enemies":"Jaw Worm","floor":2.0,"turns":6.0},{"damage":21.0,"enemies":"Lagavulin","floor":7.0,"turns":7.0},{"damage":0.0,"enemies":"Cultist","floor":11.0,"turns":4.0},{"damage":26.0,"enemies":"Gremlin Gang","floor":13.0,"turns":6.0},{"damage":19.0,"enemies":"The Guardian","floor":16.0,"turns":15.0},{"damage":17.0,"enemies":"Shell Parasite","floor":18.0,"turns":7.0},{"damage":9.0,"enemies":"2 Thieves","floor":19.0,"turns":4.0},{"damage":10.0,"enemies":"Snecko","floor":21.0,"turns":5.0},{"damage":35.0,"enemies":"Sentry and Sphere","floor":22.0,"turns":8.0},{"damage":0.0,"enemies":"Snake Plant","floor":27.0,"turns":1.0},{"damage":0.0,"enemies":"Snecko","floor":29.0,"turns":4.0},{"damage":0.0,"enemies":"Collector","floor":33.0,"turns":2.0},{"damage":0,"enemies":"Orb Walker","floor":35,"turns":2},{"damage":9,"enemies":"3 Darklings","floor":37,"turns":5},{"damage":0,"enemies":"Mind Bloom Boss Battle","floor":38,"turns":3},{"damage":6,"enemies":"Transient","floor":41,"turns":6},{"damage":0,"enemies":"Giant Head","floor":42,"turns":5},{"damage":0,"enemies":"Sphere and 2 Shapes","floor":45,"turns":2},{"damage":3,"enemies":"3 Darklings","floor":46,"turns":4},{"damage":0,"enemies":"Reptomancer","floor":47,"turns":4},{"damage":6,"enemies":"Writhing Mass","floor":48,"turns":3},{"damage":0,"enemies":"Time Eater","floor":50,"turns":5},{"damage":0,"enemies":"Donu and Deca","floor":51,"turns":9}],"seed_played":"-8756883575903967591","potions_obtained":[{"floor":1.0,"key":"Swift Potion"},{"floor":2.0,"key":"Swift Potion"},{"floor":11.0,"key":"Dexterity Potion"},{"floor":19.0,"key":"LiquidBronze"},{"floor":37,"key":"Dexterity Potion"}],"is_trial":false,"path_per_floor":["M","M","?","?","?","R","E","?","T","R","M","R","M","$","R","B",null,"M","M","?","M","M","R","?","$","T","M","R","M","R","T","R","B",null,"M","?","M","?","?","R","M","E","T","R","M","M","E","M","R","B","B",null],"character_chosen":"IRONCLAD","items_purchased":["Feel No Pain","True Grit","Flame Barrier"],"campfire_rested":1,"item_purchase_floors":[14,14,25],"current_hp_per_floor":[59,60,34,34,11,33,18,43,43,43,49,49,29,29,29,16,60,49,46,46,42,13,13,13,13,13,19,19,25,25,25,25,31,64,70,70,67,73,73,75,75,75,75,75,75,75,75,75,75,75,75],"gold":400,"neow_bonus":"ONE_RARE_RELIC","is_prod":false,"is_daily":false,"chose_seed":false,"campfire_upgraded":7,"win_rate":0,"timestamp":1556453464,"path_taken":["M","M","?","?","?","R","E","?","T","R","M","R","?","?","R","BOSS","M","?","?","M","M","R","?","$","T","?","R","M","R","?","R","BOSS","M","?","?","?","?","R","M","E","T","R","M","M","E","M","R","BOSS","BOSS"],"build_version":"2019-01-23","purchased_purges":0,"victory":true,"max_hp_per_floor":[75,75,75,75,75,75,75,75,75,75,75,75,75,75,75,75,75,75,75,75,75,75,75,75,75,75,75,75,75,75,75,75,75,75,75,75,75,75,75,75,75,75,75,75,75,75,75,75,75,75,75],"card_choices":[{"not_picked":["Heavy Blade","Fire Breathing"],"picked":"Disarm","floor":1.0},{"not_picked":["Infernal Blade","Warcry"],"picked":"Clothesline","floor":2.0},{"not_picked":["Heavy Blade","Body Slam"],"picked":"Barricade","floor":7.0},{"not_picked":["Inflame","Warcry"],"picked":"Body Slam","floor":11.0},{"not_picked":["Twin Strike","Power Through","Heavy Blade"],"picked":"SKIP","floor":13.0},{"not_picked":["Dropkick","Sword Boomerang","Anger"],"picked":"SKIP","floor":18.0},{"not_picked":["Spot Weakness","Sword Boomerang+1","Sever Soul+1"],"picked":"SKIP","floor":19.0},{"not_picked":["Pummel","Blood for Blood","Clash"],"picked":"SKIP","floor":21.0},{"not_picked":["Perfected Strike","Body Slam","Sever Soul"],"picked":"SKIP","floor":22.0},{"not_picked":["Metallicize+1","Clothesline"],"picked":"Burning Pact","floor":27.0},{"not_picked":["Metallicize","Clothesline+1"],"picked":"Corruption+1","floor":29.0},{"not_picked":["Clash","Metallicize","Warcry+1"],"picked":"SKIP","floor":35},{"not_picked":["Carnage+1","Headbutt"],"picked":"Armaments","floor":37},{"not_picked":["Warcry+1","Twin Strike"],"picked":"Armaments","floor":38},{"not_picked":["Wild Strike","Whirlwind"],"picked":"Havoc","floor":41},{"not_picked":["Armaments","Bloodletting"],"picked":"Second Wind+1","floor":42},{"not_picked":["Cleave+1","Clothesline","Thunderclap"],"picked":"Havoc","floor":45},{"not_picked":["Carnage","Metallicize","Clothesline"],"picked":"Battle Trance","floor":46},{"not_picked":["Flex","Pommel Strike","Thunderclap+1"],"picked":"Warcry","floor":47},{"not_picked":["Flex+1","Sever Soul","Sword Boomerang"],"picked":"Entrench","floor":48}],"player_experience":1243604,"relics_obtained":[{"floor":7.0,"key":"Gambling Chip"},{"floor":9.0,"key":"Matryoshka"},{"floor":26.0,"key":"Whetstone"},{"floor":26.0,"key":"Dead Branch"},{"floor":31.0,"key":"Bottled Tornado"},{"floor":31.0,"key":"Smiling Mask"},{"floor":38,"key":"Peace Pipe"},{"floor":42,"key":"Orichalcum"},{"floor":43,"key":"Question Card"},{"floor":47,"key":"Regal Pillow"}],"event_choices":[{"damage_healed":0.0,"max_hp_gain":0.0,"max_hp_loss":0.0,"gold_gain":0.0,"event_name":"Scrap Ooze","player_choice":"Success","floor":3.0,"gold_loss":0.0,"damage_taken":26.0,"relics_obtained":["Oddly Smooth Stone"]},{"damage_healed":0.0,"max_hp_gain":0.0,"max_hp_loss":0.0,"gold_gain":0.0,"event_name":"Liars Game","player_choice":"Ignored","floor":4.0,"gold_loss":0.0,"damage_taken":0.0},{"damage_healed":0.0,"max_hp_gain":0.0,"max_hp_loss":0.0,"gold_gain":0.0,"event_name":"Shining Light","player_choice":"Entered Light","floor":5.0,"gold_loss":0.0,"damage_taken":23.0,"cards_upgraded":["Strike_R","Defend_R"]},{"damage_healed":25.0,"max_hp_gain":0.0,"max_hp_loss":0.0,"gold_gain":0.0,"event_name":"Big Fish","player_choice":"Banana","floor":8.0,"gold_loss":0.0,"damage_taken":0.0},{"damage_healed":0.0,"max_hp_gain":0.0,"max_hp_loss":0.0,"gold_gain":0.0,"cards_transformed":["Strike_R","Strike_R"],"event_name":"Drug Dealer","player_choice":"Became Test Subject","floor":20.0,"gold_loss":0.0,"damage_taken":0.0,"cards_obtained":["Sever Soul","Corruption"]},{"cards_removed":["Strike_R"],"damage_healed":0.0,"max_hp_gain":0.0,"max_hp_loss":0.0,"gold_gain":0.0,"event_name":"Designer","player_choice":"Single Remove","floor":24.0,"gold_loss":75.0,"damage_taken":0.0},{"cards_removed":["Strike_R"],"damage_healed":0,"gold_gain":0,"player_choice":"Purged","damage_taken":0,"max_hp_gain":0,"max_hp_loss":0,"event_name":"Purifier","floor":36,"gold_loss":0},{"damage_healed":0,"gold_gain":0,"player_choice":"Fight","damage_taken":0,"max_hp_gain":0,"max_hp_loss":0,"event_name":"MindBloom","floor":38,"gold_loss":0},{"damage_healed":0,"gold_gain":0,"player_choice":"Ignored","damage_taken":0,"max_hp_gain":0,"max_hp_loss":0,"event_name":"Tomb of Lord Red Mask","floor":39,"gold_loss":0}],"is_beta":false,"boss_relics":[{"not_picked":["Runic Dome","Ectoplasm"],"picked":"Coffee Dripper"},{"not_picked":["White Beast Statue","Busted Crown"],"picked":"Eternal Feather"}],"items_purged_floors":[],"is_endless":false,"potions_floor_spawned":[1,2,11,19,21,37,38,41,45,47],"ascension_level":20}