{"gold_per_floor":[112,91,16,26,39,39,58,58,107,119,135,146,146,146,146,146],"floor_reached":16,"playtime":1398,"items_purged":["Bash"],"score":94,"play_id":"f6fe2cb2-b219-4ac6-8748-a87e9c7a4ccb","local_time":"20180627011750","is_ascension_mode":false,"campfire_choices":[{"data":"Barricade","floor":6,"key":"SMITH"},{"data":"Iron Wave","floor":8,"key":"SMITH"},{"data":"Burning Pact","floor":13,"key":"SMITH"},{"floor":15,"key":"REST"}],"neow_cost":"NONE","seed_source_timestamp":355870490575594,"circlet_count":0,"master_deck":["Strike_R","Strike_R","Strike_R","Strike_R","Strike_R","Defend_R","Defend_R","Defend_R","Defend_R","Barricade+1","Iron Wave+1","Burning Pact+1","Headbutt","Flex","Intimidate","Headbutt"],"relics":["Burning Blood","Juzu Bracelet"],"potions_floor_usage":[16],"damage_taken":[{"damage":9,"enemies":"Jaw Worm","floor":1,"turns":8},{"damage":5,"enemies":"2 Louse","floor":4,"turns":3},{"damage":10,"enemies":"Cultist","floor":5,"turns":4},{"damage":12,"enemies":"2 Fungi Beasts","floor":7,"turns":5},{"damage":13,"enemies":"Gremlin Gang","floor":10,"turns":7},{"damage":7,"enemies":"Blue Slaver","floor":11,"turns":4},{"damage":16,"enemies":"Large Slime","floor":12,"turns":9},{"damage":99,"enemies":"Slime Boss","floor":16,"turns":20}],"seed_played":"-6394122944512339146","potions_obtained":[{"floor":4,"key":"Energy Potion"},{"floor":7,"key":"Swift Potion"},{"floor":10,"key":"FairyPotion"},{"floor":11,"key":"SteroidPotion"}],"is_trial":false,"path_per_floor":["M","?","$","M","M","R","M","R","T","M","M","M","R","?","R"],"character_chosen":"IRONCLAD","items_purchased":[],"campfire_rested":1,"item_purchase_floors":[],"current_hp_per_floor":[77,77,77,78,74,74,68,68,68,61,60,50,50,50,74,0],"gold":146,"neow_bonus":"ONE_RANDOM_RARE_CARD","is_prod":false,"is_daily":false,"chose_seed":false,"campfire_upgraded":3,"win_rate":0.0,"timestamp":1530029870,"path_taken":["M","?","$","M","M","R","?","R","T","M","M","M","R","?","R","BOSS"],"build_version":"2018-06-21v2","purchased_purges":1,"victory":false,"max_hp_per_floor":[80,80,80,80,80,80,80,80,80,80,80,80,80,80,80,80],"card_choices":[{"not_picked":["Heavy Blade","Clash"],"picked":"Iron Wave","floor":1},{"not_picked":["Pommel Strike","Anger"],"picked":"Burning Pact","floor":4},{"not_picked":["Cleave","Uppercut"],"picked":"Headbutt","floor":5},{"not_picked":["Infernal Blade","True Grit"],"picked":"Flex","floor":7},{"not_picked":["Inflame","Twin Strike"],"picked":"Intimidate","floor":10},{"not_picked":["Corruption","Demon Form","Clothesline"],"picked":"SKIP","floor":11},{"not_picked":["Clothesline","Seeing Red"],"picked":"Headbutt","floor":12}],"player_experience":38861,"relics_obtained":[{"floor":9,"key":"Juzu Bracelet"}],"event_choices":[{"event_name":"World of Goop","player_choice":"Left","floor":2,"damage_taken":0},{"event_name":"The Lab","player_choice":"Got Potions","floor":14,"damage_taken":0}],"boss_relics":[],"items_purged_floors":[3],"is_endless":false,"potions_floor_spawned":[4,7,10,11],"killed_by":"Slime Boss","ascension_level":0}