{"gold_per_floor":[117,129,141,44,44,44,77,77,77,77,77,87,118,10,10,89,89,104,120,132,177,11,11,11],"floor_reached":24,"playtime":1484,"items_purged":[],"score":388,"play_id":"e0db84aa-1c3f-4fac-86c7-2ded348a6559","local_time":"20190814142305","is_ascension_mode":true,"campfire_choices":[{"data":"Flechettes","floor":6,"key":"SMITH"},{"data":"Poisoned Stab","floor":8,"key":"SMITH"},{"data":"Neutralize","floor":11,"key":"SMITH"},{"data":"Footwork","floor":15,"key":"SMITH"},{"data":"Glass Knife","floor":23,"key":"SMITH"}],"neow_cost":"NONE","seed_source_timestamp":17401827799670,"circlet_count":0,"master_deck":["AscendersBane","Strike_G","Strike_G","Strike_G","Strike_G","Strike_G","Defend_G","Defend_G+1","Defend_G","Defend_G","Defend_G","Survivor+1","Neutralize+1","Footwork+1","Flying Knee+1","PiercingWail","Flechettes+1","Poisoned Stab+1","Cloak And Dagger","Noxious Fumes","Poisoned Stab","Dodge and Roll","Glass Knife+1","Crippling Poison"],"relics":["Ring of the Snake","Snake Skull","Ornamental Fan","Dodecahedron","War Paint","Snecko Eye","Anchor","Bag of Preparation"],"potions_floor_usage":[7,18,20,24],"damage_taken":[{"damage":8,"enemies":"Jaw Worm","floor":1,"turns":6},{"damage":0,"enemies":"Small Slimes","floor":2,"turns":4},{"damage":2,"enemies":"Cultist","floor":3,"turns":7},{"damage":11,"enemies":"3 Sentries","floor":7,"turns":10},{"damage":0,"enemies":"Exordium Wildlife","floor":12,"turns":3},{"damage":16,"enemies":"Gremlin Nob","floor":13,"turns":4},{"damage":7,"enemies":"The Guardian","floor":16,"turns":9},{"damage":2,"enemies":"3 Byrds","floor":18,"turns":6},{"damage":0,"enemies":"Chosen","floor":19,"turns":5},{"damage":13,"enemies":"Shelled Parasite and Fungi","floor":20,"turns":8},{"damage":80,"enemies":"Gremlin Leader","floor":24,"turns":8}],"seed_played":"-1169451547230860570","potions_obtained":[{"floor":1,"key":"SpeedPotion"},{"floor":3,"key":"GamblersBrew"},{"floor":12,"key":"SpeedPotion"},{"floor":16,"key":"Fruit Juice"},{"floor":18,"key":"FairyPotion"},{"floor":20,"key":"Poison Potion"}],"is_trial":false,"path_per_floor":["M","M","M","$","?","R","E","R","T","?","R","M","E","$","R","B",null,"M","M","M","T","$","R","E"],"character_chosen":"THE_SILENT","items_purchased":["Flechettes","Fire Potion","Poisoned Stab","Dodge and Roll","Bag of Preparation"],"campfire_rested":0,"item_purchase_floors":[4,4,14,14,22],"current_hp_per_floor":[51,51,49,49,49,49,38,38,38,38,38,38,22,22,22,15,53,56,56,43,43,43,43,0],"gold":11,"neow_bonus":"RANDOM_COMMON_RELIC","is_prod":false,"is_daily":false,"chose_seed":false,"campfire_upgraded":5,"win_rate":0,"timestamp":1565785385,"path_taken":["M","M","M","$","?","R","E","R","T","?","R","M","E","$","R","BOSS","M","M","M","?","$","R","E"],"build_version":"2019-07-17","purchased_purges":0,"victory":false,"max_hp_per_floor":[66,66,66,66,66,66,66,66,66,66,66,66,66,66,66,66,66,71,71,71,71,71,71,71],"card_choices":[{"not_picked":["Blade Dance","Distraction"],"picked":"Footwork","floor":1},{"not_picked":["Prepared","Outmaneuver"],"picked":"Flying Knee","floor":2},{"not_picked":["Outmaneuver","Reflex"],"picked":"PiercingWail","floor":3},{"not_picked":["Slice","Prepared"],"picked":"Poisoned Stab","floor":7},{"not_picked":["Poisoned Stab","Flying Knee"],"picked":"Cloak And Dagger","floor":12},{"not_picked":["Bane","Reflex"],"picked":"Noxious Fumes","floor":13},{"not_picked":["Venomology","After Image"],"picked":"Glass Knife","floor":16},{"not_picked":["Poisoned Stab","Eviscerate","Quick Slash"],"picked":"SKIP","floor":18},{"not_picked":["Bane","Underhanded Strike","Finisher"],"picked":"SKIP","floor":19},{"not_picked":["Outmaneuver","Blur"],"picked":"Crippling Poison","floor":20}],"player_experience":887732,"relics_obtained":[{"floor":7,"key":"Ornamental Fan"},{"floor":9,"key":"Dodecahedron"},{"floor":13,"key":"War Paint"},{"floor":21,"key":"Anchor"}],"event_choices":[{"damage_healed":0,"gold_gain":0,"player_choice":"Ignored","damage_taken":0,"max_hp_gain":0,"max_hp_loss":0,"event_name":"Golden Idol","floor":5,"gold_loss":0},{"damage_healed":0,"gold_gain":0,"player_choice":"Forge","damage_taken":0,"max_hp_gain":0,"max_hp_loss":0,"event_name":"Accursed Blacksmith","floor":10,"gold_loss":0,"cards_upgraded":["Flying Knee"]}],"is_beta":false,"boss_relics":[{"not_picked":["Velvet Choker","HoveringKite"],"picked":"Snecko Eye"}],"items_purged_floors":[],"is_endless":false,"potions_floor_spawned":[1,3,12,16,18,20],"killed_by":"Gremlin Leader","ascension_level":18}