{"gold_per_floor":[362,6,16,16,16,16,30,62,132,132,31,45,45,45,45,119,119,134,151,15,15,15],"floor_reached":22,"playtime":637,"items_purged":[],"score":364,"play_id":"87058dcb-5073-4a39-808d-b522e9db3c55","local_time":"20190409162058","is_ascension_mode":true,"campfire_choices":[{"floor":6,"key":"REST"},{"data":"Uppercut","floor":10,"key":"SMITH"},{"data":"Discovery","floor":15,"key":"SMITH"}],"neow_cost":"CURSE","seed_source_timestamp":120445067310000,"circlet_count":0,"master_deck":["AscendersBane","Strike_R","Strike_R","Strike_R","Strike_R","Strike_R","Defend_R","Defend_R","Defend_R","Defend_R","Bash+1","Decay","Metallicize","Perfected Strike","Uppercut+1","Discovery+1","Headbutt","Brutality+1","Blood for Blood","Metallicize+1"],"relics":["Burning Blood","Mummified Hand","Red Skull","Frozen Egg 2","Question Card","Bag of Marbles","Runic Cube"],"potions_floor_usage":[8,16,19],"damage_taken":[{"damage":26,"enemies":"Small Slimes","floor":1,"turns":5},{"damage":10,"enemies":"Cultist","floor":3,"turns":5},{"damage":10,"enemies":"Jaw Worm","floor":7,"turns":4},{"damage":36,"enemies":"Gremlin Nob","floor":8,"turns":4},{"damage":15,"enemies":"2 Fungi Beasts","floor":12,"turns":4},{"damage":6,"enemies":"Slime Boss","floor":16,"turns":6},{"damage":34,"enemies":"Shell Parasite","floor":18,"turns":5},{"damage":35,"enemies":"3 Byrds","floor":19,"turns":4},{"damage":21,"enemies":"Shelled Parasite and Fungi","floor":22,"turns":1}],"seed_played":"506679041076584896","potions_obtained":[{"floor":1,"key":"Explosive Potion"},{"floor":7,"key":"Regen Potion"},{"floor":12,"key":"Energy Potion"},{"floor":16,"key":"Poison Potion"}],"is_trial":false,"path_per_floor":["M","$","M","?","$","R","M","E","T","R","$","M","T","?","R","B",null,"M","M","$","?","M"],"character_chosen":"IRONCLAD","items_purchased":["Mummified Hand","Metallicize","Discovery","Metallicize+1","Explosive Potion"],"campfire_rested":1,"item_purchase_floors":[2,2,11,20,20],"current_hp_per_floor":[48,48,44,44,44,66,62,44,44,44,44,35,35,30,30,30,64,36,7,7,7,0],"gold":15,"neow_bonus":"TWO_FIFTY_GOLD","is_prod":false,"is_daily":false,"chose_seed":false,"campfire_upgraded":2,"win_rate":0,"timestamp":1554816058,"path_taken":["M","$","M","?","?","R","M","E","T","R","$","M","?","?","R","BOSS","M","M","$","?","M"],"build_version":"2019-01-23","purchased_purges":0,"victory":false,"max_hp_per_floor":[75,75,75,75,75,75,75,75,75,75,75,75,75,75,75,75,75,75,75,75,75,75],"card_choices":[{"not_picked":["Hemokinesis","Clash","Sword Boomerang"],"picked":"SKIP","floor":1},{"not_picked":["Havoc","Warcry","Second Wind"],"picked":"SKIP","floor":3},{"not_picked":["Second Wind","Havoc"],"picked":"Perfected Strike","floor":7},{"not_picked":["Twin Strike","Clothesline"],"picked":"Uppercut","floor":8},{"not_picked":["Perfected Strike","Searing Blow"],"picked":"Headbutt","floor":12},{"not_picked":["Limit Break","Offering","Impervious"],"picked":"Brutality+1","floor":16},{"not_picked":["Armaments","Headbutt","Bloodletting"],"picked":"Blood for Blood","floor":18},{"not_picked":["Headbutt","Clash+1","Wild Strike","Sword Boomerang"],"picked":"SKIP","floor":19}],"player_experience":1141701,"relics_obtained":[{"floor":8,"key":"Red Skull"},{"floor":9,"key":"Frozen Egg 2"},{"floor":13,"key":"Question Card"}],"event_choices":[{"damage_healed":0,"gold_gain":0,"player_choice":"Forge","damage_taken":0,"max_hp_gain":0,"max_hp_loss":0,"event_name":"Accursed Blacksmith","floor":4,"gold_loss":0,"cards_upgraded":["Bash"]},{"damage_healed":0,"gold_gain":0,"player_choice":"Success","damage_taken":5,"relics_obtained":["Bag of Marbles"],"max_hp_gain":0,"max_hp_loss":0,"event_name":"Scrap Ooze","floor":14,"gold_loss":0}],"is_beta":false,"boss_relics":[{"not_picked":["Calling Bell","Ectoplasm"],"picked":"Runic Cube"}],"items_purged_floors":[],"is_endless":false,"potions_floor_spawned":[1,7,12,16,18],"killed_by":"Shelled Parasite and Fungi","ascension_level":20}