{"gold_per_floor":[113,113,113,113,136,136,179,179,179,197,218,256,29,29,29,153,153,174,23,23,23,23,23,54,77,77,77,92,164,89,89,89,220,220,238,238,238,251,251,295,295,295,370,395,410,410,436,460,460,460],"floor_reached":51,"playtime":1147,"items_purged":["Strike_R"],"score":724,"play_id":"346597c3-db5b-41eb-9f7c-dc38204a463f","local_time":"20190817003729","is_ascension_mode":false,"campfire_choices":[{"data":"Anger","floor":6,"key":"SMITH"},{"data":"Spot Weakness","floor":15,"key":"SMITH"},{"data":"Demon Form","floor":23,"key":"SMITH"},{"floor":27,"key":"REST"},{"data":"Sword Boomerang","floor":32,"key":"SMITH"},{"floor":41,"key":"REST"},{"data":"Reaper","floor":49,"key":"SMITH"}],"neow_cost":"NONE","seed_source_timestamp":55758654062439,"circlet_count":0,"master_deck":["Strike_R","Strike_R","Strike_R","Defend_R","Defend_R","Defend_R","Defend_R","Bash+1","Anger+1","Flame Barrier","Spot Weakness+1","Rampage","Demon Form+1","Sword Boomerang+1","Reaper+1","Barricade+1","Entrench+1","Limit Break","Pummel+1","Inflame+1","Sword Boomerang+1"],"relics":["Burning Blood","Golden Idol","Mercury Hourglass","Centennial Puzzle","Regal Pillow","Bottled Lightning","Bronze Scales","Mark of Pain","Bag of Preparation","MutagenicStrength","Pen Nib","Self Forming Clay","Frozen Egg 2","Sozu","PreservedInsect","Meat on the Bone","Bag of Marbles"],"potions_floor_usage":[12,40],"damage_taken":[{"damage":0,"enemies":"2 Louse","floor":1,"turns":3},{"damage":2,"enemies":"Small Slimes","floor":5,"turns":4},{"damage":28,"enemies":"Gremlin Nob","floor":7,"turns":4},{"damage":1,"enemies":"Cultist","floor":10,"turns":3},{"damage":8,"enemies":"Red Slaver","floor":11,"turns":2},{"damage":4,"enemies":"3 Sentries","floor":12,"turns":5},{"damage":18,"enemies":"Slime Boss","floor":16,"turns":6},{"damage":22,"enemies":"Spheric Guardian","floor":18,"turns":4},{"damage":50,"enemies":"Gremlin Leader","floor":24,"turns":5},{"damage":13,"enemies":"2 Thieves","floor":25,"turns":3},{"damage":9,"enemies":"Centurion and Healer","floor":28,"turns":5},{"damage":86,"enemies":"Automaton","floor":33,"turns":7},{"damage":12,"enemies":"3 Shapes","floor":35,"turns":3},{"damage":32,"enemies":"3 Darklings","floor":38,"turns":4},{"damage":69,"enemies":"Giant Head","floor":40,"turns":9},{"damage":21,"enemies":"Writhing Mass","floor":44,"turns":4},{"damage":1,"enemies":"Transient","floor":45,"turns":5},{"damage":21,"enemies":"Spire Growth","floor":48,"turns":3},{"damage":63,"enemies":"Time Eater","floor":50,"turns":7}],"seed_played":"4847622835633626561","potions_obtained":[{"floor":1,"key":"FearPotion"},{"floor":10,"key":"Fire Potion"},{"floor":11,"key":"GamblersBrew"},{"floor":16,"key":"FearPotion"},{"floor":25,"key":"Weak Potion"}],"is_trial":false,"path_per_floor":["M","?","?","$","M","R","E","?","T","M","M","E","$","$","R","B",null,"M","$","?","?","?","R","E","M","T","R","M","T","?","$","R","B",null,"M","?","?","M","?","E","R","?","T","M","M","$","T","M","R","B",null],"character_chosen":"IRONCLAD","items_purchased":["Bronze Scales","Bag of Preparation"],"campfire_rested":2,"item_purchase_floors":[13,19],"current_hp_per_floor":[80,60,60,60,64,64,42,42,42,47,45,47,47,47,47,35,80,64,64,64,64,64,64,20,29,29,68,79,79,79,79,79,20,80,80,80,80,67,67,40,76,76,76,76,76,76,76,61,61,53],"gold":460,"neow_bonus":"UPGRADE_CARD","is_prod":false,"is_daily":false,"chose_seed":false,"campfire_upgraded":5,"win_rate":0,"timestamp":1565995049,"path_taken":["M","?","?","$","M","R","E","?","T","M","?","E","?","$","R","BOSS","M","$","?","?","?","R","E","M","T","R","M","?","?","$","R","BOSS","M","?","?","M","?","E","R","?","T","M","?","?","?","M","R","BOSS"],"build_version":"2019-07-17","purchased_purges":1,"victory":true,"max_hp_per_floor":[80,80,80,80,80,80,80,80,80,80,80,80,80,80,80,80,80,80,80,80,80,80,80,80,80,80,80,80,80,80,80,80,80,80,80,80,80,80,76,76,76,76,76,76,76,76,76,76,76,76],"card_choices":[{"not_picked":["Searing Blow","Sentinel"],"picked":"Pommel Strike","floor":1},{"not_picked":["Headbutt","Uppercut"],"picked":"Anger","floor":5},{"not_picked":["Searing Blow","Warcry"],"picked":"Flame Barrier","floor":7},{"not_picked":["Perfected Strike","Fiend Fire"],"picked":"Spot Weakness","floor":10},{"not_picked":["True Grit","Perfected Strike","Fire Breathing"],"picked":"SKIP","floor":11},{"not_picked":["Feel No Pain","Body Slam"],"picked":"Rampage","floor":12},{"not_picked":["Impervious","Dark Embrace"],"picked":"Demon Form","floor":16},{"not_picked":["Searing Blow","Rupture"],"picked":"Sword Boomerang","floor":18},{"not_picked":["Heavy Blade","Clothesline"],"picked":"Reaper","floor":24},{"not_picked":["Havoc","Anger","Headbutt"],"picked":"SKIP","floor":25},{"not_picked":["Second Wind","Pommel Strike","Perfected Strike"],"picked":"SKIP","floor":28},{"not_picked":["Bludgeon","Juggernaut+1"],"picked":"Barricade+1","floor":33},{"not_picked":["Thunderclap+1","Flex+1","Armaments"],"picked":"SKIP","floor":35},{"not_picked":["Dropkick","Pommel Strike+1"],"picked":"Entrench+1","floor":38},{"not_picked":["Perfected Strike","Dropkick+1"],"picked":"Limit Break","floor":40},{"not_picked":["Combust+1","Body Slam"],"picked":"Pummel+1","floor":44},{"not_picked":["Burning Pact+1","Headbutt"],"picked":"Inflame+1","floor":45},{"not_picked":["Flex+1","Wild Strike+1"],"picked":"Sword Boomerang+1","floor":48}],"player_experience":961623,"relics_obtained":[{"floor":7,"key":"Mercury Hourglass"},{"floor":9,"key":"Regal Pillow"},{"floor":12,"key":"Bottled Lightning"},{"floor":24,"key":"Pen Nib"},{"floor":26,"key":"Self Forming Clay"},{"floor":29,"key":"Frozen Egg 2"},{"floor":40,"key":"PreservedInsect"},{"floor":43,"key":"Meat on the Bone"},{"floor":47,"key":"Bag of Marbles"}],"event_choices":[{"damage_healed":0,"gold_gain":0,"player_choice":"Take Damage","damage_taken":20,"relics_obtained":["Golden Idol"],"max_hp_gain":0,"max_hp_loss":0,"event_name":"Golden Idol","floor":2,"gold_loss":0},{"damage_healed":0,"gold_gain":0,"player_choice":"Ignored","damage_taken":0,"max_hp_gain":0,"max_hp_loss":0,"event_name":"Liars Game","floor":3,"gold_loss":0},{"cards_removed":["Pommel Strike"],"damage_healed":0,"gold_gain":0,"player_choice":"Gave Card","damage_taken":0,"relics_obtained":["Centennial Puzzle"],"max_hp_gain":0,"max_hp_loss":0,"event_name":"WeMeetAgain","floor":8,"gold_loss":0},{"damage_healed":0,"gold_gain":0,"player_choice":"Ignored","damage_taken":0,"max_hp_gain":0,"max_hp_loss":0,"event_name":"Ghosts","floor":20,"gold_loss":0},{"damage_healed":0,"gold_gain":0,"player_choice":"Inject Mutagens","damage_taken":0,"relics_obtained":["MutagenicStrength"],"max_hp_gain":0,"max_hp_loss":0,"event_name":"Drug Dealer","floor":21,"gold_loss":0},{"damage_healed":0,"gold_gain":0,"player_choice":"Ignored","damage_taken":0,"max_hp_gain":0,"max_hp_loss":0,"event_name":"The Mausoleum","floor":22,"gold_loss":0},{"cards_removed":["Strike_R"],"damage_healed":0,"gold_gain":0,"player_choice":"Gave Gold","damage_taken":0,"max_hp_gain":0,"max_hp_loss":0,"event_name":"Beggar","floor":30,"gold_loss":75},{"damage_healed":0,"gold_gain":0,"player_choice":"Ignored","damage_taken":0,"max_hp_gain":0,"max_hp_loss":0,"event_name":"Mysterious Sphere","floor":36,"gold_loss":0},{"damage_healed":0,"gold_gain":0,"player_choice":"Ignored","damage_taken":0,"max_hp_gain":0,"max_hp_loss":0,"event_name":"The Moai Head","floor":37,"gold_loss":0},{"damage_healed":0,"gold_gain":0,"player_choice":"Max HP","damage_taken":0,"max_hp_gain":0,"max_hp_loss":4,"event_name":"Winding Halls","floor":39,"gold_loss":0},{"damage_healed":0,"gold_gain":0,"player_choice":"Ignored","damage_taken":0,"max_hp_gain":0,"max_hp_loss":0,"event_name":"NoteForYourself","floor":42,"gold_loss":0}],"is_beta":false,"boss_relics":[{"not_picked":["Black Star","Calling Bell"],"picked":"Mark of Pain"},{"not_picked":["White Beast Statue","Astrolabe"],"picked":"Sozu"}],"items_purged_floors":[13],"is_endless":false,"potions_floor_spawned":[1,10,11,16,18,24,25,44,45,48],"ascension_level":0}