{"gold_per_floor":[113,36,56,71,88,88,105,180,180,180,180,195,195,221,221,295,295,308,198,215,215,234,234],"floor_reached":23,"playtime":1207,"items_purged":[],"score":347,"play_id":"752e58b0-939a-497c-b5a7-2c8d905a0370","local_time":"20190930215151","is_ascension_mode":true,"campfire_choices":[{"data":"Bash","floor":6,"key":"SMITH"},{"floor":11,"key":"REST"},{"data":"Pommel Strike","floor":13,"key":"SMITH"},{"data":"Flame Barrier","floor":15,"key":"SMITH"}],"neow_cost":"TEN_PERCENT_HP_LOSS","seed_source_timestamp":35022771175414,"circlet_count":0,"master_deck":["AscendersBane","Strike_R","Strike_R","Strike_R","Strike_R","Defend_R","Defend_R+1","Defend_R","Defend_R","Bash+1","Battle Trance","Combust","Flame Barrier+1","Anger+1","Shrug It Off+1","Pommel Strike+1","Reaper","Impervious","Uppercut","Inflame","Dropkick"],"relics":["Burning Blood","Torii","Letter Opener","Matryoshka","Philosopher\u0027s Stone"],"potions_floor_usage":[14,16],"damage_taken":[{"damage":7,"enemies":"2 Louse","floor":1,"turns":3},{"damage":5,"enemies":"Jaw Worm","floor":3,"turns":5},{"damage":0,"enemies":"Cultist","floor":4,"turns":4},{"damage":3,"enemies":"3 Louse","floor":5,"turns":3},{"damage":16,"enemies":"Blue Slaver","floor":7,"turns":5},{"damage":3,"enemies":"Lots of Slimes","floor":12,"turns":2},{"damage":21,"enemies":"Lagavulin","floor":14,"turns":6},{"damage":20,"enemies":"Hexaghost","floor":16,"turns":10},{"damage":9,"enemies":"3 Byrds","floor":18,"turns":4},{"damage":14,"enemies":"Chosen","floor":20,"turns":5},{"damage":30,"enemies":"Snake Plant","floor":22,"turns":5},{"damage":38,"enemies":"Slavers","floor":23,"turns":1}],"seed_played":"-7489524832546939725","potions_obtained":[{"floor":3,"key":"Regen Potion"},{"floor":4,"key":"FearPotion"},{"floor":22,"key":"Weak Potion"}],"is_trial":false,"path_per_floor":["M","$","M","M","M","R","M","?","T","?","R","M","R","E","R","B",null,"M","?","M","?","M","E"],"character_chosen":"IRONCLAD","items_purchased":["Combust"],"campfire_rested":1,"item_purchase_floors":[2],"current_hp_per_floor":[67,67,68,68,68,68,58,47,47,27,47,50,50,35,35,32,59,56,56,54,54,34,0],"gold":234,"neow_bonus":"ONE_RARE_RELIC","is_prod":false,"is_daily":false,"chose_seed":false,"campfire_upgraded":3,"win_rate":0,"timestamp":1569873111,"path_taken":["M","$","M","M","M","R","M","?","T","?","R","?","R","E","R","BOSS","M","?","?","?","M","E"],"build_version":"2019-07-17","purchased_purges":0,"victory":false,"max_hp_per_floor":[68,68,68,68,68,68,68,68,68,68,68,68,68,68,68,68,68,68,68,68,68,68,68],"card_choices":[{"not_picked":["Pommel Strike","Sword Boomerang"],"picked":"Battle Trance","floor":1},{"not_picked":["Sword Boomerang","Flex"],"picked":"Flame Barrier","floor":3},{"not_picked":["True Grit","Carnage"],"picked":"Anger","floor":4},{"not_picked":["Flex","Berserk","Dual Wield"],"picked":"SKIP","floor":5},{"not_picked":["Armaments","Iron Wave"],"picked":"Shrug It Off","floor":7},{"not_picked":["Anger","Twin Strike"],"picked":"Pommel Strike","floor":12},{"not_picked":["Dropkick","Shrug It Off"],"picked":"Reaper","floor":14},{"not_picked":["Juggernaut","Brutality"],"picked":"Impervious","floor":16},{"not_picked":["Clothesline+1","Fire Breathing"],"picked":"Uppercut","floor":18},{"not_picked":["Cleave","Ghostly Armor","Intimidate"],"picked":"SKIP","floor":20},{"not_picked":["Wild Strike","Thunderclap"],"picked":"Dropkick","floor":22}],"player_experience":1119253,"relics_obtained":[{"floor":9,"key":"Letter Opener"},{"floor":14,"key":"Matryoshka"}],"event_choices":[{"damage_healed":0,"gold_gain":75,"player_choice":"Gather Gold","damage_taken":11,"max_hp_gain":0,"max_hp_loss":0,"event_name":"World of Goop","floor":8,"gold_loss":0},{"damage_healed":0,"gold_gain":0,"player_choice":"Entered Light","damage_taken":20,"max_hp_gain":0,"max_hp_loss":0,"event_name":"Shining Light","floor":10,"gold_loss":0,"cards_upgraded":["Anger","Defend_R"]},{"cards_removed":["Strike_R"],"damage_healed":0,"gold_gain":0,"player_choice":"Upgrade and Remove","damage_taken":0,"max_hp_gain":0,"max_hp_loss":0,"event_name":"Designer","floor":19,"gold_loss":110,"cards_upgraded":["Shrug It Off"]},{"damage_healed":0,"gold_gain":0,"player_choice":"Read","damage_taken":0,"max_hp_gain":0,"max_hp_loss":0,"event_name":"The Library","floor":21,"gold_loss":0,"cards_obtained":["Inflame"]}],"is_beta":false,"boss_relics":[{"not_picked":["Calling Bell","Orrery"],"picked":"Philosopher\u0027s Stone"}],"items_purged_floors":[],"is_endless":false,"potions_floor_spawned":[3,4,12,22],"killed_by":"Slavers","ascension_level":16}