{"gold_per_floor":[109,27,27,40,59,59,75,75,146,146,176,189,209,309,309,384,384,402,56,66,66,81,81,101,101,101,101,114,133,133,133,133,207,207,224,1,1,20,39,39,69,69,69,69,79,79],"floor_reached":46,"playtime":2143,"items_purged":[],"score":840,"play_id":"15d1e04e-5be1-4413-8cac-a53068f7a49a","local_time":"20191007000911","is_ascension_mode":true,"campfire_choices":[{"data":"Bash","floor":6,"key":"SMITH"},{"data":"Carnage","floor":8,"key":"SMITH"},{"floor":10,"key":"REST"},{"floor":15,"key":"REST"},{"floor":23,"key":"REST"},{"floor":25,"key":"REST"},{"floor":27,"key":"REST"},{"data":"Demon Form","floor":30,"key":"SMITH"},{"floor":32,"key":"REST"},{"floor":40,"key":"REST"},{"floor":42,"key":"REST"},{"floor":44,"key":"REST"}],"neow_cost":"NONE","seed_source_timestamp":44546453530746,"circlet_count":0,"master_deck":["AscendersBane","Strike_R","Strike_R","Strike_R","Strike_R","Defend_R","Defend_R","Defend_R","Defend_R","Bash+1","Shrug It Off","Armaments","Sword Boomerang","Carnage+1","Anger","Pommel Strike","Immolate","Demon Form+1","Flame Barrier","Clothesline","Shockwave","Battle Trance+1","Feed","Warcry+1","Armaments+1"],"relics":["Burning Blood","Mummified Hand","Odd Mushroom","Velvet Choker","Pantograph","Bottled Tornado","Smiling Mask","Philosopher\u0027s Stone","Membership Card","Potion Belt"],"potions_floor_usage":[7,11,35,41],"damage_taken":[{"damage":7,"enemies":"Small Slimes","floor":1,"turns":4},{"damage":9,"enemies":"Jaw Worm","floor":4,"turns":5},{"damage":1,"enemies":"Cultist","floor":5,"turns":4},{"damage":42,"enemies":"Gremlin Gang","floor":7,"turns":7},{"damage":10,"enemies":"The Mushroom Lair","floor":11,"turns":4},{"damage":29,"enemies":"Exordium Thugs","floor":12,"turns":8},{"damage":7,"enemies":"2 Fungi Beasts","floor":13,"turns":3},{"damage":44,"enemies":"The Guardian","floor":16,"turns":13},{"damage":2,"enemies":"Chosen","floor":18,"turns":3},{"damage":23,"enemies":"Spheric Guardian","floor":20,"turns":4},{"damage":33,"enemies":"3 Cultists","floor":22,"turns":5},{"damage":41,"enemies":"Shelled Parasite and Fungi","floor":24,"turns":6},{"damage":23,"enemies":"Centurion and Healer","floor":28,"turns":4},{"damage":8,"enemies":"Snake Plant","floor":29,"turns":3},{"damage":13,"enemies":"Champ","floor":33,"turns":8},{"damage":20,"enemies":"3 Shapes","floor":35,"turns":3},{"damage":12,"enemies":"Orb Walker","floor":38,"turns":2},{"damage":37,"enemies":"Spire Growth","floor":39,"turns":4},{"damage":46,"enemies":"Nemesis","floor":41,"turns":5},{"damage":57,"enemies":"Maw","floor":45,"turns":7},{"damage":35,"enemies":"Giant Head","floor":46,"turns":5}],"seed_played":"-593159882828671497","potions_obtained":[{"floor":4,"key":"Block Potion"},{"floor":12,"key":"SteroidPotion"},{"floor":13,"key":"Swift Potion"},{"floor":29,"key":"Energy Potion"},{"floor":45,"key":"Swift Potion"}],"is_trial":false,"path_per_floor":["M","$","?","M","M","R","M","R","T","R","?","M","M","?","R","B",null,"M","$","M","?","M","R","M","R","T","R","M","M","R","T","R","B",null,"M","$","?","M","M","R","E","R","T","R","M","E"],"character_chosen":"IRONCLAD","items_purchased":["FearPotion","Armaments","Demon Form","Pantograph","Membership Card"],"campfire_rested":9,"item_purchase_floors":[2,2,19,19,36],"current_hp_per_floor":[74,74,67,64,69,69,33,33,33,57,53,30,29,29,53,15,65,69,69,52,52,25,49,14,38,38,62,45,43,43,43,67,75,80,70,70,70,67,36,62,26,53,53,80,29,0],"gold":79,"neow_bonus":"TEN_PERCENT_HP_BONUS","is_prod":false,"is_daily":false,"chose_seed":false,"campfire_upgraded":3,"win_rate":0,"timestamp":1570399751,"path_taken":["M","$","?","M","M","R","M","R","T","R","?","M","M","?","R","BOSS","M","$","M","?","?","R","?","R","T","R","M","M","R","?","R","BOSS","M","$","?","M","M","R","E","R","T","R","M","E"],"build_version":"2019-07-17","purchased_purges":0,"victory":false,"max_hp_per_floor":[82,82,82,82,82,82,82,82,82,82,82,82,82,82,82,82,82,82,82,82,82,82,82,82,82,82,82,82,82,82,82,82,82,82,86,86,86,89,89,89,93,93,93,93,93,93],"card_choices":[{"not_picked":["Heavy Blade","Clash"],"picked":"Shrug It Off","floor":1},{"not_picked":["Body Slam","Heavy Blade"],"picked":"Sword Boomerang","floor":4},{"not_picked":["Evolve","Clothesline"],"picked":"Carnage","floor":5},{"not_picked":["Sever Soul","Shrug It Off"],"picked":"Anger","floor":7},{"not_picked":["Clothesline","Ghostly Armor"],"picked":"Pommel Strike","floor":12},{"not_picked":["Thunderclap","Sword Boomerang","Bludgeon"],"picked":"SKIP","floor":13},{"not_picked":["Juggernaut","Exhume"],"picked":"Immolate","floor":16},{"not_picked":["Seeing Red","Thunderclap","Clash"],"picked":"SKIP","floor":18},{"not_picked":["Sword Boomerang","Intimidate"],"picked":"Flame Barrier","floor":20},{"not_picked":["Heavy Blade+1","Blood for Blood"],"picked":"Clothesline","floor":22},{"not_picked":["Havoc","Searing Blow"],"picked":"Shockwave","floor":24},{"not_picked":["True Grit","Cleave+1"],"picked":"Battle Trance+1","floor":28},{"not_picked":["Dual Wield","Twin Strike","Clash"],"picked":"SKIP","floor":29},{"not_picked":["Demon Form","Double Tap"],"picked":"Feed","floor":33},{"not_picked":["Thunderclap+1","Twin Strike"],"picked":"Warcry+1","floor":35},{"not_picked":["Headbutt","Sword Boomerang"],"picked":"Armaments+1","floor":38},{"not_picked":["Pommel Strike","Dual Wield+1","Body Slam"],"picked":"SKIP","floor":39},{"not_picked":["Berserk","Spot Weakness","Blood for Blood"],"picked":"SKIP","floor":41},{"not_picked":["Cleave","Thunderclap","Armaments+1"],"picked":"SKIP","floor":45}],"player_experience":1153709,"relics_obtained":[{"floor":9,"key":"Mummified Hand"},{"floor":11,"key":"Odd Mushroom"},{"floor":26,"key":"Bottled Tornado"},{"floor":31,"key":"Smiling Mask"},{"floor":41,"key":"Potion Belt"}],"event_choices":[{"cards_removed":["Strike_R"],"damage_healed":0,"gold_gain":0,"player_choice":"Card Removal","damage_taken":7,"max_hp_gain":0,"max_hp_loss":0,"event_name":"Golden Wing","floor":3,"gold_loss":0},{"damage_healed":0,"gold_gain":0,"player_choice":"Fought Mushrooms","damage_taken":0,"max_hp_gain":0,"max_hp_loss":0,"event_name":"Mushrooms","floor":11,"gold_loss":0},{"damage_healed":0,"gold_gain":100,"player_choice":"Gold","damage_taken":0,"max_hp_gain":0,"max_hp_loss":0,"event_name":"Wheel of Change","floor":14,"gold_loss":0},{"damage_healed":0,"gold_gain":0,"player_choice":"Ignored","damage_taken":0,"max_hp_gain":0,"max_hp_loss":0,"event_name":"N\u0027loth","floor":21,"gold_loss":0},{"damage_healed":0,"gold_gain":0,"player_choice":"Ignored","damage_taken":0,"max_hp_gain":0,"max_hp_loss":0,"event_name":"Mysterious Sphere","floor":37,"gold_loss":0}],"is_beta":false,"boss_relics":[{"not_picked":["Runic Pyramid","Empty Cage"],"picked":"Velvet Choker"},{"not_picked":["Runic Dome","Astrolabe"],"picked":"Philosopher\u0027s Stone"}],"items_purged_floors":[],"is_endless":false,"potions_floor_spawned":[4,12,13,22,28,29,45],"killed_by":"Giant Head","ascension_level":18}