{"gold_per_floor":[116,116,136,151,167,167,192,192,218,218,17,17,37,57,57,181,181,206,196,215,233,253,253,253],"floor_reached":24,"playtime":1324,"items_purged":[],"score":194,"play_id":"03426a05-df61-45de-ab53-5c156516ecdd","local_time":"20181022205253","is_ascension_mode":false,"campfire_choices":[{"data":"True Grit","floor":6,"key":"SMITH"},{"data":"True Grit","floor":8,"key":"SMITH"},{"data":"Rampage","floor":15,"key":"SMITH"},{"data":"Body Slam","floor":23,"key":"SMITH"}],"neow_cost":"NONE","seed_source_timestamp":932795748494632,"circlet_count":0,"master_deck":["Strike_R","Strike_R","Strike_R","Strike_R","Strike_R","Defend_R","Defend_R","Defend_R","Defend_R","Bash+1","Body Slam+1","Disarm","True Grit+1","True Grit+1","Combust","Metallicize","Reaper","Intimidate","Rampage+1","Demon Form","Blood for Blood","Infernal Blade+1","Heavy Blade"],"relics":["Burning Blood","Golden Idol","Bag of Preparation","Sozu"],"potions_floor_usage":[16,16,16,24],"damage_taken":[{"damage":3,"enemies":"Small Slimes","floor":1,"turns":3},{"damage":0,"enemies":"2 Louse","floor":3,"turns":3},{"damage":9,"enemies":"Jaw Worm","floor":4,"turns":4},{"damage":22,"enemies":"Large Slime","floor":5,"turns":6},{"damage":9,"enemies":"2 Fungi Beasts","floor":7,"turns":4},{"damage":23,"enemies":"Lots of Slimes","floor":13,"turns":2},{"damage":11,"enemies":"Looter","floor":14,"turns":4},{"damage":29,"enemies":"The Guardian","floor":16,"turns":9},{"damage":10,"enemies":"Shell Parasite","floor":18,"turns":8},{"damage":18,"enemies":"2 Thieves","floor":19,"turns":4},{"damage":50,"enemies":"3 Cultists","floor":20,"turns":5},{"damage":6,"enemies":"Shelled Parasite and Fungi","floor":21,"turns":7},{"damage":41,"enemies":"Snake Plant","floor":22,"turns":5},{"damage":33,"enemies":"Sentry and Sphere","floor":24,"turns":3}],"seed_played":"8292279356924299666","potions_obtained":[{"floor":3,"key":"Regen Potion"},{"floor":4,"key":"Energy Potion"},{"floor":7,"key":"Poison Potion"},{"floor":16,"key":"PowerPotion"}],"is_trial":false,"path_per_floor":["M","?","M","M","M","R","M","R","T","?","$","?","M","M","R","B",null,"M","M","M","M","M","R"],"character_chosen":"IRONCLAD","items_purchased":["Metallicize","Reaper"],"campfire_rested":0,"item_purchase_floors":[11,11],"current_hp_per_floor":[80,74,74,71,55,55,52,52,52,52,52,57,60,61,61,53,79,79,67,48,64,29,29,0],"gold":253,"neow_bonus":"UPGRADE_CARD","is_prod":false,"is_daily":false,"chose_seed":false,"campfire_upgraded":4,"win_rate":0,"timestamp":1540209173,"path_taken":["M","?","M","M","M","R","M","R","T","?","$","?","M","M","R","BOSS","M","M","M","M","M","R","?"],"build_version":"2018-10-18","purchased_purges":0,"victory":false,"max_hp_per_floor":[80,74,74,74,74,74,74,74,74,74,74,79,79,79,79,79,79,79,79,79,79,79,79,79],"card_choices":[{"not_picked":["Thunderclap","Headbutt"],"picked":"Body Slam","floor":1},{"not_picked":["Perfected Strike","Blood for Blood"],"picked":"Disarm","floor":3},{"not_picked":["Power Through","Iron Wave"],"picked":"True Grit","floor":4},{"not_picked":["Anger","Carnage"],"picked":"True Grit","floor":5},{"not_picked":["Flex","Cleave"],"picked":"Combust","floor":7},{"not_picked":["Pommel Strike","Clash"],"picked":"Intimidate","floor":13},{"not_picked":["Wild Strike","Clash"],"picked":"Rampage","floor":14},{"not_picked":["Double Tap","Brutality"],"picked":"Demon Form","floor":16},{"not_picked":["Warcry","Twin Strike","Wild Strike"],"picked":"SKIP","floor":18},{"not_picked":["Pommel Strike","Cleave"],"picked":"Blood for Blood","floor":19},{"not_picked":["Pommel Strike","True Grit"],"picked":"Infernal Blade+1","floor":20},{"not_picked":["Inflame+1","Whirlwind"],"picked":"Heavy Blade","floor":21},{"not_picked":["Twin Strike","Power Through+1","Anger+1"],"picked":"SKIP","floor":22}],"player_experience":267727,"relics_obtained":[{"floor":9,"key":"Bag of Preparation"}],"event_choices":[{"damage_healed":0,"gold_gain":0,"player_choice":"Lose Max HP","damage_taken":0,"relics_obtained":["Golden Idol"],"max_hp_gain":0,"max_hp_loss":6,"event_name":"Golden Idol","floor":2,"gold_loss":0},{"damage_healed":0,"gold_gain":0,"player_choice":"Ignored","damage_taken":0,"max_hp_gain":0,"max_hp_loss":0,"event_name":"Liars Game","floor":10,"gold_loss":0},{"damage_healed":0,"gold_gain":0,"player_choice":"Donut","damage_taken":0,"max_hp_gain":5,"max_hp_loss":0,"event_name":"Big Fish","floor":12,"gold_loss":0}],"is_beta":false,"boss_relics":[{"not_picked":["Pandora\u0027s Box","Fusion Hammer"],"picked":"Sozu"}],"items_purged_floors":[],"is_endless":false,"potions_floor_spawned":[3,4,7,13,16,19],"killed_by":"Sentry and Sphere","ascension_level":0}