{"gold_per_floor":[114,114,28,40,57,86,86,113,185,185,185,208,218,218,218,218],"floor_reached":16,"playtime":688,"items_purged":[],"score":157,"play_id":"7cbefc8b-a1b6-4e75-9563-3dece2f3ca4c","local_time":"20190815153023","is_ascension_mode":true,"campfire_choices":[{"data":"Redo","floor":7,"key":"SMITH"},{"data":"Loop","floor":10,"key":"SMITH"},{"floor":15,"key":"REST"}],"neow_cost":"NONE","seed_source_timestamp":15263926526152,"circlet_count":0,"master_deck":["Strike_B","Strike_B","Defend_B","Defend_B","Defend_B","Defend_B","Zap+1","Dualcast","Cold Snap","Ball Lightning","Loop+1","Darkness","Redo+1","Gash","Go for the Eyes","Gash+1","Fission"],"relics":["Cracked Core","Nunchaku","Juzu Bracelet","Molten Egg 2","Odd Mushroom"],"potions_floor_usage":[8,12],"damage_taken":[{"damage":0,"enemies":"Small Slimes","floor":1,"turns":3},{"damage":0,"enemies":"Cultist","floor":4,"turns":3},{"damage":3,"enemies":"2 Louse","floor":5,"turns":3},{"damage":21,"enemies":"3 Sentries","floor":6,"turns":8},{"damage":20,"enemies":"Gremlin Nob","floor":8,"turns":4},{"damage":2,"enemies":"The Mushroom Lair","floor":12,"turns":4},{"damage":9,"enemies":"Exordium Wildlife","floor":13,"turns":3},{"damage":47,"enemies":"Slime Boss","floor":16,"turns":5}],"seed_played":"182878583177205289","potions_obtained":[{"floor":1,"key":"Strength Potion"},{"floor":5,"key":"Weak Potion"},{"floor":6,"key":"EssenceOfSteel"},{"floor":12,"key":"FocusPotion"}],"is_trial":false,"path_per_floor":["M","?","$","M","M","E","R","E","T","R","?","?","M","?","R","B"],"character_chosen":"DEFECT","items_purchased":["Ball Lightning","Loop"],"campfire_rested":1,"item_purchase_floors":[3,3],"current_hp_per_floor":[68,68,68,68,65,44,44,24,24,24,24,22,13,13,35,0],"gold":218,"neow_bonus":"REMOVE_CARD","is_prod":false,"is_daily":false,"chose_seed":false,"campfire_upgraded":2,"win_rate":0,"timestamp":1565875823,"path_taken":["M","?","$","M","M","E","R","E","T","R","?","?","M","?","R","BOSS"],"build_version":"2019-07-17","purchased_purges":0,"victory":false,"max_hp_per_floor":[75,75,75,75,75,75,75,75,75,75,75,75,75,75,75,75],"card_choices":[{"not_picked":["Hello World","Chill"],"picked":"Cold Snap","floor":1},{"not_picked":["Reprogram","Steam"],"picked":"Darkness","floor":4},{"not_picked":["Auto Shields","White Noise"],"picked":"Redo","floor":5},{"not_picked":["Reprogram","Rainbow"],"picked":"Gash","floor":6},{"not_picked":["Conserve Battery","Chill"],"picked":"Go for the Eyes","floor":8},{"not_picked":["Steam","Cold Snap+1"],"picked":"Gash+1","floor":12},{"not_picked":["Leap","Ball Lightning+1"],"picked":"Fission","floor":13}],"player_experience":921348,"relics_obtained":[{"floor":6,"key":"Nunchaku"},{"floor":8,"key":"Juzu Bracelet"},{"floor":9,"key":"Molten Egg 2"},{"floor":12,"key":"Odd Mushroom"}],"event_choices":[{"damage_healed":0,"gold_gain":0,"player_choice":"Grow","damage_taken":0,"max_hp_gain":0,"max_hp_loss":0,"event_name":"Living Wall","floor":2,"gold_loss":0,"cards_upgraded":["Zap"]},{"damage_healed":0,"gold_gain":0,"player_choice":"Ignored","damage_taken":0,"max_hp_gain":0,"max_hp_loss":0,"event_name":"Liars Game","floor":11,"gold_loss":0},{"damage_healed":0,"gold_gain":0,"player_choice":"Fought Mushrooms","damage_taken":0,"max_hp_gain":0,"max_hp_loss":0,"event_name":"Mushrooms","floor":12,"gold_loss":0},{"cards_removed":["Strike_B"],"damage_healed":0,"gold_gain":0,"player_choice":"Purged","damage_taken":0,"max_hp_gain":0,"max_hp_loss":0,"event_name":"Purifier","floor":14,"gold_loss":0}],"is_beta":false,"boss_relics":[],"items_purged_floors":[],"is_endless":false,"potions_floor_spawned":[1,5,6,12],"killed_by":"Slime Boss","ascension_level":9}