{"gold_per_floor":[216,236,236,254,41,41,69,69,96,96,115,127,127,156,156,233,233,253,269,281,281],"floor_reached":21,"playtime":857,"items_purged":[],"score":382,"play_id":"b33341c9-d738-4c98-8f9a-922e1d74e6ad","local_time":"20190430220844","is_ascension_mode":true,"campfire_choices":[{"data":"Apotheosis","floor":6,"key":"SMITH"},{"data":"Caltrops","floor":8,"key":"SMITH"},{"data":"Well Laid Plans","floor":10,"key":"SMITH"},{"floor":15,"key":"REST"}],"neow_cost":"NONE","seed_source_timestamp":658639776177000,"circlet_count":0,"master_deck":["AscendersBane","Defend_G","Defend_G","Defend_G","Defend_G","Defend_G","Strike_G","Strike_G","Strike_G+1","Strike_G+1","Strike_G","Survivor","Neutralize","Caltrops+1","Bane","Poisoned Stab","Apotheosis+1","Well Laid Plans+1","Noxious Fumes","PiercingWail","Wraith Form v2","Glass Knife","PiercingWail","Riddle With Holes","Backflip"],"relics":["Ring of the Snake","Whetstone","Happy Flower","Du-Vu Doll","Eternal Feather"],"potions_floor_usage":[14,14,21],"damage_taken":[{"damage":4,"enemies":"Jaw Worm","floor":1,"turns":6},{"damage":7,"enemies":"Small Slimes","floor":2,"turns":4},{"damage":4,"enemies":"Cultist","floor":4,"turns":3},{"damage":11,"enemies":"3 Sentries","floor":7,"turns":9},{"damage":3,"enemies":"Blue Slaver","floor":11,"turns":4},{"damage":16,"enemies":"2 Fungi Beasts","floor":12,"turns":3},{"damage":8,"enemies":"Gremlin Nob","floor":14,"turns":3},{"damage":33,"enemies":"Slime Boss","floor":16,"turns":9},{"damage":10,"enemies":"2 Thieves","floor":18,"turns":5},{"damage":0,"enemies":"3 Byrds","floor":19,"turns":3},{"damage":24,"enemies":"Snake Plant","floor":20,"turns":5},{"damage":26,"enemies":"Sentry and Sphere","floor":21,"turns":5}],"seed_played":"-3376921558843180655","potions_obtained":[{"floor":1,"key":"Weak Potion"},{"floor":2,"key":"FearPotion"},{"floor":18,"key":"Block Potion"}],"is_trial":false,"path_per_floor":["M","M","?","M","$","R","E","R","T","R","M","M","?","E","R","B",null,"M","M","M","M"],"character_chosen":"THE_SILENT","items_purchased":["Apotheosis"],"campfire_rested":1,"item_purchase_floors":[5],"current_hp_per_floor":[55,48,66,62,62,62,51,51,51,51,48,32,32,24,43,10,52,42,42,18,0],"gold":281,"neow_bonus":"HUNDRED_GOLD","is_prod":false,"is_daily":false,"chose_seed":false,"campfire_upgraded":3,"win_rate":0,"timestamp":1556651324,"path_taken":["M","M","?","M","$","R","E","R","T","R","M","M","?","E","R","BOSS","M","M","M","M"],"build_version":"2019-01-23","purchased_purges":0,"victory":false,"max_hp_per_floor":[66,66,66,66,66,66,66,66,66,66,66,66,66,66,66,66,66,66,66,66,66],"card_choices":[{"not_picked":["Riddle With Holes","Dodge and Roll"],"picked":"Caltrops","floor":1},{"not_picked":["Underhanded Strike","Slice"],"picked":"Bane","floor":2},{"not_picked":["All Out Attack","Slice"],"picked":"Poisoned Stab","floor":4},{"not_picked":["All Out Attack","Choke"],"picked":"Well Laid Plans","floor":7},{"not_picked":["Flying Knee","Sucker Punch"],"picked":"Noxious Fumes","floor":11},{"not_picked":["Expertise","Poisoned Stab"],"picked":"PiercingWail","floor":12},{"not_picked":["Flying Knee","Blade Dance"],"picked":"Wraith Form v2","floor":14},{"not_picked":["Storm of Steel","Unload"],"picked":"Glass Knife","floor":16},{"not_picked":["Acrobatics","Slice"],"picked":"PiercingWail","floor":18},{"not_picked":["Endless Agony","Grand Finale"],"picked":"Riddle With Holes","floor":19},{"not_picked":["Outmaneuver","Masterful Stab"],"picked":"Backflip","floor":20}],"player_experience":1264339,"relics_obtained":[{"floor":7,"key":"Whetstone"},{"floor":9,"key":"Happy Flower"},{"floor":14,"key":"Du-Vu Doll"}],"event_choices":[{"damage_healed":22,"gold_gain":0,"player_choice":"Banana","damage_taken":0,"max_hp_gain":0,"max_hp_loss":0,"event_name":"Big Fish","floor":3,"gold_loss":0},{"damage_healed":0,"gold_gain":0,"player_choice":"Ignored","damage_taken":0,"max_hp_gain":0,"max_hp_loss":0,"event_name":"Liars Game","floor":13,"gold_loss":0}],"is_beta":false,"boss_relics":[{"not_picked":["Empty Cage","Ring of the Serpent"],"picked":"Eternal Feather"}],"items_purged_floors":[],"is_endless":false,"potions_floor_spawned":[1,2,18],"killed_by":"Sentry and Sphere","ascension_level":20}