{"gold_per_floor":[109,34,34,34,4,39,55,80,80,95,95,110,130,164,164,243,243,263,3,22,37,37,37,70,85,142,162,13,41,41,41,41,115,115,131,185,185,185,201,251,276,294,294,38,70,70,103,113,113,113,113,113,113,27,61,61],"floor_reached":57,"playtime":3518,"items_purged":["Strike_G"],"score":3071,"play_id":"f4f197be-f634-42a6-ba45-09ac9da04893","local_time":"20190502183554","is_ascension_mode":true,"campfire_choices":[{"data":"Neutralize","floor":11.0,"key":"SMITH"},{"floor":15.0,"key":"REST"},{"floor":23.0,"key":"REST"},{"floor":32.0,"key":"REST"},{"floor":46.0,"key":"RECALL"},{"data":"Caltrops","floor":49.0,"key":"SMITH"},{"data":"Footwork","floor":53.0,"key":"SMITH"}],"neow_cost":"NONE","seed_source_timestamp":815959865110200,"circlet_count":0,"master_deck":["AscendersBane","Defend_G+1","Defend_G+1","Defend_G","Defend_G","Defend_G","Strike_G","Strike_G","Strike_G","Survivor","Neutralize","Crippling Poison","Neutralize+1","Deflect","Slice","Bouncing Flask+1","Flying Knee","Acrobatics+1","Deadly Poison+1","Deadly Poison+1","Escape Plan+1","Deflect+1","Burst+1","PiercingWail+1","Thinking Ahead+1","Catalyst+1","Backflip+1","Burst+1","Blur+1","Glass Knife+1","Caltrops+1","Glass Knife+1","Backflip+1","Tactician+1","Footwork+1","Discovery+1","PiercingWail+1","Footwork"],"special_seed":0,"relics":["Ring of the Snake","NeowsBlessing","Toxic Egg 2","Dodecahedron","Pantograph","War Paint","Philosopher\u0027s Stone","Singing Bowl","FossilizedHelix","Tiny Chest","Molten Egg 2","Runic Pyramid","Ice Cream","Torii","Ninja Scroll","Bottled Flame","Bottled Lightning","Meat on the Bone","Mummified Hand"],"potions_floor_usage":[55,56],"damage_taken":[{"damage":0.0,"enemies":"2 Louse","floor":1.0,"turns":1.0},{"damage":0.0,"enemies":"3 Sentries","floor":6.0,"turns":2.0},{"damage":0.0,"enemies":"Jaw Worm","floor":7.0,"turns":1.0},{"damage":22.0,"enemies":"Lagavulin","floor":8.0,"turns":6.0},{"damage":0.0,"enemies":"Cultist","floor":10.0,"turns":4.0},{"damage":3.0,"enemies":"Red Slaver","floor":12.0,"turns":3.0},{"damage":1.0,"enemies":"Blue Slaver","floor":13.0,"turns":3.0},{"damage":10.0,"enemies":"Gremlin Nob","floor":14.0,"turns":3.0},{"damage":52.0,"enemies":"Slime Boss","floor":16.0,"turns":12.0},{"damage":15.0,"enemies":"2 Thieves","floor":18.0,"turns":4.0},{"damage":6.0,"enemies":"3 Byrds","floor":20.0,"turns":5.0},{"damage":0.0,"enemies":"Centurion and Healer","floor":21.0,"turns":5.0},{"damage":3.0,"enemies":"Gremlin Leader","floor":24.0,"turns":6.0},{"damage":20.0,"enemies":"Cultist and Chosen","floor":25.0,"turns":6.0},{"damage":23.0,"enemies":"3 Cultists","floor":27.0,"turns":5.0},{"damage":0.0,"enemies":"Book of Stabbing","floor":29.0,"turns":4.0},{"damage":16.0,"enemies":"Champ","floor":33.0,"turns":9.0},{"damage":0.0,"enemies":"3 Darklings","floor":35.0,"turns":5.0},{"damage":16.0,"enemies":"2 Orb Walkers","floor":36.0,"turns":6.0},{"damage":0.0,"enemies":"Orb Walker","floor":39.0,"turns":4.0},{"damage":0.0,"enemies":"Giant Head","floor":41.0,"turns":4.0},{"damage":9.0,"enemies":"3 Darklings","floor":42.0,"turns":5.0},{"damage":0.0,"enemies":"Nemesis","floor":45.0,"turns":5.0},{"damage":0.0,"enemies":"Reptomancer","floor":47.0,"turns":6.0},{"damage":0.0,"enemies":"Spire Growth","floor":48.0,"turns":5.0},{"damage":4.0,"enemies":"Awakened One","floor":50.0,"turns":15.0},{"damage":45.0,"enemies":"Time Eater","floor":51.0,"turns":12.0},{"damage":54,"enemies":"Shield and Spear","floor":55,"turns":9},{"damage":43,"enemies":"The Heart","floor":56,"turns":9}],"seed_played":"-3750348150426682342","potions_obtained":[{"floor":1.0,"key":"Dexterity Potion"},{"floor":7.0,"key":"Strength Potion"},{"floor":13.0,"key":"AttackPotion"},{"floor":14.0,"key":"Block Potion"},{"floor":16.0,"key":"Fruit Juice"},{"floor":24.0,"key":"Regen Potion"},{"floor":25.0,"key":"GhostInAJar"},{"floor":36.0,"key":"PowerPotion"},{"floor":39.0,"key":"SteroidPotion"},{"floor":42.0,"key":"Poison Potion"},{"floor":48.0,"key":"Swift Potion"}],"is_trial":false,"path_per_floor":["M","?","$","?","$","E","M","E","T","M","R","M","M","E","R","B",null,"M","$","M","M","T","R","E","M","T","M","$","E","?","$","R","B",null,"M","?","T","?","M","?","E","M","T","$","E","R","E","M","R","B","B",null,"R","$","E","B",null],"character_chosen":"THE_SILENT","items_purchased":["Slice","Thinking Ahead+1","Burst+1","Tactician+1","Footwork","Discovery+1","Footwork"],"campfire_rested":3,"item_purchase_floors":[5,19,28,44,44,44,54],"current_hp_per_floor":[59,59,59,59,59,59,59,37,37,37,37,34,33,23,42,19,58,43,43,37,37,37,58,57,53,53,32,32,32,32,32,55,61,73,75,59,59,59,59,52,54,45,45,45,45,45,47,49,49,70,52,77,77,77,37,31],"gold":61,"neow_bonus":"THREE_ENEMY_KILL","is_prod":false,"is_daily":false,"chose_seed":false,"campfire_upgraded":3,"win_rate":0,"timestamp":1556811354,"path_taken":["M","?","$","?","$","E","M","E","T","M","R","M","?","E","R","BOSS","M","$","M","M","?","R","E","?","T","M","$","E","?","$","R","BOSS","M","?","?","?","?","?","E","?","T","$","E","R","E","M","R","BOSS","BOSS","R","$","E","BOSS"],"build_version":"2019-01-23","purchased_purges":1,"victory":true,"max_hp_per_floor":[66,66,66,66,66,66,66,66,66,66,66,66,66,66,66,71,71,71,71,71,71,71,71,73,75,75,77,77,77,77,77,77,77,77,79,79,79,79,79,79,81,81,81,81,81,81,83,85,85,85,85,85,85,85,87,87],"card_choices":[{"not_picked":["Riddle With Holes","Cloak And Dagger"],"picked":"Crippling Poison","floor":1.0},{"not_picked":["Quick Slash","Sucker Punch"],"picked":"Bouncing Flask","floor":6.0},{"not_picked":["Eviscerate","Dagger Throw"],"picked":"Flying Knee","floor":7.0},{"not_picked":["Dash","Sucker Punch"],"picked":"Acrobatics+1","floor":8.0},{"not_picked":["Deflect+1","Noxious Fumes"],"picked":"Deadly Poison+1","floor":10.0},{"not_picked":["Eviscerate","Outmaneuver+1"],"picked":"Deadly Poison+1","floor":12.0},{"not_picked":["Outmaneuver+1","Backflip+1"],"picked":"Escape Plan+1","floor":13.0},{"not_picked":["Bouncing Flask+1","A Thousand Cuts"],"picked":"Deflect+1","floor":14.0},{"not_picked":["Envenom","A Thousand Cuts"],"picked":"Burst+1","floor":16.0},{"not_picked":["Prepared+1","Deadly Poison+1"],"picked":"PiercingWail+1","floor":18.0},{"not_picked":["PiercingWail+1","Prepared+1"],"picked":"Catalyst+1","floor":20.0},{"not_picked":["Underhanded Strike","Cloak And Dagger+1"],"picked":"Backflip+1","floor":21.0},{"not_picked":["Blade Dance+1","Heel Hook","Poisoned Stab"],"picked":"Singing Bowl","floor":24.0},{"not_picked":["Slice","Backstab","Finisher+1"],"picked":"Singing Bowl","floor":25.0},{"not_picked":["Acrobatics+1","Poisoned Stab","Dagger Throw"],"picked":"Singing Bowl","floor":27.0},{"not_picked":["Heel Hook","Dodge and Roll+1"],"picked":"Blur+1","floor":29.0},{"not_picked":["Unload+1","Storm of Steel+1"],"picked":"Glass Knife+1","floor":33.0},{"not_picked":["Finisher+1","Slice+1","Flying Knee+1"],"picked":"Singing Bowl","floor":35.0},{"not_picked":["Underhanded Strike+1","Quick Slash+1"],"picked":"Caltrops","floor":36.0},{"not_picked":["Outmaneuver+1","Deflect+1"],"picked":"Glass Knife+1","floor":39.0},{"not_picked":["Predator+1","Bane+1","Underhanded Strike+1"],"picked":"Singing Bowl","floor":41.0},{"not_picked":["Bane+1","Riddle With Holes+1"],"picked":"Backflip+1","floor":42.0},{"not_picked":["Calculated Gamble+1","Crippling Poison+1"],"picked":"PiercingWail+1","floor":45.0},{"not_picked":["Poisoned Stab+1","Skewer+1","Grand Finale+1"],"picked":"Singing Bowl","floor":47.0},{"not_picked":["Dagger Spray+1","Bane+1","Flying Knee+1"],"picked":"Singing Bowl","floor":48.0},{"not_picked":["Glass Knife+1","Deflect+1","Infinite Blades"],"picked":"Singing Bowl","floor":55}],"player_experience":1287410,"relics_obtained":[{"floor":6.0,"key":"Toxic Egg 2"},{"floor":8.0,"key":"Dodecahedron"},{"floor":9.0,"key":"Pantograph"},{"floor":14.0,"key":"War Paint"},{"floor":22.0,"key":"Singing Bowl"},{"floor":24.0,"key":"FossilizedHelix"},{"floor":26.0,"key":"Tiny Chest"},{"floor":29.0,"key":"Molten Egg 2"},{"floor":36.0,"key":"Ice Cream"},{"floor":37.0,"key":"Torii"},{"floor":41.0,"key":"Bottled Flame"},{"floor":45.0,"key":"Bottled Lightning"},{"floor":47.0,"key":"Meat on the Bone"},{"floor":55,"key":"Mummified Hand"}],"event_choices":[{"cards_removed":["Strike_G"],"damage_healed":0.0,"max_hp_gain":0.0,"max_hp_loss":0.0,"gold_gain":0.0,"event_name":"The Cleric","player_choice":"Card Removal","floor":2.0,"gold_loss":75.0,"damage_taken":0.0},{"damage_healed":0.0,"max_hp_gain":0.0,"max_hp_loss":0.0,"gold_gain":0.0,"event_name":"Match and Keep!","player_choice":"2 cards matched","floor":4.0,"gold_loss":0.0,"damage_taken":0.0,"cards_obtained":["Neutralize","Deflect"]},{"damage_healed":0.0,"max_hp_gain":0.0,"max_hp_loss":0.0,"gold_gain":0.0,"event_name":"Match and Keep!","player_choice":"2 cards matched","floor":4.0,"gold_loss":0.0,"damage_taken":0.0,"cards_obtained":["Neutralize","Deflect"]},{"damage_healed":0.0,"max_hp_gain":0.0,"max_hp_loss":0.0,"gold_gain":0.0,"event_name":"Cursed Tome","player_choice":"Ignored","floor":30.0,"gold_loss":0.0,"damage_taken":0.0},{"damage_healed":0.0,"max_hp_gain":0.0,"max_hp_loss":0.0,"gold_gain":0.0,"event_name":"Mysterious Sphere","player_choice":"Fight","floor":36.0,"gold_loss":0.0,"damage_taken":0.0},{"damage_healed":0.0,"max_hp_gain":0.0,"max_hp_loss":0.0,"gold_gain":0.0,"event_name":"WeMeetAgain","player_choice":"Gave Potion","floor":38.0,"gold_loss":0.0,"damage_taken":0.0,"relics_obtained":["Ninja Scroll"]},{"damage_healed":0.0,"max_hp_gain":0.0,"max_hp_loss":0.0,"gold_gain":50.0,"event_name":"FaceTrader","player_choice":"Touch","floor":40.0,"gold_loss":0.0,"damage_taken":7.0}],"is_beta":false,"boss_relics":[{"not_picked":["White Beast Statue","Busted Crown"],"picked":"Philosopher\u0027s Stone"},{"not_picked":["Ring of the Serpent","Pandora\u0027s Box"],"picked":"Runic Pyramid"}],"items_purged_floors":[19],"is_endless":false,"potions_floor_spawned":[1,7,13,14,16,24,25,29,33,36,39,42,48],"ascension_level":20}