{"gold_per_floor":[114,126,138,138,138,138,173,190,190,204,204,220,220,12,12,115,115,131,131,58,72,87,87,87,87,87,87,87,15,15,41,41,140,140,151,168,168],"floor_reached":37,"playtime":1695,"items_purged":[],"score":625,"play_id":"5e2da5e1-f266-4bb4-a66c-9056e0992bdf","local_time":"20180813173545","is_ascension_mode":true,"campfire_choices":[{"data":"Recycle","floor":6,"key":"SMITH"},{"floor":13,"key":"REST"},{"floor":15,"key":"REST"},{"data":"Defragment","floor":23,"key":"SMITH"},{"floor":25,"key":"REST"},{"data":"Skim","floor":27,"key":"SMITH"},{"data":"Conserve Battery","floor":30,"key":"SMITH"},{"floor":32,"key":"REST"}],"neow_cost":"NONE","seed_source_timestamp":425905263957006,"circlet_count":0,"master_deck":["Strike_B","Strike_B","Strike_B","Strike_B","Defend_B","Defend_B","Defend_B","Defend_B","Zap+1","Dualcast","AscendersBane","Gash","Conserve Battery+1","Recycle+1","Cold Snap","Ball Lightning","Genetic Algorithm","Skim+1","Ball Lightning","Defragment+1","Madness","Thunder Strike","Auto Shields","Conserve Battery","Self Repair","Capacitor","Amplify","Electrodynamics","Ball Lightning+1"],"relics":["Cracked Core","NeowsBlessing","Pear","Du-Vu Doll","Incense Burner","Cursed Key","Regal Pillow","Inserter"],"potions_floor_usage":[7,8,16,16,31],"damage_taken":[{"damage":0,"enemies":"Cultist","floor":1,"turns":1},{"damage":0,"enemies":"Jaw Worm","floor":2,"turns":1},{"damage":0,"enemies":"Small Slimes","floor":3,"turns":1},{"damage":37,"enemies":"3 Sentries","floor":7,"turns":9},{"damage":5,"enemies":"3 Louse","floor":8,"turns":3},{"damage":0,"enemies":"2 Fungi Beasts","floor":10,"turns":2},{"damage":16,"enemies":"Exordium Wildlife","floor":12,"turns":4},{"damage":28,"enemies":"The Guardian","floor":16,"turns":11},{"damage":10,"enemies":"Chosen","floor":18,"turns":5},{"damage":10,"enemies":"Shell Parasite","floor":21,"turns":7},{"damage":12,"enemies":"Centurion and Healer","floor":22,"turns":10},{"damage":24,"enemies":"Book of Stabbing","floor":31,"turns":5},{"damage":77,"enemies":"Automaton","floor":33,"turns":11},{"damage":30,"enemies":"Orb Walker","floor":35,"turns":3},{"damage":26,"enemies":"3 Shapes","floor":36,"turns":3},{"damage":36,"enemies":"Sphere and 2 Shapes","floor":37,"turns":3}],"seed_played":"6634488419453902621","potions_obtained":[{"floor":2,"key":"Poison Potion"},{"floor":3,"key":"EssenceOfSteel"},{"floor":7,"key":"Fire Potion"},{"floor":12,"key":"LiquidBronze"},{"floor":16,"key":"PowerPotion"},{"floor":21,"key":"Weak Potion"}],"is_trial":false,"path_per_floor":["M","M","M","?","?","R","E","M","T","M","?","M","R","$","R","B",null,"M","?","$","M","M","R","?","R","T","R","?","$","R","E","R","B",null,"M","M"],"character_chosen":"DEFECT","items_purchased":["Ball Lightning","Defragment","Madness","Auto Shields","Capacitor"],"campfire_rested":4,"item_purchase_floors":[14,14,14,20,29],"current_hp_per_floor":[68,68,68,68,60,60,23,18,18,18,18,2,27,27,52,24,70,60,60,60,50,38,38,22,49,49,49,79,79,79,62,90,20,73,43,31,0],"gold":168,"neow_bonus":"THREE_ENEMY_KILL","is_prod":false,"is_daily":false,"chose_seed":false,"campfire_upgraded":4,"win_rate":0,"timestamp":1534149345,"path_taken":["M","M","?","?","?","R","E","M","T","M","?","?","R","?","R","BOSS","M","?","$","M","M","R","?","R","T","R","?","?","R","E","R","BOSS","M","M","M"],"build_version":"2018-08-09","purchased_purges":0,"victory":false,"max_hp_per_floor":[75,75,75,75,85,85,85,85,85,85,85,85,85,85,85,85,85,85,85,85,85,85,85,90,90,90,90,90,90,90,90,90,90,90,90,90,90],"card_choices":[{"not_picked":["Recycle","Steam Power"],"picked":"Gash","floor":1},{"not_picked":["Loop","Auto Shields"],"picked":"Conserve Battery","floor":2},{"not_picked":["Turbo","Capacitor"],"picked":"Recycle","floor":3},{"not_picked":["Stack","Undo"],"picked":"Cold Snap","floor":7},{"not_picked":["Loop","Leap"],"picked":"Ball Lightning","floor":8},{"not_picked":["Leap","Multi-Cast"],"picked":"Genetic Algorithm","floor":10},{"not_picked":["Hologram","Beam Cell"],"picked":"Skim","floor":12},{"not_picked":["Echo Form","Core Surge"],"picked":"Thunder Strike","floor":16},{"not_picked":["Beam Cell","Sweeping Beam","Compile Driver"],"picked":"SKIP","floor":18},{"not_picked":["Barrage+1","Stack"],"picked":"Conserve Battery","floor":21},{"not_picked":["Steam Power","Static Discharge"],"picked":"Self Repair","floor":22},{"not_picked":["Cold Snap+1","Auto Shields"],"picked":"Amplify","floor":31},{"not_picked":["Reboot","Machine Learning"],"picked":"Electrodynamics","floor":33},{"not_picked":["Lockon+1","Gash+1","FTL"],"picked":"SKIP","floor":35},{"not_picked":["Cold Snap","Aggregate+1"],"picked":"Ball Lightning+1","floor":36}],"player_experience":213052,"relics_obtained":[{"floor":7,"key":"Du-Vu Doll"},{"floor":9,"key":"Incense Burner"},{"floor":31,"key":"Regal Pillow"}],"event_choices":[{"event_name":"Accursed Blacksmith","player_choice":"Forge","floor":4,"damage_taken":0},{"event_name":"Scrap Ooze","player_choice":"success","floor":5,"damage_taken":18},{"event_name":"Dead Adventurer","player_choice":"Searched \u00271\u0027 times","floor":11,"damage_taken":0},{"event_name":"Cursed Tome","player_choice":"Ignored","floor":19,"damage_taken":0},{"event_name":"Forgotten Altar","player_choice":"Shed Blood","floor":24,"damage_taken":0},{"event_name":"The Library","player_choice":"Heal","floor":28,"damage_taken":0}],"is_beta":false,"boss_relics":[{"not_picked":["Runic Dome","Coffee Dripper"],"picked":"Cursed Key"},{"not_picked":["Nuclear Battery","Velvet Choker"],"picked":"Inserter"}],"items_purged_floors":[],"is_endless":false,"potions_floor_spawned":[2,3,7,12,16,21,22],"killed_by":"Sphere and 2 Shapes","ascension_level":11}