{"gold_per_floor":[111,111,129,51,126,158,178,190,220,220,23,23,56,69,69,165,165,185,185,185,71,96,96,114,143,170,182,82,101,115,134,134,232,232,243,343,151,168,182,182,199,232,282,300,7,39,39,139,139,139,139,139,90,122,122],"floor_reached":56,"playtime":5427,"items_purged":["Strike_B","Injury","Strike_B","Decay"],"score":1384,"play_id":"fee810f5-6528-4305-966b-372022fd729f","local_time":"20190725231203","is_ascension_mode":true,"campfire_choices":[{"data":"Scrape","floor":12.0,"key":"SMITH"},{"data":"Dualcast","floor":15.0,"key":"SMITH"},{"data":"Go for the Eyes","floor":23.0,"key":"SMITH"},{"floor":32.0,"key":"REST"},{"floor":40.0,"key":"RECALL"},{"data":"Defragment","floor":49,"key":"SMITH"},{"data":"Defragment","floor":52,"key":"SMITH"}],"neow_cost":"NONE","seed_source_timestamp":0,"circlet_count":0,"master_deck":["Strike_B","Strike_B","Defend_B","Defend_B","Defend_B","Defend_B","Zap+1","Dualcast+1","Cold Snap","Scrape+1","FTL","Steam","Steam","Glacier","Rebound","Gash","Seek","Beam Cell","J.A.X.","Go for the Eyes+1","Defragment+1","Gash","Reinforced Body+1","Go for the Eyes","Gash","Gash","All For One","Scrape+1","Go for the Eyes+1","Coolheaded+1","Go for the Eyes+1","FTL","Sunder+1","Defragment+1","Beam Cell+1","Capacitor","Go for the Eyes+1","White Noise+1"],"special_seed":0,"relics":["Cracked Core","Pantograph","Odd Mushroom","Tiny Chest","Shuriken","Lee\u0027s Waffle","Symbiotic Virus","Cursed Key","Red Mask","Bottled Tornado","Blood Vial","Orrery","Dead Branch","Strawberry","Gambling Chip","Bird Faced Urn","Cables"],"potions_floor_usage":[55,55,55],"damage_taken":[{"damage":5.0,"enemies":"Small Slimes","floor":1.0,"turns":2.0},{"damage":1.0,"enemies":"2 Louse","floor":3.0,"turns":2.0},{"damage":17.0,"enemies":"Lagavulin","floor":6.0,"turns":6.0},{"damage":6.0,"enemies":"The Mushroom Lair","floor":7.0,"turns":4.0},{"damage":3.0,"enemies":"Jaw Worm","floor":8.0,"turns":3.0},{"damage":0.0,"enemies":"3 Sentries","floor":13.0,"turns":8.0},{"damage":3.0,"enemies":"Exordium Thugs","floor":14.0,"turns":4.0},{"damage":19.0,"enemies":"Hexaghost","floor":16.0,"turns":8.0},{"damage":5.0,"enemies":"Chosen","floor":18.0,"turns":4.0},{"damage":9.0,"enemies":"Masked Bandits","floor":22.0,"turns":4.0},{"damage":6.0,"enemies":"Shell Parasite","floor":24.0,"turns":5.0},{"damage":35.0,"enemies":"Gremlin Leader","floor":25.0,"turns":8.0},{"damage":0.0,"enemies":"Snecko","floor":27.0,"turns":3.0},{"damage":4.0,"enemies":"3 Cultists","floor":29.0,"turns":4.0},{"damage":15.0,"enemies":"Snake Plant","floor":30.0,"turns":3.0},{"damage":1.0,"enemies":"Centurion and Healer","floor":31.0,"turns":5.0},{"damage":8.0,"enemies":"Champ","floor":33.0,"turns":9.0},{"damage":2.0,"enemies":"3 Shapes","floor":35.0,"turns":4.0},{"damage":13.0,"enemies":"3 Darklings","floor":38.0,"turns":3.0},{"damage":10.0,"enemies":"Spire Growth","floor":39.0,"turns":3.0},{"damage":6.0,"enemies":"4 Shapes","floor":41.0,"turns":8.0},{"damage":6.0,"enemies":"Giant Head","floor":42.0,"turns":3.0},{"damage":18.0,"enemies":"Writhing Mass","floor":44.0,"turns":4.0},{"damage":0,"enemies":"Nemesis","floor":46,"turns":7},{"damage":0,"enemies":"Mind Bloom Boss Battle","floor":48,"turns":3},{"damage":53,"enemies":"Donu and Deca","floor":50,"turns":8},{"damage":19,"enemies":"Shield and Spear","floor":54,"turns":5},{"damage":75,"enemies":"The Heart","floor":55,"turns":10}],"seed_played":"5315840465536335600","potions_obtained":[{"floor":6.0,"key":"PowerPotion"},{"floor":7.0,"key":"FocusPotion"},{"floor":16.0,"key":"Poison Potion"},{"floor":27.0,"key":"Strength Potion"},{"floor":29.0,"key":"Weak Potion"},{"floor":30.0,"key":"GamblersBrew"},{"floor":31.0,"key":"Energy Potion"},{"floor":35.0,"key":"LiquidBronze"},{"floor":41.0,"key":"AttackPotion"},{"floor":42.0,"key":"LiquidBronze"}],"is_trial":false,"path_per_floor":["M","?","M","$","?","E","?","M","T","T","$","R","E","M","R","B",null,"M","?","?","$","?","R","M","E","T","M","$","M","M","M","R","B",null,"M","?","$","M","M","R","M","E","T","M","$","E","$","?","R","B",null,"R","$","E","B",null],"character_chosen":"DEFECT","items_purchased":["FTL","Lee\u0027s Waffle","Defragment","FTL","Strawberry","PowerPotion"],"campfire_rested":1,"item_purchase_floors":[4,11,21,37,45,53],"current_hp_per_floor":[70,70,69,69,58,41,35,32,32,32,82,82,82,79,79,63,82,77,77,77,77,68,68,62,27,27,29,29,27,14,15,39,58,82,80,80,80,69,61,61,57,53,53,37,44,46,46,73,73,36,89,89,89,74,17],"gold":122,"neow_bonus":"UPGRADE_CARD","is_prod":false,"is_daily":false,"chose_seed":false,"campfire_upgraded":5,"win_rate":0,"timestamp":1564089123,"path_taken":["M","?","M","$","?","E","?","M","T","?","?","R","E","M","R","BOSS","M","?","?","$","?","R","M","E","T","M","?","M","?","M","R","BOSS","M","?","$","M","M","R","?","E","T","M","$","E","?","?","R","BOSS","R","$","E","BOSS"],"build_version":"2019-07-17","purchased_purges":4,"victory":true,"max_hp_per_floor":[75,75,75,75,75,75,75,75,75,75,82,82,82,82,82,82,82,82,82,82,82,82,82,82,82,82,82,82,82,82,82,82,82,82,82,82,82,82,82,82,82,82,82,82,89,89,89,89,89,89,89,89,89,89,89],"card_choices":[{"not_picked":["Stack","Chill"],"picked":"Cold Snap","floor":1.0},{"not_picked":["Sweeping Beam","Cold Snap"],"picked":"Scrape","floor":3.0},{"not_picked":["Loop","Coolheaded"],"picked":"Steam","floor":6.0},{"not_picked":["Stack","Loop"],"picked":"Steam","floor":7.0},{"not_picked":["Machine Learning","Hologram"],"picked":"Glacier","floor":8.0},{"not_picked":["Auto Shields","Steam"],"picked":"Rebound","floor":13.0},{"not_picked":["Fusion","Rebound"],"picked":"Gash","floor":14.0},{"not_picked":["Reboot","Machine Learning"],"picked":"Seek","floor":16.0},{"not_picked":["Rebound","Self Repair"],"picked":"Beam Cell","floor":18.0},{"not_picked":["Streamline","Glacier"],"picked":"Gash","floor":22.0},{"not_picked":["Rebound","Redo"],"picked":"Reinforced Body+1","floor":24.0},{"not_picked":["Streamline","Core Surge"],"picked":"Go for the Eyes","floor":25.0},{"not_picked":["Hologram","Rebound","Aggregate"],"picked":"SKIP","floor":27.0},{"not_picked":["Barrage","Consume+1","Redo+1"],"picked":"SKIP","floor":29.0},{"not_picked":["Doom and Gloom","Turbo"],"picked":"Gash","floor":30.0},{"not_picked":["Stack+1","Fusion"],"picked":"Gash","floor":31.0},{"not_picked":["Multi-Cast","Amplify"],"picked":"All For One","floor":33.0},{"not_picked":["Genetic Algorithm+1","Stack+1"],"picked":"Scrape+1","floor":34.0},{"not_picked":["Tempest+1","Hologram"],"picked":"Go for the Eyes+1","floor":34.0},{"not_picked":["Ball Lightning","Machine Learning"],"picked":"Coolheaded+1","floor":34.0},{"not_picked":["Barrage","Stack+1"],"picked":"Go for the Eyes+1","floor":35.0},{"not_picked":["Turbo","Beam Cell"],"picked":"Sunder+1","floor":38.0},{"not_picked":["Leap+1","Heatsinks"],"picked":"Defragment","floor":39.0},{"not_picked":["Force Field+1","Ball Lightning","Conserve Battery"],"picked":"SKIP","floor":41.0},{"not_picked":["Tempest+1","Compile Driver"],"picked":"Beam Cell+1","floor":42.0},{"not_picked":["Ball Lightning+1","Thunder Strike"],"picked":"Capacitor","floor":44.0},{"not_picked":["Stack","Static Discharge+1","Conserve Battery"],"picked":"SKIP","floor":46},{"not_picked":["Rebound+1","Turbo+1"],"picked":"Go for the Eyes+1","floor":48},{"not_picked":["Coolheaded+1","Fusion"],"picked":"White Noise+1","floor":54}],"player_experience":595407,"relics_obtained":[{"floor":6.0,"key":"Pantograph"},{"floor":7.0,"key":"Odd Mushroom"},{"floor":9.0,"key":"Tiny Chest"},{"floor":10.0,"key":"Shuriken"},{"floor":13.0,"key":"Symbiotic Virus"},{"floor":22.0,"key":"Red Mask"},{"floor":25.0,"key":"Bottled Tornado"},{"floor":26.0,"key":"Blood Vial"},{"floor":42.0,"key":"Dead Branch"},{"floor":46,"key":"Gambling Chip"},{"floor":48,"key":"Bird Faced Urn"},{"floor":54,"key":"Cables"}],"event_choices":[{"damage_healed":0.0,"max_hp_gain":0.0,"max_hp_loss":0.0,"gold_gain":0.0,"event_name":"Liars Game","player_choice":"Ignored","floor":2.0,"gold_loss":0.0,"damage_taken":0.0},{"damage_healed":0.0,"max_hp_gain":0.0,"max_hp_loss":0.0,"gold_gain":75.0,"event_name":"World of Goop","player_choice":"Gather Gold","floor":5.0,"gold_loss":0.0,"damage_taken":11.0},{"damage_healed":0.0,"max_hp_gain":0.0,"max_hp_loss":0.0,"gold_gain":0.0,"event_name":"Mushrooms","player_choice":"Fought Mushrooms","floor":7.0,"gold_loss":0.0,"damage_taken":0.0},{"damage_healed":0.0,"max_hp_gain":0.0,"max_hp_loss":0.0,"gold_gain":0.0,"event_name":"Drug Dealer","player_choice":"Obtain J.A.X.","floor":19.0,"gold_loss":0.0,"damage_taken":0.0,"cards_obtained":["J.A.X."]},{"damage_healed":0.0,"max_hp_gain":0.0,"max_hp_loss":0.0,"gold_gain":0.0,"event_name":"The Library","player_choice":"Read","floor":20.0,"gold_loss":0.0,"damage_taken":0.0,"cards_obtained":["Go for the Eyes"]},{"damage_healed":0.0,"max_hp_gain":0.0,"max_hp_loss":0.0,"gold_gain":0.0,"event_name":"Masked Bandits","player_choice":"Fought Bandits","floor":22.0,"gold_loss":0.0,"damage_taken":0.0},{"damage_healed":0.0,"max_hp_gain":0.0,"max_hp_loss":0.0,"gold_gain":100.0,"event_name":"Golden Shrine","player_choice":"Pray","floor":36.0,"gold_loss":0.0,"damage_taken":0.0},{"damage_healed":0,"gold_gain":0,"player_choice":"Fight","damage_taken":0,"max_hp_gain":0,"max_hp_loss":0,"event_name":"MindBloom","floor":48,"gold_loss":0}],"is_beta":false,"boss_relics":[{"not_picked":["White Beast Statue","Runic Pyramid"],"picked":"Cursed Key"},{"not_picked":["Runic Dome","Tiny House"],"picked":"Orrery"}],"items_purged_floors":[21,28,37,45],"is_endless":false,"potions_floor_spawned":[6,7,16,27,29,30,31,35,41,42],"ascension_level":1}