{"path_per_floor":["M","$","?","?","M","R","M","R","T","T","?","$","R","?","R","B",null,"M","M","?","$","?","R","M","R","T","?","M","?","M","$","R","B",null,"M","M","?","M","$","R","M","R","T","R","M","M","?","M","R","B"],"character_chosen":"DEFECT","items_purchased":["Static Discharge","Defragment","Darkness"],"gold_per_floor":[110,31,31,31,45,45,60,60,60,83,33,33,33,33,33,137,137,156,175,90,18,18,18,38,38,338,338,356,281,296,185,185,284,284,295,311,311,325,225,225,235,235,235,235,249,260,260,278,278,278],"floor_reached":51,"campfire_rested":5,"playtime":3693,"item_purchase_floors":[2,21,31],"current_hp_per_floor":[74,74,62,67,64,64,57,57,57,57,57,57,57,57,57,21,80,54,14,14,14,14,38,26,50,50,42,26,26,4,4,28,14,80,43,21,21,3,3,27,18,42,42,42,39,39,70,70,70,44],"items_purged":["Decay","Strike_B"],"gold":278,"score":610,"play_id":"73f548d3-7b13-4e79-a843-b9afe96b18d6","local_time":"20180603231821","is_prod":false,"is_daily":false,"chose_seed":false,"is_ascension_mode":false,"campfire_upgraded":6,"win_rate":0.0,"timestamp":1528060701,"campfire_choices":[{"data":"Consume","floor":6,"key":"SMITH"},{"data":"Zap","floor":8,"key":"SMITH"},{"data":"Static Discharge","floor":13,"key":"SMITH"},{"data":"Dualcast","floor":15,"key":"SMITH"},{"floor":23,"key":"REST"},{"floor":25,"key":"REST"},{"floor":32,"key":"REST"},{"floor":40,"key":"REST"},{"floor":42,"key":"REST"},{"data":"Capacitor","floor":44,"key":"SMITH"},{"data":"Defragment","floor":49,"key":"SMITH"}],"path_taken":["M","?","?","?","?","R","M","R","T","?","?","?","R","?","R","BOSS","M","M","?","$","?","R","M","R","T","?","?","?","M","$","R","BOSS","M","M","?","?","$","R","M","R","T","R","M","M","?","M","R","BOSS"],"build_version":"2018-05-31","seed_source_timestamp":46938524883856,"purchased_purges":2,"victory":true,"master_deck":["Strike_B","Defend_B","Defend_B","Zap+1","Dualcast+1","Consume+1","Static Discharge+1","Capacitor+1","Double Energy","Coolheaded+1","Barrage+1","Capacitor+1","Hologram","Defragment+1","Consume+1","Darkness","Buffer","Chill+1","Defragment","Machine Learning"],"max_hp_per_floor":[75,75,75,80,80,80,80,80,80,80,80,80,80,80,80,80,80,80,80,80,80,80,80,80,80,80,80,80,80,80,80,80,80,80,80,80,80,80,80,80,80,80,80,80,80,80,70,70,70,75],"relics":["Cracked Core","Orichalcum","Kunai","Oddly Smooth Stone","Anchor","Astrolabe","Ornamental Fan","Old Coin","White Beast Statue","Bag of Marbles"],"card_choices":[{"not_picked":["Sweeping Beam","Cold Snap"],"picked":"Consume","floor":0},{"not_picked":["Compile Driver","Beam Cell","Leap"],"picked":"SKIP","floor":1},{"not_picked":["Beam Cell","Conserve Battery"],"picked":"Capacitor","floor":5},{"not_picked":["Skim","Melter"],"picked":"Double Energy","floor":7},{"not_picked":["Rainbow","Creative AI"],"picked":"Fission","floor":16},{"not_picked":["Lockon","Conserve Battery+1","Steam+1"],"picked":"SKIP","floor":18},{"not_picked":["Compile Driver","Barrage+1"],"picked":"Hologram","floor":19},{"not_picked":["Sweeping Beam","Coolheaded+1","All For One"],"picked":"SKIP","floor":24},{"not_picked":["Compile Driver","Cold Snap","Rebound+1"],"picked":"SKIP","floor":28},{"not_picked":["Compile Driver","Cold Snap"],"picked":"Consume+1","floor":30},{"not_picked":["Reboot","Rainbow"],"picked":"Buffer","floor":33},{"not_picked":["Cold Snap+1","Compile Driver+1"],"picked":"Chill+1","floor":35},{"not_picked":["Barrage+1","Gash+1","Steam+1"],"picked":"SKIP","floor":36},{"not_picked":["Compile Driver+1","Steam+1"],"picked":"Defragment","floor":38},{"not_picked":["Beam Cell+1","Hologram"],"picked":"Machine Learning","floor":41},{"not_picked":["Beam Cell","Doom and Gloom+1","Rebound"],"picked":"SKIP","floor":45},{"not_picked":["Conserve Battery+1","Gash+1","Rebound+1"],"picked":"SKIP","floor":46},{"not_picked":["Leap","Compile Driver","FTL+1"],"picked":"SKIP","floor":48}],"player_experience":222654,"potions_floor_usage":[33,36,38,50,50,50],"damage_taken":[{"damage":1,"enemies":"Cultist","floor":1,"turns":3},{"damage":3,"enemies":"Small Slimes","floor":5,"turns":4},{"damage":7,"enemies":"2 Louse","floor":7,"turns":2},{"damage":36,"enemies":"The Guardian","floor":16,"turns":8},{"damage":26,"enemies":"Spheric Guardian","floor":18,"turns":5},{"damage":40,"enemies":"2 Thieves","floor":19,"turns":4},{"damage":12,"enemies":"Snake Plant","floor":24,"turns":2},{"damage":16,"enemies":"Snecko","floor":28,"turns":5},{"damage":22,"enemies":"Cultist and Chosen","floor":30,"turns":5},{"damage":14,"enemies":"Champ","floor":33,"turns":7},{"damage":37,"enemies":"3 Darklings","floor":35,"turns":5},{"damage":22,"enemies":"Orb Walker","floor":36,"turns":5},{"damage":18,"enemies":"Maw","floor":38,"turns":7},{"damage":9,"enemies":"3 Darklings","floor":41,"turns":6},{"damage":3,"enemies":"4 Shapes","floor":45,"turns":8},{"damage":0,"enemies":"Sphere and 2 Shapes","floor":46,"turns":7},{"damage":0,"enemies":"Maw","floor":48,"turns":7},{"damage":31,"enemies":"Donu and Deca","floor":50,"turns":9}],"relics_obtained":[{"floor":9,"key":"Kunai"},{"floor":10,"key":"Oddly Smooth Stone"},{"floor":26,"key":"Old Coin"},{"floor":43,"key":"Bag of Marbles"}],"event_choices":[{"event_name":"Scrap Ooze","player_choice":"success","floor":3,"damage_taken":12},{"event_name":"Big Fish","player_choice":"Donut","floor":4,"damage_taken":0},{"event_name":"The Cleric","player_choice":"Card Removal","floor":11,"damage_taken":0},{"event_name":"Wheel of Change","player_choice":"Relic","floor":14,"damage_taken":0},{"event_name":"Addict","player_choice":"Obtained Relic","floor":20,"damage_taken":0},{"event_name":"Wheel of Change","player_choice":"Curse","floor":22,"damage_taken":0},{"event_name":"Knowing Skull","player_choice":"","floor":27,"damage_taken":0},{"event_name":"Beggar","player_choice":"Gave Gold","floor":29,"damage_taken":0},{"event_name":"The Woman in Blue","player_choice":"Bought 0 Potions","floor":37,"damage_taken":0},{"event_name":"The Moai Head","player_choice":"Heal","floor":47,"damage_taken":0}],"boss_relics":[{"not_picked":["Philosopher\u0027s Stone","Calling Bell"],"picked":"Astrolabe"},{"not_picked":["Snecko Eye","Velvet Choker"],"picked":"White Beast Statue"}],"items_purged_floors":[31,39],"potions_floor_spawned":[7,24,28,35,36,38,41,45,46,48],"seed_played":"7049946059202479687","ascension_level":0,"potions_obtained":[{"floor":7,"key":"EntropicBrew"},{"floor":24,"key":"AttackPotion"},{"floor":28,"key":"SpeedPotion"},{"floor":35,"key":"Poison Potion"},{"floor":36,"key":"FocusPotion"},{"floor":41,"key":"SpeedPotion"},{"floor":45,"key":"PowerPotion"},{"floor":46,"key":"Strength Potion"},{"floor":48,"key":"Fruit Juice"}],"is_trial":false}