{"gold_per_floor":[111,31,31,31,49,77,77,97,97,97,132,156,182,197,197,271,271,285,297,297,313,17,17,47,47,47,67,101,101,113,113,113,113],"floor_reached":33,"playtime":1796,"items_purged":["Strike_R"],"score":656,"play_id":"ed744a3b-975f-4fbd-ba02-db67b96e359b","local_time":"20190425103457","is_ascension_mode":true,"campfire_choices":[{"data":"Bash","floor":7,"key":"SMITH"},{"data":"Whirlwind","floor":10,"key":"SMITH"},{"data":"Disarm","floor":15,"key":"SMITH"},{"floor":23,"key":"REST"},{"floor":25,"key":"REST"},{"data":"Juggernaut","floor":32,"key":"SMITH"}],"neow_cost":"NONE","seed_source_timestamp":184043533459200,"circlet_count":0,"master_deck":["AscendersBane","Strike_R","Strike_R+1","Strike_R","Defend_R","Defend_R","Defend_R","Defend_R","Bash+1","Headbutt","Offering","Cleave","Rage","Whirlwind+1","Disarm+1","Burning Pact","Juggernaut+1","Anger+1","Rage","Ghostly Armor","Shrug It Off","Ghostly","Ghostly","Ghostly"],"relics":["Burning Blood","NeowsBlessing","Ornamental Fan","Sundial","Singing Bowl","Omamori","Oddly Smooth Stone","Lantern","Cursed Key","ClockworkSouvenir","Bag of Marbles","Whetstone","Molten Egg 2"],"potions_floor_usage":[28,28,33],"damage_taken":[{"damage":0,"enemies":"2 Louse","floor":1,"turns":1},{"damage":0,"enemies":"Small Slimes","floor":5,"turns":1},{"damage":0,"enemies":"3 Sentries","floor":6,"turns":2},{"damage":13,"enemies":"Jaw Worm","floor":8,"turns":2},{"damage":35,"enemies":"Lagavulin","floor":11,"turns":6},{"damage":12,"enemies":"3 Sentries","floor":13,"turns":3},{"damage":6,"enemies":"Blue Slaver","floor":14,"turns":3},{"damage":13,"enemies":"The Guardian","floor":16,"turns":19},{"damage":15,"enemies":"2 Thieves","floor":18,"turns":2},{"damage":12,"enemies":"3 Byrds","floor":19,"turns":3},{"damage":18,"enemies":"Snecko","floor":21,"turns":3},{"damage":28,"enemies":"Book of Stabbing","floor":24,"turns":5},{"damage":34,"enemies":"Snake Plant","floor":27,"turns":6},{"damage":13,"enemies":"Slavers","floor":28,"turns":7},{"damage":4,"enemies":"Cultist and Chosen","floor":30,"turns":4},{"damage":38,"enemies":"Automaton","floor":33,"turns":6}],"seed_played":"-616372849307755918","potions_obtained":[{"floor":6,"key":"SpeedPotion"},{"floor":8,"key":"Ancient Potion"},{"floor":21,"key":"SteroidPotion"},{"floor":27,"key":"Poison Potion"},{"floor":28,"key":"AttackPotion"},{"floor":29,"key":"FearPotion"}],"is_trial":false,"path_per_floor":["M","$","?","?","M","E","R","M","T","R","E","T","E","M","R","B",null,"M","M","?","M","$","R","E","R","T","M","E","?","M","?","R","B"],"character_chosen":"IRONCLAD","items_purchased":["Offering","ClockworkSouvenir"],"campfire_rested":2,"item_purchase_floors":[2,22],"current_hp_per_floor":[74,74,63,56,62,68,68,61,61,61,32,32,28,28,28,21,63,54,50,50,40,40,64,44,68,68,40,33,33,37,37,37,0],"gold":113,"neow_bonus":"THREE_ENEMY_KILL","is_prod":false,"is_daily":false,"chose_seed":false,"campfire_upgraded":4,"win_rate":0,"timestamp":1556177697,"path_taken":["M","$","?","?","M","E","R","M","T","R","E","?","E","M","R","BOSS","M","M","?","M","$","R","E","R","T","M","E","?","?","?","R","BOSS"],"build_version":"2019-01-23","purchased_purges":1,"victory":false,"max_hp_per_floor":[75,75,75,75,75,75,75,75,75,75,75,75,77,77,77,77,77,77,79,79,81,81,81,83,83,83,83,83,83,85,42,42,42],"card_choices":[{"not_picked":["Wild Strike","Sword Boomerang"],"picked":"Headbutt","floor":1},{"not_picked":["Havoc","Flex"],"picked":"Cleave","floor":5},{"not_picked":["Thunderclap","Havoc"],"picked":"Rage","floor":6},{"not_picked":["Rampage","Body Slam"],"picked":"Whirlwind","floor":8},{"not_picked":["Dark Embrace","Intimidate"],"picked":"Disarm","floor":11},{"not_picked":["Havoc","Armaments","Searing Blow"],"picked":"Singing Bowl","floor":13},{"not_picked":["Flex","Armaments"],"picked":"Burning Pact","floor":14},{"not_picked":["Berserk","Brutality"],"picked":"Juggernaut","floor":16},{"not_picked":["Evolve","Twin Strike"],"picked":"Anger","floor":18},{"not_picked":["Rampage","Twin Strike","Iron Wave"],"picked":"Singing Bowl","floor":19},{"not_picked":["Heavy Blade","Whirlwind","Clash"],"picked":"Singing Bowl","floor":21},{"not_picked":["Evolve","Searing Blow","Armaments"],"picked":"Singing Bowl","floor":24},{"not_picked":["Twin Strike","Warcry"],"picked":"Ghostly Armor","floor":27},{"not_picked":["Blood for Blood+1","Body Slam"],"picked":"Shrug It Off","floor":28},{"not_picked":["Limit Break","Infernal Blade","Heavy Blade+1"],"picked":"Singing Bowl","floor":30}],"player_experience":1230483,"relics_obtained":[{"floor":6,"key":"Sundial"},{"floor":9,"key":"Singing Bowl"},{"floor":11,"key":"Omamori"},{"floor":12,"key":"Oddly Smooth Stone"},{"floor":13,"key":"Lantern"},{"floor":24,"key":"Bag of Marbles"},{"floor":26,"key":"Whetstone"},{"floor":28,"key":"Molten Egg 2"}],"event_choices":[{"damage_healed":0,"gold_gain":0,"player_choice":"Success","damage_taken":11,"relics_obtained":["Ornamental Fan"],"max_hp_gain":0,"max_hp_loss":0,"event_name":"Scrap Ooze","floor":3,"gold_loss":0},{"cards_removed":["Strike_R"],"damage_healed":0,"gold_gain":0,"player_choice":"Card Removal","damage_taken":7,"max_hp_gain":0,"max_hp_loss":0,"event_name":"Golden Wing","floor":4,"gold_loss":0},{"damage_healed":0,"gold_gain":0,"player_choice":"Read","damage_taken":0,"max_hp_gain":0,"max_hp_loss":0,"event_name":"The Library","floor":20,"gold_loss":0,"cards_obtained":["Rage"]},{"damage_healed":0,"gold_gain":0,"player_choice":"Got Potions","damage_taken":0,"max_hp_gain":0,"max_hp_loss":0,"event_name":"Lab","floor":29,"gold_loss":0},{"damage_healed":0,"gold_gain":0,"player_choice":"Became a Ghost","damage_taken":0,"max_hp_gain":0,"max_hp_loss":43,"event_name":"Ghosts","floor":31,"gold_loss":0,"cards_obtained":["Ghostly","Ghostly","Ghostly"]}],"is_beta":false,"boss_relics":[{"not_picked":["Ectoplasm","White Beast Statue"],"picked":"Cursed Key"}],"items_purged_floors":[22],"is_endless":false,"potions_floor_spawned":[6,8,13,14,21,27,28],"killed_by":"Automaton","ascension_level":20}