{"gold_per_floor":[113,131,141,141,91,131,131,170,170,201,201,222,235,258,258,386,386,404,174,192,205,205,205,74,74,150,173,173,187,221,240,240,368,368,381,397,95,113,113,152,152,152],"floor_reached":42,"playtime":1832,"items_purged":["Strike_B"],"score":470,"play_id":"57272b60-451f-4872-8a09-2f0dba720308","local_time":"20190924214841","is_ascension_mode":false,"campfire_choices":[{"floor":7,"key":"REST"},{"data":"Conserve Battery","floor":11,"key":"SMITH"},{"floor":15,"key":"REST"},{"data":"Streamline","floor":23,"key":"SMITH"},{"data":"Sunder","floor":25,"key":"SMITH"},{"data":"Writhe","floor":28,"key":"PURGE"},{"floor":32,"key":"REST"},{"floor":41,"key":"REST"}],"neow_cost":"PERCENT_DAMAGE","seed_source_timestamp":187925497713500,"circlet_count":0,"master_deck":["Strike_B","Strike_B","Defend_B","Defend_B","Defend_B","Defend_B","Zap","Dualcast","Core Surge","Steam","Conserve Battery+1","Leap","Auto Shields","Electrodynamics","Conserve Battery","Streamline+1","Rebound","Creative AI","Rip and Tear+1","Sunder+1","Capacitor","Jack Of All Trades","Go for the Eyes+1","Conserve Battery","BootSequence","Amplify","BootSequence+1","Leap"],"relics":["Cracked Core","Golden Idol","Bronze Scales","Peace Pipe","Dodecahedron","Centennial Puzzle","Cursed Key","Oddly Smooth Stone","Letter Opener","DataDisk","Velvet Choker","Ice Cream","Calipers"],"potions_floor_usage":[6,10,27,30,33,40,42],"damage_taken":[{"damage":0,"enemies":"Small Slimes","floor":1,"turns":2},{"damage":0,"enemies":"Cultist","floor":2,"turns":3},{"damage":0,"enemies":"2 Louse","floor":3,"turns":2},{"damage":19,"enemies":"3 Sentries","floor":6,"turns":10},{"damage":4,"enemies":"Lagavulin","floor":8,"turns":8},{"damage":15,"enemies":"Gremlin Nob","floor":10,"turns":4},{"damage":5,"enemies":"Blue Slaver","floor":12,"turns":4},{"damage":0,"enemies":"3 Louse","floor":13,"turns":2},{"damage":0,"enemies":"2 Fungi Beasts","floor":14,"turns":3},{"damage":18,"enemies":"The Guardian","floor":16,"turns":10},{"damage":11,"enemies":"2 Thieves","floor":18,"turns":4},{"damage":0,"enemies":"3 Byrds","floor":20,"turns":2},{"damage":18,"enemies":"Snecko","floor":21,"turns":5},{"damage":0,"enemies":"Chosen and Byrds","floor":27,"turns":4},{"damage":4,"enemies":"Centurion and Healer","floor":29,"turns":4},{"damage":10,"enemies":"Book of Stabbing","floor":30,"turns":5},{"damage":7,"enemies":"Snake Plant","floor":31,"turns":5},{"damage":38,"enemies":"Champ","floor":33,"turns":11},{"damage":7,"enemies":"3 Shapes","floor":35,"turns":6},{"damage":10,"enemies":"3 Darklings","floor":36,"turns":12},{"damage":1,"enemies":"4 Shapes","floor":38,"turns":18},{"damage":59,"enemies":"Nemesis","floor":40,"turns":7},{"damage":39,"enemies":"Reptomancer","floor":42,"turns":4}],"seed_played":"-2489178942281064053","potions_obtained":[{"floor":2,"key":"EntropicBrew"},{"floor":13,"key":"Block Potion"},{"floor":27,"key":"FearPotion"},{"floor":36,"key":"Regen Potion"},{"floor":40,"key":"Fire Potion"}],"is_trial":false,"path_per_floor":["M","M","M","?","?","E","R","E","T","E","R","M","M","M","R","B",null,"M","$","M","M","?","R","$","R","T","M","R","M","E","M","R","B",null,"M","M","$","M","$","E","R","E"],"character_chosen":"DEFECT","items_purchased":["Oddly Smooth Stone","Capacitor","Jack Of All Trades","Ice Cream"],"campfire_rested":4,"item_purchase_floors":[19,24,24,37],"current_hp_per_floor":[54,54,54,36,36,17,39,35,35,20,20,15,15,15,37,19,75,64,64,64,46,46,46,46,46,46,46,46,42,32,25,47,9,75,68,58,58,57,57,3,25,0],"gold":152,"neow_bonus":"THREE_RARE_CARDS","is_prod":false,"is_daily":false,"chose_seed":false,"campfire_upgraded":3,"win_rate":0,"timestamp":1569329321,"path_taken":["M","M","M","?","?","E","R","E","T","E","R","M","M","M","R","BOSS","M","$","M","M","?","R","$","R","T","?","R","M","E","M","R","BOSS","M","M","$","M","$","E","R","E"],"build_version":"2019-07-17","purchased_purges":1,"victory":false,"max_hp_per_floor":[75,75,75,75,75,75,75,75,75,75,75,75,75,75,75,75,75,75,75,75,75,75,75,75,75,75,75,75,75,75,75,75,75,75,75,75,75,75,75,75,75,75],"card_choices":[{"not_picked":["Hyperbeam","Thunder Strike"],"picked":"Core Surge","floor":0},{"not_picked":["Stack","Hologram"],"picked":"Steam","floor":1},{"not_picked":["Heatsinks","Undo"],"picked":"Conserve Battery","floor":2},{"not_picked":["Coolheaded","Rip and Tear"],"picked":"Leap","floor":3},{"not_picked":["FTL","Glacier"],"picked":"Auto Shields","floor":6},{"not_picked":["Cold Snap","Compile Driver"],"picked":"Electrodynamics","floor":8},{"not_picked":["Streamline","Hologram"],"picked":"Conserve Battery","floor":10},{"not_picked":["Coolheaded","Force Field"],"picked":"Streamline","floor":12},{"not_picked":["Hello World","Leap"],"picked":"Rebound","floor":13},{"not_picked":["Steam Power","Turbo","Chaos"],"picked":"SKIP","floor":14},{"not_picked":["Thunder Strike","Rainbow"],"picked":"Creative AI","floor":16},{"not_picked":["Sweeping Beam","Cold Snap+1"],"picked":"Rip and Tear+1","floor":18},{"not_picked":["Turbo","Sweeping Beam+1","Skim"],"picked":"SKIP","floor":20},{"not_picked":["Stack","Compile Driver+1"],"picked":"Sunder","floor":21},{"not_picked":["Stack","Hello World"],"picked":"Go for the Eyes+1","floor":27},{"not_picked":["Double Energy","Ball Lightning"],"picked":"Conserve Battery","floor":29},{"not_picked":["Aggregate","Stack"],"picked":"BootSequence","floor":30},{"not_picked":["Fission","Rebound","White Noise"],"picked":"SKIP","floor":31},{"not_picked":["Core Surge","Creative AI"],"picked":"Amplify","floor":33},{"not_picked":["Streamline","Cold Snap","Sweeping Beam"],"picked":"SKIP","floor":35},{"not_picked":["Auto Shields+1","Gash+1"],"picked":"BootSequence+1","floor":36},{"not_picked":["Auto Shields+1","Double Energy","Gash"],"picked":"SKIP","floor":38},{"not_picked":["Double Energy","Core Surge"],"picked":"Leap","floor":40}],"player_experience":460601,"relics_obtained":[{"floor":6,"key":"Bronze Scales"},{"floor":8,"key":"Peace Pipe"},{"floor":9,"key":"Dodecahedron"},{"floor":10,"key":"Centennial Puzzle"},{"floor":26,"key":"Letter Opener"},{"floor":30,"key":"DataDisk"},{"floor":40,"key":"Calipers"}],"event_choices":[{"damage_healed":0,"gold_gain":0,"player_choice":"Take Damage","damage_taken":18,"relics_obtained":["Golden Idol"],"max_hp_gain":0,"max_hp_loss":0,"event_name":"Golden Idol","floor":4,"gold_loss":0},{"cards_removed":["Strike_B"],"damage_healed":0,"gold_gain":0,"player_choice":"Card Removal","damage_taken":0,"max_hp_gain":0,"max_hp_loss":0,"event_name":"The Cleric","floor":5,"gold_loss":50},{"damage_healed":0,"gold_gain":0,"player_choice":"Got Potions","damage_taken":0,"max_hp_gain":0,"max_hp_loss":0,"event_name":"Lab","floor":22,"gold_loss":0}],"is_beta":false,"boss_relics":[{"not_picked":["Lizard Tail","Pandora\u0027s Box"],"picked":"Cursed Key"},{"not_picked":["Coffee Dripper","Calling Bell"],"picked":"Velvet Choker"}],"items_purged_floors":[19],"is_endless":false,"potions_floor_spawned":[2,6,13,14,18,27,29,36,40],"killed_by":"Reptomancer","ascension_level":0}