{"gold_per_floor":[112,127,50,60,60,88,88,120,120,120,170,193,231,254,254,345,345,359,340,340,67,67,67,86,118,118,9,35,35,35,35,35,110,110,123,123,0,12,12,12,31,64,110,110,210,210,238,255,255,255,255,255,255,45,80,80],"floor_reached":56,"playtime":4870,"items_purged":[],"score":1968,"play_id":"cdee883f-e14a-4e53-8019-b6b23fc2236f","local_time":"20190516112222","is_ascension_mode":true,"campfire_choices":[{"data":"Dagger Spray","floor":7.0,"key":"SMITH"},{"floor":15.0,"key":"REST"},{"data":"Terror","floor":23.0,"key":"SMITH"},{"data":"J.A.X.","floor":30.0,"key":"SMITH"},{"data":"Finisher","floor":32.0,"key":"SMITH"},{"data":"After Image","floor":40.0,"key":"SMITH"},{"floor":49.0,"key":"RECALL"},{"data":"Discovery","floor":53.0,"key":"SMITH"}],"neow_cost":"NONE","seed_source_timestamp":332217793714400,"circlet_count":0,"master_deck":["AscendersBane","Defend_G","Defend_G","Defend_G","Defend_G+1","Defend_G","Survivor","Neutralize+1","Blade Dance+1","Dagger Spray+1","Terror+1","Dagger Spray+1","Finisher+1","Dodge and Roll","Backflip","Infinite Blades","After Image+1","Prepared","Blade Dance","Bite","Bite","Bite+1","Bite","Bite","Cloak And Dagger","Terror","Sucker Punch","PiercingWail","PiercingWail","J.A.X.+1","Envenom","Escape Plan","Riddle With Holes","Sadistic Nature","Sadistic Nature","Discovery+1","PiercingWail","Predator","Expertise+1","Blade Dance+1","Apotheosis","Backflip+1"],"special_seed":0,"relics":["Ring of the Snake","Meat on the Bone","Gremlin Horn","Mummified Hand","Bloody Idol","Bottled Flame","Runic Pyramid","Paper Crane","Juzu Bracelet","Whetstone","Happy Flower","Coffee Dripper","Red Mask","Kunai","Bird Faced Urn","War Paint","Question Card","Sundial"],"potions_floor_usage":[],"damage_taken":[{"damage":0.0,"enemies":"Cultist","floor":1.0,"turns":6.0},{"damage":1.0,"enemies":"2 Louse","floor":2.0,"turns":3.0},{"damage":0.0,"enemies":"Small Slimes","floor":4.0,"turns":2.0},{"damage":29.0,"enemies":"Gremlin Nob","floor":6.0,"turns":4.0},{"damage":17.0,"enemies":"Lagavulin","floor":8.0,"turns":6.0},{"damage":4.0,"enemies":"Blue Slaver","floor":12.0,"turns":4.0},{"damage":35.0,"enemies":"Gremlin Nob","floor":13.0,"turns":5.0},{"damage":9.0,"enemies":"Looter","floor":14.0,"turns":3.0},{"damage":20.0,"enemies":"Slime Boss","floor":16.0,"turns":7.0},{"damage":10.0,"enemies":"Chosen","floor":18.0,"turns":6.0},{"damage":19.0,"enemies":"2 Thieves","floor":19.0,"turns":4.0},{"damage":2.0,"enemies":"Chosen and Byrds","floor":24.0,"turns":5.0},{"damage":32.0,"enemies":"Slavers","floor":25.0,"turns":7.0},{"damage":0.0,"enemies":"Gremlin Leader","floor":28.0,"turns":6.0},{"damage":51.0,"enemies":"Champ","floor":33.0,"turns":10.0},{"damage":3.0,"enemies":"3 Shapes","floor":35.0,"turns":3.0},{"damage":3.0,"enemies":"Orb Walker","floor":38.0,"turns":2.0},{"damage":19.0,"enemies":"Spire Growth","floor":41.0,"turns":5.0},{"damage":10.0,"enemies":"Reptomancer","floor":42.0,"turns":5.0},{"damage":3.0,"enemies":"Mind Bloom Boss Battle","floor":45.0,"turns":7.0},{"damage":33.0,"enemies":"Giant Head","floor":47.0,"turns":6.0},{"damage":6.0,"enemies":"Jaw Worm Horde","floor":48.0,"turns":5.0},{"damage":43.0,"enemies":"Time Eater","floor":50.0,"turns":10.0},{"damage":54.0,"enemies":"Awakened One","floor":51.0,"turns":13.0},{"damage":29.0,"enemies":"Shield and Spear","floor":55.0,"turns":11.0},{"damage":70,"enemies":"The Heart","floor":56,"turns":3}],"seed_played":"-946574986956279425","potions_obtained":[{"floor":1.0,"key":"Regen Potion"},{"floor":4.0,"key":"Weak Potion"},{"floor":12.0,"key":"Block Potion"},{"floor":18.0,"key":"Explosive Potion"},{"floor":33.0,"key":"Block Potion"},{"floor":35.0,"key":"Ancient Potion"},{"floor":41.0,"key":"GhostInAJar"},{"floor":45.0,"key":"SkillPotion"}],"is_trial":false,"path_per_floor":["M","M","$","M","?","E","R","E","T","?","?","M","E","M","R","B",null,"M","M","?","$","?","R","M","E","T","$","E","?","R","$","R","B",null,"M","?","?","M","?","R","M","E","T","?","?","?","E","M","R","B","B",null,"R","$","E","B"],"character_chosen":"THE_SILENT","items_purchased":["Terror","Paper Crane","Sucker Punch","PiercingWail","Apotheosis"],"campfire_rested":1,"item_purchase_floors":[3,21,27,27,54],"current_hp_per_floor":[59,58,58,58,58,29,29,33,33,33,33,41,18,21,39,31,53,43,36,36,36,36,36,42,37,37,37,42,42,42,42,42,26,38,42,42,42,42,32,32,27,33,38,38,42,42,31,42,42,30,20,37,37,37,42,0],"gold":80,"neow_bonus":"UPGRADE_CARD","is_prod":false,"is_daily":false,"chose_seed":false,"campfire_upgraded":6,"win_rate":0,"timestamp":1557994942,"path_taken":["M","M","$","M","?","E","R","E","T","?","?","M","E","?","R","BOSS","M","M","?","$","?","R","M","E","T","$","E","?","R","$","R","BOSS","M","?","?","M","?","R","M","E","T","?","?","?","E","M","R","BOSS","BOSS","R","$","E","BOSS"],"build_version":"2019-01-23","purchased_purges":0,"victory":false,"max_hp_per_floor":[66,66,66,66,66,66,66,66,66,60,60,60,60,60,60,60,60,60,60,42,42,42,42,42,42,42,42,42,42,42,42,42,42,42,42,42,42,42,42,42,42,42,42,42,42,42,42,42,42,42,42,42,42,42,42,42],"card_choices":[{"not_picked":["Masterful Stab","Concentrate"],"picked":"Blade Dance","floor":1.0},{"not_picked":["Leg Sweep","Endless Agony"],"picked":"Dagger Spray","floor":2.0},{"not_picked":["Poisoned Stab","Slice"],"picked":"Dagger Spray","floor":4.0},{"not_picked":["Backflip","Dodge and Roll"],"picked":"Well Laid Plans","floor":6.0},{"not_picked":["Setup","Dodge and Roll"],"picked":"Finisher","floor":8.0},{"not_picked":["Acrobatics","Dagger Throw"],"picked":"Dodge and Roll","floor":12.0},{"not_picked":["Catalyst","Tactician"],"picked":"Backflip","floor":13.0},{"not_picked":["Deflect","Deadly Poison"],"picked":"Infinite Blades","floor":14.0},{"not_picked":["Glass Knife","Corpse Explosion"],"picked":"After Image","floor":16.0},{"not_picked":["Deadly Poison","Bane"],"picked":"Prepared","floor":18.0},{"not_picked":["Bane","Dagger Spray"],"picked":"Blade Dance","floor":19.0},{"not_picked":["Masterful Stab","Slice"],"picked":"Cloak And Dagger","floor":24.0},{"not_picked":["Burst","Poisoned Stab"],"picked":"Terror","floor":25.0},{"not_picked":["All Out Attack","Predator"],"picked":"PiercingWail","floor":28.0},{"not_picked":["Venomology","Tools of the Trade"],"picked":"Envenom","floor":33.0},{"not_picked":["Quick Slash+1","Acrobatics"],"picked":"Escape Plan","floor":35.0},{"not_picked":["Quick Slash","Crippling Poison"],"picked":"Riddle With Holes","floor":38.0},{"not_picked":["Deep Breath","Flash of Steel"],"picked":"Sadistic Nature","floor":39.0},{"not_picked":["Mind Blast","Jack Of All Trades"],"picked":"Sadistic Nature","floor":39.0},{"not_picked":["Enlightenment","Trip"],"picked":"Discovery","floor":39.0},{"not_picked":["Deflect","Prepared"],"picked":"PiercingWail","floor":41.0},{"not_picked":["All Out Attack","Dagger Throw"],"picked":"Predator","floor":42.0},{"not_picked":["Accuracy","Quick Slash"],"picked":"Expertise+1","floor":47.0},{"not_picked":["Sucker Punch","Deflect","Venomology"],"picked":"Blade Dance+1","floor":48.0},{"not_picked":["Deflect","Poisoned Stab+1","Riddle With Holes"],"picked":"Backflip+1","floor":55.0}],"player_experience":1310848,"relics_obtained":[{"floor":6.0,"key":"Meat on the Bone"},{"floor":8.0,"key":"Gremlin Horn"},{"floor":9.0,"key":"Mummified Hand"},{"floor":13.0,"key":"Bottled Flame"},{"floor":25.0,"key":"Juzu Bracelet"},{"floor":26.0,"key":"Whetstone"},{"floor":28.0,"key":"Happy Flower"},{"floor":42.0,"key":"Kunai"},{"floor":45.0,"key":"Bird Faced Urn"},{"floor":47.0,"key":"Question Card"},{"floor":55.0,"key":"Sundial"}],"event_choices":[{"damage_healed":0.0,"max_hp_gain":0.0,"max_hp_loss":0.0,"gold_gain":0.0,"event_name":"Liars Game","player_choice":"Ignored","floor":5.0,"gold_loss":0.0,"damage_taken":0.0},{"damage_healed":0.0,"max_hp_gain":0.0,"max_hp_loss":6.0,"gold_gain":0.0,"event_name":"Golden Idol","player_choice":"Lose Max HP","floor":10.0,"gold_loss":0.0,"damage_taken":0.0,"relics_obtained":["Golden Idol"]},{"damage_healed":0.0,"max_hp_gain":0.0,"max_hp_loss":0.0,"gold_gain":50.0,"event_name":"Golden Shrine","player_choice":"Pray","floor":11.0,"gold_loss":0.0,"damage_taken":0.0},{"damage_healed":0.0,"max_hp_gain":0.0,"max_hp_loss":18.0,"gold_gain":0.0,"event_name":"Vampires","player_choice":"Became a vampire","floor":20.0,"gold_loss":0.0,"damage_taken":0.0,"cards_obtained":["Bite","Bite","Bite","Bite","Bite"]},{"damage_healed":0.0,"max_hp_gain":0.0,"max_hp_loss":0.0,"gold_gain":0.0,"event_name":"Forgotten Altar","player_choice":"Gave Idol","floor":22.0,"relics_lost":["Golden Idol"],"gold_loss":0.0,"damage_taken":0.0,"relics_obtained":["Bloody Idol"]},{"damage_healed":0.0,"max_hp_gain":0.0,"max_hp_loss":0.0,"gold_gain":0.0,"event_name":"Drug Dealer","player_choice":"Obtain J.A.X.","floor":29.0,"gold_loss":0.0,"damage_taken":0.0,"cards_obtained":["J.A.X."]},{"cards_removed":["Well Laid Plans"],"damage_healed":0.0,"max_hp_gain":0.0,"max_hp_loss":0.0,"gold_gain":0.0,"event_name":"Falling","player_choice":"Removed Power","floor":36.0,"gold_loss":0.0,"damage_taken":0.0},{"damage_healed":0.0,"max_hp_gain":0.0,"max_hp_loss":0.0,"gold_gain":0.0,"event_name":"Tomb of Lord Red Mask","player_choice":"Paid","floor":37.0,"gold_loss":123.0,"damage_taken":0.0,"relics_obtained":["Red Mask"]},{"damage_healed":0.0,"max_hp_gain":0.0,"max_hp_loss":0.0,"gold_gain":0.0,"event_name":"SensoryStone","player_choice":"Memory 3","floor":39.0,"gold_loss":0.0,"damage_taken":10.0},{"damage_healed":0.0,"max_hp_gain":0.0,"max_hp_loss":0.0,"gold_gain":0.0,"event_name":"SecretPortal","player_choice":"Ignored","floor":44.0,"gold_loss":0.0,"damage_taken":0.0},{"damage_healed":0.0,"max_hp_gain":0.0,"max_hp_loss":0.0,"gold_gain":0.0,"event_name":"MindBloom","player_choice":"Fight","floor":45.0,"gold_loss":0.0,"damage_taken":0.0},{"damage_healed":0.0,"max_hp_gain":0.0,"max_hp_loss":0.0,"gold_gain":0.0,"event_name":"WeMeetAgain","player_choice":"Gave Potion","floor":46.0,"gold_loss":0.0,"damage_taken":0.0,"relics_obtained":["War Paint"]}],"is_beta":false,"boss_relics":[{"not_picked":["Velvet Choker","Lizard Tail"],"picked":"Runic Pyramid"},{"not_picked":["Fusion Hammer","Calling Bell"],"picked":"Coffee Dripper"}],"items_purged_floors":[],"is_endless":false,"potions_floor_spawned":[1,4,6,12,18,33,35,41,45],"killed_by":"The Heart","ascension_level":20}