{"gold_per_floor":[110,2,2,14,29,29,61,61,61,61,76,91,91,16,16,93,93,107,107,125,125],"floor_reached":21,"playtime":580,"items_purged":["Strike_R"],"score":358,"play_id":"27132571-a901-45d1-bd7f-3e8d2fb5b9c2","local_time":"20190325133308","is_ascension_mode":true,"campfire_choices":[{"data":"Bash","floor":6,"key":"SMITH"},{"data":"Inflame","floor":8,"key":"SMITH"},{"data":"Sword Boomerang","floor":10,"key":"SMITH"},{"data":"Anger","floor":13,"key":"SMITH"},{"data":"Sword Boomerang","floor":15,"key":"SMITH"}],"neow_cost":"NONE","seed_source_timestamp":615549893810300,"circlet_count":0,"master_deck":["AscendersBane","Strike_R","Strike_R","Strike_R","Defend_R","Defend_R","Defend_R","Defend_R","Bash+1","Anger+1","Headbutt","Shrug It Off","Cleave","Inflame+1","Sword Boomerang+1","Sword Boomerang+1","Twin Strike","Iron Wave","Flex"],"relics":["Burning Blood","NeowsBlessing","Regal Pillow","Kunai","Sozu"],"potions_floor_usage":[7],"damage_taken":[{"damage":0,"enemies":"Cultist","floor":1,"turns":1},{"damage":0,"enemies":"Small Slimes","floor":4,"turns":1},{"damage":0,"enemies":"2 Louse","floor":5,"turns":2},{"damage":32,"enemies":"Lagavulin","floor":7,"turns":5},{"damage":3,"enemies":"Blue Slaver","floor":11,"turns":3},{"damage":16,"enemies":"Exordium Wildlife","floor":12,"turns":3},{"damage":45,"enemies":"Hexaghost","floor":16,"turns":9},{"damage":12,"enemies":"3 Byrds","floor":18,"turns":4},{"damage":29,"enemies":"Shell Parasite","floor":20,"turns":4},{"damage":14,"enemies":"Centurion and Healer","floor":21,"turns":1}],"seed_played":"5481527272895506628","potions_obtained":[{"floor":4,"key":"Energy Potion"},{"floor":5,"key":"AttackPotion"},{"floor":12,"key":"FairyPotion"}],"is_trial":false,"path_per_floor":["M","$","?","M","M","R","E","R","T","R","M","M","R","$","R","B",null,"M","?","M","M"],"character_chosen":"IRONCLAD","items_purchased":["Headbutt","Shrug It Off"],"campfire_rested":0,"item_purchase_floors":[2,2],"current_hp_per_floor":[74,74,74,75,75,75,49,49,49,49,52,42,42,42,42,13,60,54,33,10,0],"gold":125,"neow_bonus":"THREE_ENEMY_KILL","is_prod":false,"is_daily":false,"chose_seed":false,"campfire_upgraded":5,"win_rate":0,"timestamp":1553509988,"path_taken":["M","?","?","?","M","R","E","R","T","R","M","M","R","?","R","BOSS","M","?","M","M"],"build_version":"2019-01-23","purchased_purges":1,"victory":false,"max_hp_per_floor":[75,75,75,75,75,75,75,75,75,75,75,75,75,75,75,75,75,75,80,80,80],"card_choices":[{"not_picked":["Clothesline","True Grit"],"picked":"Anger","floor":1},{"not_picked":["Wild Strike","Dual Wield"],"picked":"Cleave","floor":4},{"not_picked":["Sever Soul","Pommel Strike"],"picked":"Inflame","floor":5},{"not_picked":["Body Slam","Pummel"],"picked":"Sword Boomerang","floor":7},{"not_picked":["Searing Blow","Iron Wave"],"picked":"Sword Boomerang","floor":11},{"not_picked":["Wild Strike","Evolve"],"picked":"Twin Strike","floor":12},{"not_picked":["Heavy Blade","Clash"],"picked":"Iron Wave","floor":18},{"not_picked":["Hemokinesis+1","Pommel Strike"],"picked":"Flex","floor":20}],"player_experience":1018050,"relics_obtained":[{"floor":7,"key":"Regal Pillow"},{"floor":9,"key":"Kunai"}],"event_choices":[{"cards_removed":["Strike_R"],"damage_healed":0,"gold_gain":0,"player_choice":"Offered Basic","damage_taken":0,"max_hp_gain":0,"max_hp_loss":0,"event_name":"Bonfire Elementals","floor":3,"gold_loss":0},{"damage_healed":0,"gold_gain":0,"player_choice":"Shed Blood","damage_taken":26,"max_hp_gain":5,"max_hp_loss":0,"event_name":"Forgotten Altar","floor":19,"gold_loss":0}],"is_beta":false,"boss_relics":[{"not_picked":["Mark of Pain","Coffee Dripper"],"picked":"Sozu"}],"items_purged_floors":[14],"is_endless":false,"potions_floor_spawned":[4,5,12],"killed_by":"Centurion and Healer","ascension_level":20}