{"gold_per_floor":[110,128,148,19,19,19,49,49,74,74,85,101,135,146,146,221,221,239,23,42,42,62,62,94,94,119,129,44,69,81,6,6,85,85,105,105,18,18,38,70,70,105,196,8,8,42,62,112,112,112],"floor_reached":50,"playtime":13759,"items_purged":["Shame"],"score":1155,"play_id":"66fa0df5-fbab-4d66-b7b9-c6763f6a0a8e","local_time":"20190808213533","is_ascension_mode":true,"campfire_choices":[{"data":"Predator","floor":6,"key":"SMITH"},{"data":"Dagger Spray","floor":8,"key":"SMITH"},{"data":"Dodge and Roll","floor":10,"key":"SMITH"},{"data":"Sucker Punch","floor":15,"key":"SMITH"},{"data":"PiercingWail","floor":23,"key":"SMITH"},{"data":"Quick Slash","floor":25,"key":"SMITH"},{"data":"Caltrops","floor":32,"key":"SMITH"},{"data":"Footwork","floor":49,"key":"SMITH"}],"neow_cost":"CURSE","seed_source_timestamp":26773566570477,"circlet_count":0,"master_deck":["AscendersBane","Survivor","Neutralize","Die Die Die","Sucker Punch+1","Dodge and Roll+1","Predator+1","Dagger Spray+1","PiercingWail+1","Dagger Throw","PiercingWail","Escape Plan","Quick Slash+1","Cloak And Dagger+1","Backflip","Caltrops+1","Prepared+1","Malaise","Terror","Terror","Burst","Backstab","Sucker Punch","Masterful Stab","Distraction+1","Blur","Backstab","Footwork+1","Madness","Madness","Noxious Fumes","Bandage Up","Backstab+1","Envenom","Finesse+1","Caltrops+1","Deflect+1"],"relics":["Ring of the Snake","Bronze Scales","Mercury Hourglass","Art of War","Boot","Coffee Dripper","Toy Ornithopter","Omamori","Ancient Tea Set","Unceasing Top","Incense Burner","Pandora\u0027s Box","Oddly Smooth Stone","MawBank","Letter Opener","War Paint"],"potions_floor_usage":[13,16,24,29,33,33,42,46,50],"damage_taken":[{"damage":2,"enemies":"Cultist","floor":1,"turns":4},{"damage":0,"enemies":"Small Slimes","floor":2,"turns":2},{"damage":0,"enemies":"2 Louse","floor":3,"turns":3},{"damage":16,"enemies":"Gremlin Nob","floor":7,"turns":4},{"damage":2,"enemies":"Exordium Wildlife","floor":11,"turns":3},{"damage":0,"enemies":"Looter","floor":12,"turns":3},{"damage":0,"enemies":"3 Sentries","floor":13,"turns":4},{"damage":0,"enemies":"2 Fungi Beasts","floor":14,"turns":1},{"damage":6,"enemies":"The Guardian","floor":16,"turns":14},{"damage":0,"enemies":"3 Byrds","floor":18,"turns":2},{"damage":0,"enemies":"2 Thieves","floor":20,"turns":4},{"damage":19,"enemies":"Chosen and Byrds","floor":22,"turns":6},{"damage":0,"enemies":"Gremlin Leader","floor":24,"turns":6},{"damage":0,"enemies":"Centurion and Healer","floor":27,"turns":6},{"damage":16,"enemies":"Slavers","floor":29,"turns":3},{"damage":0,"enemies":"Snake Plant","floor":30,"turns":3},{"damage":35,"enemies":"Automaton","floor":33,"turns":11},{"damage":4,"enemies":"Orb Walker","floor":35,"turns":4},{"damage":0,"enemies":"3 Shapes","floor":39,"turns":2},{"damage":27,"enemies":"Reptomancer","floor":40,"turns":7},{"damage":47,"enemies":"Nemesis","floor":42,"turns":7},{"damage":28,"enemies":"Giant Head","floor":46,"turns":11},{"damage":2,"enemies":"Writhing Mass","floor":47,"turns":7},{"damage":18,"enemies":"Donu and Deca","floor":50,"turns":5}],"seed_played":"-5498689914087448581","potions_obtained":[{"floor":3,"key":"Fire Potion"},{"floor":16,"key":"PowerPotion"},{"floor":18,"key":"GamblersBrew"},{"floor":27,"key":"Dexterity Potion"},{"floor":29,"key":"EssenceOfSteel"},{"floor":40,"key":"SpeedPotion"}],"is_trial":false,"path_per_floor":["M","M","M","$","?","R","E","R","T","R","M","M","E","M","R","B",null,"M","$","M","?","M","R","E","R","T","M","?","E","M","?","R","B",null,"M","?","$","?","M","E","?","E","T","$","?","E","M","?","R","B"],"character_chosen":"THE_SILENT","items_purchased":["Dexterity Potion","Toy Ornithopter","Noxious Fumes","Block Potion","Weak Potion","Finesse"],"campfire_rested":0,"item_purchase_floors":[4,19,37,44,44,44],"current_hp_per_floor":[57,57,57,57,52,52,36,36,36,36,34,34,34,34,34,28,57,57,57,57,66,47,47,52,52,52,52,52,41,41,41,41,16,54,50,38,38,38,38,15,66,26,26,26,26,7,9,9,9,0],"gold":112,"neow_bonus":"THREE_RARE_CARDS","is_prod":false,"is_daily":false,"chose_seed":false,"campfire_upgraded":8,"win_rate":0,"timestamp":1565292933,"path_taken":["M","M","M","$","?","R","E","R","T","R","M","M","E","M","R","BOSS","M","$","M","?","M","R","E","R","T","?","?","E","M","?","R","BOSS","M","?","$","?","M","E","?","E","T","$","?","E","?","?","R","BOSS"],"build_version":"2019-07-17","purchased_purges":1,"victory":false,"max_hp_per_floor":[66,66,66,66,66,66,66,66,66,66,66,66,66,66,66,66,66,66,66,66,66,66,66,66,66,66,66,66,66,66,66,66,66,66,66,66,66,66,66,66,66,66,66,66,66,66,66,66,66,66],"card_choices":[{"not_picked":["Burst","Doppelganger"],"picked":"Die Die Die","floor":0},{"not_picked":["Bane","Escape Plan"],"picked":"Sucker Punch","floor":1},{"not_picked":["Eviscerate","Finisher"],"picked":"Dodge and Roll","floor":2},{"not_picked":["Bane","Prepared"],"picked":"Predator","floor":3},{"not_picked":["Concentrate","Bane"],"picked":"Dagger Spray","floor":7},{"not_picked":["Prepared","Endless Agony"],"picked":"PiercingWail","floor":11},{"not_picked":["Backflip","Masterful Stab"],"picked":"Dagger Throw","floor":12},{"not_picked":["Distraction","Poisoned Stab"],"picked":"PiercingWail","floor":13},{"not_picked":["Predator","PiercingWail"],"picked":"Escape Plan","floor":14},{"not_picked":["Sucker Punch","Concentrate"],"picked":"Quick Slash","floor":18},{"not_picked":["Bane","All Out Attack","Accuracy+1"],"picked":"SKIP","floor":20},{"not_picked":["Dodge and Roll","Poisoned Stab"],"picked":"Cloak And Dagger+1","floor":22},{"not_picked":["Skewer","Bane"],"picked":"Backflip","floor":24},{"not_picked":["Sucker Punch","Deflect"],"picked":"Caltrops","floor":27},{"not_picked":["Bullet Time","Reflex+1","Backflip"],"picked":"SKIP","floor":29},{"not_picked":["Bane","Sucker Punch"],"picked":"Prepared+1","floor":30},{"not_picked":["Corpse Explosion","A Thousand Cuts"],"picked":"Malaise","floor":33},{"not_picked":["Bane","Quick Slash+1"],"picked":"Footwork","floor":35},{"not_picked":["Flash of Steel","Swift Strike"],"picked":"Bandage Up","floor":38},{"not_picked":["Acrobatics","Outmaneuver"],"picked":"Backstab+1","floor":39},{"not_picked":["Slice","Dodge and Roll"],"picked":"Envenom","floor":40},{"not_picked":["Dash","Slice","Tactician"],"picked":"SKIP","floor":42},{"not_picked":["Dagger Spray","Accuracy","Poisoned Stab"],"picked":"SKIP","floor":46},{"not_picked":["All Out Attack+1","Poisoned Stab"],"picked":"Deflect+1","floor":47}],"player_experience":768330,"relics_obtained":[{"floor":7,"key":"Mercury Hourglass"},{"floor":9,"key":"Art of War"},{"floor":13,"key":"Boot"},{"floor":24,"key":"Omamori"},{"floor":26,"key":"Ancient Tea Set"},{"floor":29,"key":"Incense Burner"},{"floor":40,"key":"Oddly Smooth Stone"},{"floor":42,"key":"MawBank"},{"floor":43,"key":"Letter Opener"},{"floor":46,"key":"War Paint"}],"event_choices":[{"damage_healed":0,"gold_gain":0,"player_choice":"Success","damage_taken":5,"relics_obtained":["Bronze Scales"],"max_hp_gain":0,"max_hp_loss":0,"event_name":"Scrap Ooze","floor":5,"gold_loss":0},{"damage_healed":9,"gold_gain":0,"player_choice":"Full Heal","damage_taken":0,"max_hp_gain":0,"max_hp_loss":0,"event_name":"Wheel of Change","floor":21,"gold_loss":0},{"damage_healed":0,"gold_gain":0,"player_choice":"Obtained Relic","damage_taken":0,"relics_obtained":["Unceasing Top"],"max_hp_gain":0,"max_hp_loss":0,"event_name":"Addict","floor":28,"gold_loss":85},{"cards_removed":["Strike_G"],"damage_healed":0,"gold_gain":0,"player_choice":"Gave Gold","damage_taken":0,"max_hp_gain":0,"max_hp_loss":0,"event_name":"Beggar","floor":31,"gold_loss":75},{"damage_healed":0,"gold_gain":0,"player_choice":"Embrace Madness","damage_taken":12,"max_hp_gain":0,"max_hp_loss":0,"event_name":"Winding Halls","floor":36,"gold_loss":0,"cards_obtained":["Madness","Madness"]},{"damage_healed":0,"gold_gain":0,"player_choice":"Memory 1","damage_taken":0,"max_hp_gain":0,"max_hp_loss":0,"event_name":"SensoryStone","floor":38,"gold_loss":0},{"damage_healed":51,"gold_gain":0,"player_choice":"Heal","damage_taken":0,"max_hp_gain":0,"max_hp_loss":0,"event_name":"MindBloom","floor":41,"gold_loss":0,"cards_obtained":["Doubt"]},{"damage_healed":0,"gold_gain":0,"player_choice":"Copied","damage_taken":0,"max_hp_gain":0,"max_hp_loss":0,"event_name":"Duplicator","floor":45,"gold_loss":0,"cards_obtained":["Caltrops"]},{"damage_healed":0,"gold_gain":50,"player_choice":"Pray","damage_taken":0,"max_hp_gain":0,"max_hp_loss":0,"event_name":"Golden Shrine","floor":48,"gold_loss":0}],"is_beta":false,"boss_relics":[{"not_picked":["Lizard Tail","Runic Dome"],"picked":"Coffee Dripper"},{"not_picked":["WristBlade","Empty Cage"],"picked":"Pandora\u0027s Box"}],"items_purged_floors":[4],"is_endless":false,"potions_floor_spawned":[3,7,16,18,22,27,29,40],"killed_by":"Donu and Deca","ascension_level":16}