{"gold_per_floor":[114,131,145,156,156,156,187,187,212,240,251,251,251,278,278,355,355,372,62,62,62,76,76,101,200,200,220,255,275,310,325,325,399,399,416,416,124,0,12,41,41,41,41,141,154,167,167,181,181,181],"floor_reached":51,"playtime":3281,"items_purged":["Strike_B"],"score":1353,"play_id":"266c0988-3d66-417a-91cf-9cb17b4b5f64","local_time":"20190403112923","is_ascension_mode":true,"campfire_choices":[{"data":"Sunder","floor":6,"key":"SMITH"},{"data":"Dualcast","floor":8,"key":"SMITH"},{"data":"Darkness","floor":12,"key":"SMITH"},{"data":"Darkness","floor":15,"key":"SMITH"},{"floor":23,"key":"REST"},{"data":"Hologram","floor":32,"key":"SMITH"},{"data":"Buffer","floor":41,"key":"SMITH"},{"data":"Sunder","floor":49,"key":"SMITH"}],"neow_cost":"NONE","seed_source_timestamp":1383071594402800,"circlet_count":0,"master_deck":["AscendersBane","Strike_B","Strike_B+1","Strike_B+1","Defend_B","Defend_B","Defend_B","Defend_B","Dualcast+1","Cold Snap","FTL","Sunder+1","Darkness+1","Rainbow","Darkness+1","Echo Form","Conserve Battery","Self Repair","Turbo","Undo","Hologram+1","Skim","Buffer+1","Conserve Battery","Reboot","Flash of Steel","Impatience","Good Instincts","Sunder+1","Leap+1","Streamline"],"relics":["Cracked Core","Omamori","Happy Flower","Anchor","PreservedInsect","Pantograph","Dream Catcher","Cursed Key","FossilizedHelix","Necronomicon","Du-Vu Doll","Whetstone","Sundial","Philosopher\u0027s Stone","DataDisk","Red Mask","Juzu Bracelet","Incense Burner"],"potions_floor_usage":[7,7,16,30,44,50],"damage_taken":[{"damage":1,"enemies":"Cultist","floor":1,"turns":3},{"damage":0,"enemies":"Small Slimes","floor":2,"turns":3},{"damage":12,"enemies":"Jaw Worm","floor":3,"turns":2},{"damage":0,"enemies":"Large Slime","floor":4,"turns":4},{"damage":6,"enemies":"3 Sentries","floor":7,"turns":6},{"damage":8,"enemies":"Lagavulin","floor":10,"turns":4},{"damage":1,"enemies":"Looter","floor":11,"turns":2},{"damage":13,"enemies":"Gremlin Nob","floor":14,"turns":3},{"damage":23,"enemies":"Hexaghost","floor":16,"turns":7},{"damage":0,"enemies":"Chosen","floor":18,"turns":3},{"damage":0,"enemies":"Spheric Guardian","floor":22,"turns":3},{"damage":18,"enemies":"Book of Stabbing","floor":24,"turns":4},{"damage":6,"enemies":"Shelled Parasite and Fungi","floor":27,"turns":4},{"damage":16,"enemies":"Gremlin Leader","floor":28,"turns":4},{"damage":0,"enemies":"Sentry and Sphere","floor":29,"turns":3},{"damage":0,"enemies":"Slavers","floor":30,"turns":3},{"damage":0,"enemies":"Centurion and Healer","floor":31,"turns":5},{"damage":42,"enemies":"Automaton","floor":33,"turns":8},{"damage":10,"enemies":"3 Darklings","floor":35,"turns":8},{"damage":0,"enemies":"Orb Walker","floor":39,"turns":2},{"damage":0,"enemies":"Nemesis","floor":40,"turns":3},{"damage":24,"enemies":"Mind Bloom Boss Battle","floor":44,"turns":5},{"damage":0,"enemies":"3 Darklings","floor":45,"turns":5},{"damage":1,"enemies":"Sphere and 2 Shapes","floor":46,"turns":6},{"damage":24,"enemies":"Writhing Mass","floor":48,"turns":5},{"damage":0,"enemies":"Awakened One","floor":50,"turns":12}],"seed_played":"-5914386536779474797","potions_obtained":[{"floor":2,"key":"Strength Potion"},{"floor":4,"key":"Block Potion"},{"floor":10,"key":"EssenceOfSteel"},{"floor":14,"key":"LiquidBronze"},{"floor":16,"key":"EssenceOfSteel"},{"floor":28,"key":"FocusPotion"},{"floor":30,"key":"Swift Potion"}],"is_trial":false,"path_per_floor":["M","M","M","M","?","R","E","R","T","E","M","R","?","E","R","B",null,"M","$","?","?","M","R","E","?","T","M","E","M","E","M","R","B",null,"M","?","$","?","M","E","R","?","T","?","M","M","?","M","R","B",null],"character_chosen":"DEFECT","items_purchased":["FossilizedHelix","Sunder","DataDisk"],"campfire_rested":1,"item_purchase_floors":[19,37,37],"current_hp_per_floor":[67,67,55,55,55,55,49,49,49,41,40,40,40,27,27,29,64,64,64,50,34,34,58,47,47,47,48,32,39,39,46,46,43,71,75,65,65,65,65,72,72,72,72,63,77,76,76,59,59,76],"gold":181,"neow_bonus":"RANDOM_COMMON_RELIC","is_prod":false,"is_daily":false,"chose_seed":false,"campfire_upgraded":7,"win_rate":0,"timestamp":1554280163,"path_taken":["M","M","M","?","?","R","E","R","T","E","M","R","?","E","R","BOSS","M","$","?","?","M","R","E","?","T","M","E","M","E","M","R","BOSS","M","?","$","?","M","E","R","?","T","?","M","M","?","M","R","BOSS"],"build_version":"2019-01-23","purchased_purges":1,"victory":true,"max_hp_per_floor":[75,75,75,75,75,75,75,75,75,75,75,75,75,75,75,75,75,75,75,80,80,80,80,80,80,80,80,80,80,80,80,80,80,80,80,80,80,80,80,80,80,80,80,80,80,80,76,76,76,76],"card_choices":[{"not_picked":["Turbo","Tempest"],"picked":"Cold Snap","floor":1},{"not_picked":["Steam Power","Gash"],"picked":"FTL","floor":2},{"not_picked":["Defragment","Tempest"],"picked":"Sunder","floor":3},{"not_picked":["Tempest","Scrape"],"picked":"Darkness","floor":4},{"not_picked":["Stack","Compile Driver","Beam Cell"],"picked":"SKIP","floor":7},{"not_picked":["Thunder Strike","Storm"],"picked":"Rainbow","floor":10},{"not_picked":["Storm","Turbo"],"picked":"Darkness","floor":11},{"not_picked":["Coolheaded","Skim","Scrape"],"picked":"SKIP","floor":14},{"not_picked":["Hyperbeam","All For One"],"picked":"Echo Form","floor":16},{"not_picked":["Cold Snap","Genetic Algorithm"],"picked":"Conserve Battery","floor":18},{"not_picked":["Sweeping Beam+1","Scrape","Genetic Algorithm"],"picked":"SKIP","floor":22},{"not_picked":["Biased Cognition","Sweeping Beam"],"picked":"Self Repair","floor":23},{"not_picked":["Conserve Battery","Force Field"],"picked":"Turbo","floor":24},{"not_picked":["Ball Lightning","Barrage"],"picked":"Undo","floor":27},{"not_picked":["Static Discharge","Capacitor"],"picked":"Hologram","floor":28},{"not_picked":["Aggregate","Compile Driver"],"picked":"Skim","floor":29},{"not_picked":["Beam Cell","Steam+1"],"picked":"Buffer","floor":30},{"not_picked":["Blizzard","Compile Driver"],"picked":"Conserve Battery","floor":31},{"not_picked":["Electrodynamics","Core Surge"],"picked":"Reboot","floor":33},{"not_picked":["Conserve Battery","Beam Cell","Streamline+1"],"picked":"SKIP","floor":35},{"not_picked":["Bandage Up","Mayhem"],"picked":"Flash of Steel","floor":36},{"not_picked":["Forethought","PanicButton"],"picked":"Impatience","floor":36},{"not_picked":["Metamorphosis","Thinking Ahead"],"picked":"Good Instincts","floor":36},{"not_picked":["White Noise","Beam Cell"],"picked":"Leap+1","floor":39},{"not_picked":["Steam+1","Rebound","Compile Driver"],"picked":"SKIP","floor":40},{"not_picked":["Leap+1","Steam Power","Double Energy"],"picked":"SKIP","floor":45},{"not_picked":["Steam","Coolheaded"],"picked":"Streamline","floor":46},{"not_picked":["White Noise","Beam Cell","Stack"],"picked":"SKIP","floor":48}],"player_experience":1099426,"relics_obtained":[{"floor":7,"key":"Anchor"},{"floor":9,"key":"PreservedInsect"},{"floor":10,"key":"Pantograph"},{"floor":14,"key":"Dream Catcher"},{"floor":21,"key":"Necronomicon"},{"floor":24,"key":"Du-Vu Doll"},{"floor":28,"key":"Whetstone"},{"floor":30,"key":"Sundial"},{"floor":40,"key":"Juzu Bracelet"},{"floor":44,"key":"Incense Burner"}],"event_choices":[{"damage_healed":0,"gold_gain":0,"player_choice":"Box","damage_taken":0,"relics_obtained":["Happy Flower"],"max_hp_gain":0,"max_hp_loss":0,"event_name":"Big Fish","floor":5,"gold_loss":0,"cards_obtained":["Regret"]},{"damage_healed":0,"gold_gain":0,"player_choice":"Ignored","damage_taken":0,"max_hp_gain":0,"max_hp_loss":0,"event_name":"Shining Light","floor":13,"gold_loss":0},{"damage_healed":0,"gold_gain":0,"player_choice":"Shed Blood","damage_taken":19,"max_hp_gain":5,"max_hp_loss":0,"event_name":"Forgotten Altar","floor":20,"gold_loss":0},{"damage_healed":0,"gold_gain":0,"player_choice":"Obtained Book","damage_taken":16,"max_hp_gain":0,"max_hp_loss":0,"event_name":"Cursed Tome","floor":21,"gold_loss":0},{"damage_healed":0,"gold_gain":99,"player_choice":"Stole From Cult","damage_taken":0,"max_hp_gain":0,"max_hp_loss":0,"event_name":"Nest","floor":25,"gold_loss":0},{"damage_healed":0,"gold_gain":0,"player_choice":"Memory 3","damage_taken":10,"max_hp_gain":0,"max_hp_loss":0,"event_name":"SensoryStone","floor":36,"gold_loss":0},{"damage_healed":0,"gold_gain":0,"player_choice":"Paid","damage_taken":0,"relics_obtained":["Red Mask"],"max_hp_gain":0,"max_hp_loss":0,"event_name":"Tomb of Lord Red Mask","floor":38,"gold_loss":124},{"cards_removed":["Zap"],"damage_healed":0,"gold_gain":0,"player_choice":"Removed Skill","damage_taken":0,"max_hp_gain":0,"max_hp_loss":0,"event_name":"Falling","floor":42,"gold_loss":0},{"damage_healed":0,"gold_gain":0,"player_choice":"Fight","damage_taken":0,"max_hp_gain":0,"max_hp_loss":0,"event_name":"MindBloom","floor":44,"gold_loss":0},{"damage_healed":0,"gold_gain":0,"player_choice":"Max HP","damage_taken":0,"max_hp_gain":0,"max_hp_loss":4,"event_name":"Winding Halls","floor":47,"gold_loss":0}],"is_beta":false,"boss_relics":[{"not_picked":["Coffee Dripper","Ectoplasm"],"picked":"Cursed Key"},{"not_picked":["Pandora\u0027s Box","Nuclear Battery"],"picked":"Philosopher\u0027s Stone"}],"items_purged_floors":[37],"is_endless":false,"potions_floor_spawned":[2,4,10,14,16,28,30,31,33,35,39],"ascension_level":13}