{"gold_per_floor":[19,30,42,61,31,31,47,47,47,47,47,47,60,75,75,172,172,160,171,204,218,238,238,263,263,263,282,299,299,317,317,317,413,413,431,98,98,198,212,212,227,227,295,313,332,67,84,98,98,98],"floor_reached":51,"playtime":4316,"items_purged":["Strike_G"],"score":673,"play_id":"b32df6e6-6927-4662-a2d1-e909f39afe3d","local_time":"20180915002011","is_ascension_mode":true,"campfire_choices":[{"data":"Dodge and Roll","floor":6,"key":"SMITH"},{"data":"Cloak And Dagger","floor":8,"key":"SMITH"},{"data":"Neutralize","floor":10,"key":"SMITH"},{"data":"Finisher","floor":15,"key":"SMITH"},{"floor":23,"key":"REST"},{"floor":25,"key":"REST"},{"floor":29,"key":"REST"},{"data":"Footwork","floor":32,"key":"SMITH"},{"data":"A Thousand Cuts","floor":40,"key":"SMITH"},{"floor":42,"key":"REST"},{"data":"Cloak And Dagger","floor":49,"key":"SMITH"}],"neow_cost":"NO_GOLD","seed_source_timestamp":46794463596783,"circlet_count":0,"master_deck":["Defend_G","Defend_G+1","Defend_G","Strike_G","Survivor+1","Neutralize+1","Dodge and Roll+1","Cloak And Dagger","Cloak And Dagger+1","Cloak And Dagger+1","Finisher+1","Infinite Blades","Footwork+1","Terror","After Image","Blade Dance","Noxious Fumes+1","Blur","PiercingWail","Outmaneuver+1","Sucker Punch+1","A Thousand Cuts+1","Madness","Madness","Cloak And Dagger+1","Well Laid Plans","Footwork"],"relics":["Ring of the Snake","Pantograph","Empty Cage","Red Mask","Molten Egg 2","War Paint","Lantern","Lizard Tail","Letter Opener","Bottled Tornado","Lee\u0027s Waffle"],"potions_floor_usage":[16,20,20,21,33,33,35,41,47,50],"damage_taken":[{"damage":4,"enemies":"Jaw Worm","floor":1,"turns":8},{"damage":0,"enemies":"Cultist","floor":2,"turns":5},{"damage":5,"enemies":"2 Louse","floor":3,"turns":4},{"damage":0,"enemies":"Blue Slaver","floor":4,"turns":5},{"damage":0,"enemies":"Looter","floor":5,"turns":4},{"damage":9,"enemies":"Exordium Wildlife","floor":7,"turns":8},{"damage":0,"enemies":"3 Louse","floor":13,"turns":5},{"damage":5,"enemies":"Lots of Slimes","floor":14,"turns":4},{"damage":3,"enemies":"The Guardian","floor":16,"turns":11},{"damage":17,"enemies":"2 Thieves","floor":18,"turns":4},{"damage":2,"enemies":"Shell Parasite","floor":19,"turns":6},{"damage":26,"enemies":"Masked Bandits","floor":20,"turns":7},{"damage":8,"enemies":"3 Cultists","floor":21,"turns":6},{"damage":2,"enemies":"Shelled Parasite and Fungi","floor":22,"turns":5},{"damage":7,"enemies":"Book of Stabbing","floor":24,"turns":8},{"damage":0,"enemies":"Centurion and Healer","floor":27,"turns":7},{"damage":22,"enemies":"Snecko","floor":28,"turns":7},{"damage":7,"enemies":"Snake Plant","floor":30,"turns":7},{"damage":23,"enemies":"Automaton","floor":33,"turns":17},{"damage":7,"enemies":"3 Shapes","floor":35,"turns":6},{"damage":3,"enemies":"Orb Walker","floor":39,"turns":5},{"damage":23,"enemies":"Sphere and 2 Shapes","floor":41,"turns":6},{"damage":26,"enemies":"Reptomancer","floor":44,"turns":7},{"damage":2,"enemies":"4 Shapes","floor":45,"turns":6},{"damage":3,"enemies":"Transient","floor":47,"turns":5},{"damage":3,"enemies":"Reptomancer","floor":48,"turns":8},{"damage":76,"enemies":"Donu and Deca","floor":50,"turns":12}],"seed_played":"5267782987193947313","potions_obtained":[{"floor":1,"key":"AttackPotion"},{"floor":4,"key":"LiquidBronze"},{"floor":16,"key":"Fire Potion"},{"floor":18,"key":"GhostInAJar"},{"floor":20,"key":"Energy Potion"},{"floor":28,"key":"Poison Potion"},{"floor":30,"key":"Energy Potion"},{"floor":33,"key":"Explosive Potion"},{"floor":39,"key":"Poison Potion"},{"floor":44,"key":"Dexterity Potion"},{"floor":45,"key":"Swift Potion"}],"is_trial":false,"path_per_floor":["M","M","M","M","M","R","M","R","T","R","?","?","M","M","R","B",null,"M","M","?","M","M","R","E","R","T","M","M","R","M","?","R","B",null,"M","$","?","?","M","R","M","R","T","M","M","$","M","M","R","B"],"character_chosen":"THE_SILENT","items_purchased":["Letter Opener","Lee\u0027s Waffle","GhostInAJar"],"campfire_rested":4,"item_purchase_floors":[36,46,46],"current_hp_per_floor":[66,66,61,61,61,61,52,52,52,52,52,52,52,47,47,67,70,53,51,25,17,15,36,29,50,50,50,28,49,42,42,42,44,70,63,63,54,54,51,51,28,49,49,23,21,77,74,71,71,1],"gold":98,"neow_bonus":"REMOVE_TWO","is_prod":false,"is_daily":false,"chose_seed":false,"campfire_upgraded":7,"win_rate":0,"timestamp":1536938411,"path_taken":["M","M","M","M","M","R","M","R","T","R","?","?","M","M","R","BOSS","M","M","?","M","M","R","E","R","T","M","?","R","M","?","R","BOSS","M","$","?","?","M","R","M","R","T","M","M","$","M","M","R","BOSS"],"build_version":"2018-09-06","purchased_purges":1,"victory":true,"max_hp_per_floor":[70,70,70,70,70,70,70,70,70,70,70,70,70,70,70,70,70,70,70,70,70,70,70,70,70,70,70,70,70,70,70,70,70,70,70,70,70,70,70,70,70,70,70,70,70,77,77,77,77,77],"card_choices":[{"not_picked":["Calculated Gamble","Bane"],"picked":"Dodge and Roll","floor":1},{"not_picked":["Eviscerate","Catalyst"],"picked":"Cloak And Dagger","floor":2},{"not_picked":["Terror","Deflect"],"picked":"Cloak And Dagger","floor":3},{"not_picked":["Caltrops","Flying Knee"],"picked":"Cloak And Dagger","floor":4},{"not_picked":["Predator","Prepared","Deadly Poison"],"picked":"SKIP","floor":5},{"not_picked":["Cloak And Dagger","Bouncing Flask"],"picked":"Finisher","floor":7},{"not_picked":["Burst","Skewer"],"picked":"Footwork","floor":13},{"not_picked":["Backflip","Expertise"],"picked":"Terror","floor":14},{"not_picked":["Storm of Steel","Corpse Explosion"],"picked":"After Image","floor":16},{"not_picked":["Underhanded Strike","Masterful Stab"],"picked":"Blade Dance","floor":18},{"not_picked":["Deadly Poison","Predator+1","Poisoned Stab"],"picked":"SKIP","floor":19},{"not_picked":["Outmaneuver","Choke"],"picked":"Noxious Fumes+1","floor":20},{"not_picked":["Masterful Stab","Bane","Acrobatics"],"picked":"SKIP","floor":21},{"not_picked":["Caltrops+1","Reflex"],"picked":"Blur","floor":22},{"not_picked":["Poisoned Stab","Unload","Blade Dance"],"picked":"SKIP","floor":24},{"not_picked":["Quick Slash+1","Flying Knee+1"],"picked":"PiercingWail","floor":27},{"not_picked":["Bane+1","Dagger Spray+1"],"picked":"Outmaneuver+1","floor":28},{"not_picked":["Prepared","Dash+1"],"picked":"Sucker Punch+1","floor":30},{"not_picked":["Night Terror","Corpse Explosion"],"picked":"A Thousand Cuts","floor":33},{"not_picked":["Backflip+1","Prepared","Dagger Throw+1"],"picked":"SKIP","floor":35},{"not_picked":["Acrobatics+1","Expertise","Underhanded Strike+1"],"picked":"SKIP","floor":39},{"not_picked":["Prepared","Tactician"],"picked":"Cloak And Dagger+1","floor":41},{"not_picked":["PiercingWail","Flying Knee+1"],"picked":"Well Laid Plans","floor":44},{"not_picked":["Underhanded Strike+1","Poisoned Stab+1","Calculated Gamble"],"picked":"SKIP","floor":45},{"not_picked":["Outmaneuver+1","Leg Sweep+1"],"picked":"Footwork","floor":47},{"not_picked":["Phantasmal Killer","Endless Agony+1","Dagger Spray+1"],"picked":"SKIP","floor":48}],"player_experience":254947,"relics_obtained":[{"floor":9,"key":"Pantograph"},{"floor":20,"key":"Red Mask"},{"floor":24,"key":"Molten Egg 2"},{"floor":26,"key":"War Paint"},{"floor":43,"key":"Bottled Tornado"}],"event_choices":[{"event_name":"Transmorgrifier","player_choice":"Transform","floor":11,"damage_taken":0},{"event_name":"The Cleric","player_choice":"Leave","floor":12,"damage_taken":0},{"event_name":"Masked Bandits","player_choice":"Fought Bandits","floor":20,"damage_taken":0},{"event_name":"The Mausoleum","player_choice":"Yes","floor":31,"damage_taken":0},{"event_name":"Winding Halls","player_choice":"Embrace Madness","floor":37,"damage_taken":0},{"event_name":"Golden Shrine","player_choice":"Pray","floor":38,"damage_taken":0}],"is_beta":false,"boss_relics":[{"not_picked":["Cursed Key","Velvet Choker"],"picked":"Empty Cage"},{"not_picked":["Ring of the Serpent","Sozu"],"picked":"Lizard Tail"}],"items_purged_floors":[36],"is_endless":false,"potions_floor_spawned":[1,4,16,18,20,28,30,33,39,44,45],"ascension_level":1}