{"gold_per_floor":[116,129,54,54,64,64,64,64,64,79,90,125,142,154,154,226,226,245,261,80,97,97],"floor_reached":22,"playtime":1020,"items_purged":["Strike_B"],"score":361,"play_id":"03ed3cad-4415-4bc0-be54-f1708a57a090","local_time":"20190918214109","is_ascension_mode":true,"campfire_choices":[{"data":"Coolheaded","floor":6,"key":"SMITH"},{"data":"Dualcast","floor":8,"key":"SMITH"},{"data":"Echo Form","floor":15,"key":"SMITH"}],"neow_cost":"NONE","seed_source_timestamp":417612087921200,"circlet_count":0,"master_deck":["AscendersBane","Strike_B","Defend_B","Defend_B","Defend_B","Defend_B","Zap+1","Dualcast+1","Coolheaded+1","Gash","Sunder+1","Echo Form+1","Seek","Hologram","Defragment","Capacitor"],"relics":["Cracked Core","Singing Bowl","The Courier","Empty Cage"],"potions_floor_usage":[19,19],"damage_taken":[{"damage":0,"enemies":"Cultist","floor":1,"turns":3},{"damage":12,"enemies":"Small Slimes","floor":2,"turns":3},{"damage":0,"enemies":"2 Louse","floor":5,"turns":3},{"damage":0,"enemies":"2 Fungi Beasts","floor":10,"turns":2},{"damage":6,"enemies":"3 Louse","floor":11,"turns":3},{"damage":3,"enemies":"3 Sentries","floor":12,"turns":5},{"damage":2,"enemies":"Exordium Wildlife","floor":13,"turns":3},{"damage":6,"enemies":"2 Fungi Beasts","floor":14,"turns":3},{"damage":26,"enemies":"The Guardian","floor":16,"turns":12},{"damage":27,"enemies":"2 Thieves","floor":18,"turns":4},{"damage":19,"enemies":"3 Byrds","floor":19,"turns":3},{"damage":18,"enemies":"Cultist and Chosen","floor":21,"turns":5},{"damage":12,"enemies":"Sentry and Sphere","floor":22,"turns":3}],"seed_played":"5670924736222277263","potions_obtained":[{"floor":5,"key":"Weak Potion"},{"floor":10,"key":"SkillPotion"},{"floor":12,"key":"LiquidBronze"},{"floor":21,"key":"Strength Potion"}],"is_trial":false,"path_per_floor":["M","M","$","?","M","R","?","R","T","M","M","E","M","M","R","B",null,"M","M","$","M","M"],"character_chosen":"DEFECT","items_purchased":["Sunder","Defragment","Capacitor"],"campfire_rested":0,"item_purchase_floors":[3,20,20],"current_hp_per_floor":[64,52,52,52,52,52,57,57,57,59,55,52,52,48,48,22,69,42,25,25,9,0],"gold":97,"neow_bonus":"UPGRADE_CARD","is_prod":false,"is_daily":false,"chose_seed":false,"campfire_upgraded":3,"win_rate":0,"timestamp":1568810469,"path_taken":["M","?","$","?","M","R","?","R","T","M","M","E","M","M","R","BOSS","M","M","$","M","M"],"build_version":"2019-07-17","purchased_purges":1,"victory":false,"max_hp_per_floor":[71,71,71,71,71,71,76,76,76,78,80,80,82,84,84,84,84,84,86,86,88,88],"card_choices":[{"not_picked":["Leap","Cold Snap"],"picked":"Coolheaded","floor":1},{"not_picked":["Turbo","Barrage"],"picked":"Gash","floor":2},{"not_picked":["Turbo","Stack","Gash"],"picked":"SKIP","floor":5},{"not_picked":["Beam Cell","Reprogram","Fusion"],"picked":"Singing Bowl","floor":10},{"not_picked":["Hologram","Sunder","Barrage"],"picked":"Singing Bowl","floor":11},{"not_picked":["Barrage","Beam Cell"],"picked":"Echo Form","floor":12},{"not_picked":["Coolheaded","Rebound","Streamline"],"picked":"Singing Bowl","floor":13},{"not_picked":["Hologram","Rebound","Steam Power"],"picked":"Singing Bowl","floor":14},{"not_picked":["Meteor Strike","Fission"],"picked":"Seek","floor":16},{"not_picked":["Steam Power","Fusion"],"picked":"Hologram","floor":18},{"not_picked":["Streamline","Heatsinks+1","Loop"],"picked":"Singing Bowl","floor":19},{"not_picked":["Stack","Gash","Steam"],"picked":"Singing Bowl","floor":21}],"player_experience":414406,"relics_obtained":[{"floor":9,"key":"Singing Bowl"},{"floor":12,"key":"The Courier"}],"event_choices":[{"damage_healed":0,"gold_gain":0,"player_choice":"Grow","damage_taken":0,"max_hp_gain":0,"max_hp_loss":0,"event_name":"Living Wall","floor":4,"gold_loss":0,"cards_upgraded":["Sunder"]},{"damage_healed":0,"gold_gain":0,"player_choice":"Donut","damage_taken":0,"max_hp_gain":5,"max_hp_loss":0,"event_name":"Big Fish","floor":7,"gold_loss":0}],"is_beta":false,"boss_relics":[{"not_picked":["FrozenCore","Philosopher\u0027s Stone"],"picked":"Empty Cage"}],"items_purged_floors":[20],"is_endless":false,"potions_floor_spawned":[5,10,12,21],"killed_by":"Sentry and Sphere","ascension_level":18}