{"gold_per_floor":[114,114,128,47,61,61,90,110,110,121,46,71,71,81,81,154,154,166,91,91,111,57,85,85,96,145,145,145,180,80,80],"floor_reached":31,"playtime":1590,"items_purged":["Strike_G","Decay"],"score":538,"play_id":"852d7556-03f7-4c2c-9b24-3f039e98a95e","local_time":"20190815020232","is_ascension_mode":true,"campfire_choices":[{"data":"Bouncing Flask","floor":6,"key":"SMITH"},{"data":"Noxious Fumes","floor":13,"key":"SMITH"},{"floor":15,"key":"REST"},{"floor":24,"key":"REST"},{"floor":27,"key":"REST"}],"neow_cost":"NONE","seed_source_timestamp":59262204080154,"circlet_count":0,"master_deck":["AscendersBane","Strike_G","Strike_G","Defend_G","Defend_G","Defend_G","Defend_G","Defend_G","Survivor","Neutralize","Dagger Spray","Flechettes","Bouncing Flask+1","Dagger Throw","Poisoned Stab","Noxious Fumes+1","Predator","Backflip","A Thousand Cuts","Dodge and Roll","Corpse Explosion","Escape Plan","Noxious Fumes+1","Cloak And Dagger+1","Deflect","Backflip"],"relics":["Ring of the Snake","Juzu Bracelet","Mercury Hourglass","Incense Burner","Sozu","Pocketwatch","Bronze Scales","Bottled Lightning"],"potions_floor_usage":[7,7,23,29],"damage_taken":[{"damage":4,"enemies":"Small Slimes","floor":1,"turns":4},{"damage":1,"enemies":"2 Louse","floor":3,"turns":2},{"damage":0,"enemies":"Cultist","floor":5,"turns":3},{"damage":7,"enemies":"Lagavulin","floor":7,"turns":6},{"damage":10,"enemies":"Large Slime","floor":8,"turns":4},{"damage":6,"enemies":"Looter","floor":10,"turns":2},{"damage":12,"enemies":"3 Sentries","floor":12,"turns":5},{"damage":3,"enemies":"Blue Slaver","floor":14,"turns":4},{"damage":7,"enemies":"The Guardian","floor":16,"turns":8},{"damage":15,"enemies":"Spheric Guardian","floor":18,"turns":4},{"damage":16,"enemies":"Shell Parasite","floor":21,"turns":6},{"damage":26,"enemies":"Slavers","floor":23,"turns":3},{"damage":5,"enemies":"Snecko","floor":25,"turns":4},{"damage":29,"enemies":"Gremlin Leader","floor":29,"turns":5},{"damage":25,"enemies":"Shelled Parasite and Fungi","floor":31,"turns":3}],"seed_played":"2509142098434886596","potions_obtained":[{"floor":1,"key":"Regen Potion"},{"floor":12,"key":"SteroidPotion"},{"floor":14,"key":"Poison Potion"}],"is_trial":false,"path_per_floor":["M","?","M","$","M","R","E","M","T","M","$","E","R","M","R","B",null,"M","?","?","M","$","E","R","M","T","R","?","E","$","M"],"character_chosen":"THE_SILENT","items_purchased":["Block Potion","Dagger Throw","Deflect"],"campfire_rested":3,"item_purchase_floors":[4,4,22],"current_hp_per_floor":[55,48,47,47,47,47,54,44,44,38,38,26,26,23,42,35,58,43,43,43,27,27,1,20,15,15,34,34,5,5,0],"gold":80,"neow_bonus":"THREE_CARDS","is_prod":false,"is_daily":false,"chose_seed":false,"campfire_upgraded":2,"win_rate":0,"timestamp":1565827352,"path_taken":["M","?","M","$","M","R","E","M","T","M","$","E","R","M","R","BOSS","M","?","?","M","$","E","R","M","T","R","?","E","$","M"],"build_version":"2019-07-17","purchased_purges":2,"victory":false,"max_hp_per_floor":[66,66,66,66,66,66,66,66,66,66,66,66,66,66,66,66,66,66,66,66,66,66,66,66,66,66,66,66,66,66,66],"card_choices":[{"not_picked":["Underhanded Strike","Outmaneuver"],"picked":"Dagger Spray","floor":0},{"not_picked":["Well Laid Plans","Underhanded Strike"],"picked":"Flechettes","floor":1},{"not_picked":["Dagger Spray","PiercingWail"],"picked":"Bouncing Flask","floor":3},{"not_picked":["Dagger Spray","Flechettes"],"picked":"Poisoned Stab","floor":5},{"not_picked":["Dagger Spray","PiercingWail"],"picked":"Noxious Fumes","floor":7},{"not_picked":["Terror","Unload"],"picked":"Predator","floor":8},{"not_picked":["Terror","Infinite Blades"],"picked":"Backflip","floor":10},{"not_picked":["Outmaneuver","Setup"],"picked":"A Thousand Cuts","floor":12},{"not_picked":["Predator","Dagger Throw"],"picked":"Dodge and Roll","floor":14},{"not_picked":["Bullet Time","Tools of the Trade"],"picked":"Corpse Explosion","floor":16},{"not_picked":["Dash","Quick Slash+1"],"picked":"Escape Plan","floor":18},{"not_picked":["Calculated Gamble","Dagger Throw"],"picked":"Cloak And Dagger+1","floor":21},{"not_picked":["Bullet Time","Prepared","Bane"],"picked":"SKIP","floor":23},{"not_picked":["Outmaneuver","Flying Knee","Acrobatics"],"picked":"SKIP","floor":25},{"not_picked":["Burst","Prepared"],"picked":"Backflip","floor":29}],"player_experience":915203,"relics_obtained":[{"floor":7,"key":"Juzu Bracelet"},{"floor":9,"key":"Mercury Hourglass"},{"floor":12,"key":"Incense Burner"},{"floor":23,"key":"Pocketwatch"},{"floor":26,"key":"Bronze Scales"},{"floor":29,"key":"Bottled Lightning"}],"event_choices":[{"cards_removed":["Strike_G"],"damage_healed":0,"gold_gain":0,"player_choice":"Card Removal","damage_taken":7,"max_hp_gain":0,"max_hp_loss":0,"event_name":"Golden Wing","floor":2,"gold_loss":0},{"cards_removed":["Strike_G"],"damage_healed":0,"gold_gain":0,"player_choice":"Gave Gold","damage_taken":0,"max_hp_gain":0,"max_hp_loss":0,"event_name":"Beggar","floor":19,"gold_loss":75},{"damage_healed":0,"gold_gain":0,"player_choice":"Copied","damage_taken":0,"max_hp_gain":0,"max_hp_loss":0,"event_name":"Duplicator","floor":20,"gold_loss":0,"cards_obtained":["Noxious Fumes"]},{"damage_healed":0,"gold_gain":0,"player_choice":"Smashed Altar","damage_taken":0,"max_hp_gain":0,"max_hp_loss":0,"event_name":"Forgotten Altar","floor":28,"gold_loss":0,"cards_obtained":["Decay"]}],"is_beta":false,"boss_relics":[{"not_picked":["HoveringKite","Runic Pyramid"],"picked":"Sozu"}],"items_purged_floors":[11,30],"is_endless":false,"potions_floor_spawned":[1,5,12,14,18,23],"killed_by":"Shelled Parasite and Fungi","ascension_level":18}