{"gold_per_floor":[109,109,119,119,119,154,171,200,200,6,6,6,33,50,50,129,129,146,71,71,88,4,4,62,5,52,52,77,77,92,126,126,198,198,208,225,225,244,255,288,288,314,366,391,391,55,65,15,15,15,15],"floor_reached":51,"playtime":3089,"items_purged":["Strike_R","Writhe"],"score":1577,"play_id":"7fec8b73-5d93-4982-8f6c-2815049c86c9","local_time":"20190318172231","is_ascension_mode":true,"campfire_choices":[{"floor":11,"key":"REST"},{"data":"Heavy Blade","floor":15,"key":"SMITH"},{"data":"Rupture","floor":23,"key":"SMITH"},{"data":"Brutality","floor":27,"key":"SMITH"},{"data":"Limit Break","floor":29,"key":"SMITH"},{"floor":32,"key":"REST"},{"floor":41,"key":"REST"},{"floor":45,"key":"RECALL"},{"floor":49,"key":"REST"}],"neow_cost":"NONE","seed_source_timestamp":21942589975800,"circlet_count":0,"master_deck":["AscendersBane","Strike_R","Strike_R","Defend_R","Defend_R","Defend_R+1","Defend_R","Bash+1","Headbutt","Spot Weakness","Heavy Blade+1","Disarm","Whirlwind+1","True Grit","Thunderclap","Metallicize","Brutality+1","Rupture+1","Limit Break+1","Battle Trance+1","Blood for Blood","Impervious","True Grit+1","Evolve+1","Ghostly Armor","Thunderclap+1","Twin Strike+1","Heavy Blade+1"],"relics":["Burning Blood","Regal Pillow","Smiling Mask","Meat on the Bone","Bag of Preparation","Bag of Marbles","Letter Opener","Cursed Key","PreservedInsect","Tiny Chest","Strawberry","Dream Catcher","Red Mask","Mark of Pain","Spirit Poop","Kunai","Juzu Bracelet","Red Skull","Magic Flower","Self Forming Clay"],"potions_floor_usage":[7,16,39,50,51],"damage_taken":[{"damage":3,"enemies":"2 Louse","floor":1,"turns":4},{"damage":10,"enemies":"Small Slimes","floor":3,"turns":5},{"damage":32,"enemies":"Gremlin Nob","floor":6,"turns":4},{"damage":4,"enemies":"Jaw Worm","floor":7,"turns":5},{"damage":35,"enemies":"3 Sentries","floor":8,"turns":8},{"damage":23,"enemies":"Lagavulin","floor":13,"turns":5},{"damage":9,"enemies":"Looter","floor":14,"turns":3},{"damage":11,"enemies":"Hexaghost","floor":16,"turns":8},{"damage":16,"enemies":"Spheric Guardian","floor":18,"turns":4},{"damage":0,"enemies":"3 Byrds","floor":21,"turns":2},{"damage":0,"enemies":"Slavers","floor":24,"turns":1},{"damage":19,"enemies":"Book of Stabbing","floor":28,"turns":3},{"damage":22,"enemies":"Cultist and Chosen","floor":30,"turns":5},{"damage":0,"enemies":"Masked Bandits","floor":31,"turns":1},{"damage":67,"enemies":"Automaton","floor":33,"turns":8},{"damage":16,"enemies":"3 Shapes","floor":35,"turns":5},{"damage":21,"enemies":"Orb Walker","floor":36,"turns":4},{"damage":33,"enemies":"Transient","floor":38,"turns":6},{"damage":2,"enemies":"Spire Growth","floor":39,"turns":3},{"damage":43,"enemies":"Giant Head","floor":40,"turns":6},{"damage":70,"enemies":"Nemesis","floor":42,"turns":5},{"damage":4,"enemies":"Giant Head","floor":44,"turns":4},{"damage":13,"enemies":"3 Darklings","floor":47,"turns":3},{"damage":45,"enemies":"Donu and Deca","floor":50,"turns":6},{"damage":67,"enemies":"Awakened One","floor":51,"turns":5}],"seed_played":"-9101810066542779479","potions_obtained":[{"floor":3,"key":"Regen Potion"},{"floor":6,"key":"Block Potion"},{"floor":8,"key":"LiquidBronze"},{"floor":16,"key":"Energy Potion"},{"floor":21,"key":"SteroidPotion"},{"floor":40,"key":"Dexterity Potion"},{"floor":44,"key":"Block Potion"},{"floor":47,"key":"SteroidPotion"}],"is_trial":false,"path_per_floor":["M","?","M","?","?","E","M","E","T","$","R","?","E","M","R","B",null,"M","?","?","M","$","R","E","?","T","R","E","R","M","?","R","B",null,"M","M","?","M","M","E","R","E","T","E","R","$","M","$","R","B","B"],"character_chosen":"IRONCLAD","items_purchased":["Bag of Marbles","True Grit","Rupture","Self Forming Clay"],"campfire_rested":4,"item_purchase_floors":[10,10,22,46],"current_hp_per_floor":[71,71,67,60,60,34,50,21,21,21,58,35,30,39,39,46,68,58,58,58,64,64,64,70,77,77,77,64,64,48,54,82,33,70,60,57,57,42,58,33,72,20,20,34,34,34,48,48,82,64,0],"gold":15,"neow_bonus":"RANDOM_COMMON_RELIC","is_prod":false,"is_daily":false,"chose_seed":false,"campfire_upgraded":4,"win_rate":0,"timestamp":1552918951,"path_taken":["M","?","M","?","?","E","M","E","T","$","R","?","E","M","R","BOSS","M","?","?","?","$","R","E","?","T","R","E","R","?","?","R","BOSS","M","M","?","?","M","E","R","E","T","E","R","$","M","$","R","BOSS","BOSS"],"build_version":"2019-01-23","purchased_purges":2,"victory":false,"max_hp_per_floor":[75,75,75,75,75,75,75,75,75,75,75,75,75,75,75,75,75,75,75,75,75,75,75,75,82,82,82,82,82,82,82,82,82,82,82,82,82,82,82,82,82,82,82,82,82,82,82,82,82,82,82],"card_choices":[{"not_picked":["Twin Strike","Flex"],"picked":"Headbutt","floor":1},{"not_picked":["Shrug It Off","Metallicize"],"picked":"Spot Weakness","floor":3},{"not_picked":["Intimidate","Cleave"],"picked":"Heavy Blade","floor":6},{"not_picked":["Wild Strike","Combust"],"picked":"Disarm","floor":7},{"not_picked":["Anger","Second Wind"],"picked":"Whirlwind","floor":8},{"not_picked":["Wild Strike","Rampage"],"picked":"Thunderclap","floor":13},{"not_picked":["Pommel Strike","Shrug It Off"],"picked":"Metallicize","floor":14},{"not_picked":["Berserk","Exhume"],"picked":"Brutality","floor":16},{"not_picked":["Twin Strike","Perfected Strike+1","Reckless Charge"],"picked":"SKIP","floor":18},{"not_picked":["Hemokinesis+1","Twin Strike","Body Slam"],"picked":"SKIP","floor":21},{"not_picked":["Power Through+1","Battle Trance"],"picked":"Limit Break","floor":24},{"not_picked":["Havoc","Warcry"],"picked":"Battle Trance+1","floor":28},{"not_picked":["Armaments","Dropkick"],"picked":"Blood for Blood","floor":30},{"not_picked":["Barricade","Dark Embrace"],"picked":"Impervious","floor":33},{"not_picked":["Wild Strike","Body Slam"],"picked":"True Grit+1","floor":35},{"not_picked":["Pummel","Uppercut","Corruption"],"picked":"SKIP","floor":36},{"not_picked":["Uppercut+1","Rage"],"picked":"Evolve+1","floor":38},{"not_picked":["Flex","Spot Weakness","Dark Embrace"],"picked":"SKIP","floor":39},{"not_picked":["Spot Weakness","Flex","Havoc"],"picked":"SKIP","floor":40},{"not_picked":["Cleave","Pummel"],"picked":"Ghostly Armor","floor":41},{"not_picked":["Inflame","Armaments+1"],"picked":"Thunderclap+1","floor":42},{"not_picked":["Combust+1","Rupture"],"picked":"Twin Strike+1","floor":44},{"not_picked":["Clash","Flex"],"picked":"Heavy Blade+1","floor":47}],"player_experience":928440,"relics_obtained":[{"floor":6,"key":"Smiling Mask"},{"floor":8,"key":"Meat on the Bone"},{"floor":9,"key":"Bag of Preparation"},{"floor":13,"key":"Letter Opener"},{"floor":20,"key":"PreservedInsect"},{"floor":24,"key":"Tiny Chest"},{"floor":28,"key":"Dream Catcher"},{"floor":31,"key":"Red Mask"},{"floor":40,"key":"Kunai"},{"floor":42,"key":"Juzu Bracelet"},{"floor":43,"key":"Red Skull"},{"floor":44,"key":"Magic Flower"}],"event_choices":[{"damage_healed":0,"gold_gain":0,"player_choice":"Ignored","damage_taken":0,"max_hp_gain":0,"max_hp_loss":0,"event_name":"Liars Game","floor":2,"gold_loss":0},{"cards_removed":["Strike_R"],"damage_healed":0,"gold_gain":0,"player_choice":"Card Removal","damage_taken":7,"max_hp_gain":0,"max_hp_loss":0,"event_name":"Golden Wing","floor":4,"gold_loss":0},{"damage_healed":0,"gold_gain":0,"player_choice":"Grow","damage_taken":0,"max_hp_gain":0,"max_hp_loss":0,"event_name":"Living Wall","floor":5,"gold_loss":0,"cards_upgraded":["Bash"]},{"damage_healed":0,"gold_gain":0,"player_choice":"Entered Light","damage_taken":23,"max_hp_gain":0,"max_hp_loss":0,"event_name":"Shining Light","floor":12,"gold_loss":0,"cards_upgraded":["Defend_R","Whirlwind"]},{"cards_removed":["Strike_R"],"damage_healed":0,"gold_gain":0,"player_choice":"Gave Gold","damage_taken":0,"max_hp_gain":0,"max_hp_loss":0,"event_name":"Beggar","floor":19,"gold_loss":75},{"damage_healed":0,"gold_gain":0,"player_choice":"Relic","damage_taken":0,"max_hp_gain":0,"max_hp_loss":0,"event_name":"Wheel of Change","floor":20,"gold_loss":0},{"damage_healed":0,"gold_gain":0,"player_choice":"Paid Gold","damage_taken":0,"relics_obtained":["Strawberry"],"max_hp_gain":0,"max_hp_loss":0,"event_name":"WeMeetAgain","floor":25,"gold_loss":57},{"damage_healed":0,"gold_gain":0,"player_choice":"Fought Bandits","damage_taken":0,"max_hp_gain":0,"max_hp_loss":0,"event_name":"Masked Bandits","floor":31,"gold_loss":0},{"cards_removed":["Shame"],"damage_healed":0,"gold_gain":0,"player_choice":"Offered Curse","damage_taken":0,"relics_obtained":["Spirit Poop"],"max_hp_gain":0,"max_hp_loss":0,"event_name":"Bonfire Elementals","floor":37,"gold_loss":0}],"is_beta":false,"boss_relics":[{"not_picked":["Busted Crown","Black Blood"],"picked":"Cursed Key"},{"not_picked":["Astrolabe","Black Star"],"picked":"Mark of Pain"}],"items_purged_floors":[46,48],"is_endless":false,"potions_floor_spawned":[3,6,8,16,21,24,30,40,44,47],"killed_by":"Awakened One","ascension_level":20}