{"gold_per_floor":[112,127,127,52,52,52,82,82,82,82,100,0,31,42,42,121,121,141,158,158,158,174,174,174,199,225,100,111,111,131,76,76,155,155,172,172,192,242,252,252,252,278,278,51,51,79,92,117,117,117,117,117,117,19,48,48],"floor_reached":56,"playtime":3040,"items_purged":["Regret","Strike_R","Normality"],"score":1897,"play_id":"3ab99c91-dc10-4d82-9b1a-1ea737f43dbf","local_time":"20190501150846","is_ascension_mode":true,"campfire_choices":[{"floor":6.0,"key":"REST"},{"floor":8.0,"key":"REST"},{"data":"Demon Form","floor":10.0,"key":"SMITH"},{"data":"Anger","floor":15.0,"key":"SMITH"},{"floor":23.0,"key":"REST"},{"data":"Clothesline","floor":29.0,"key":"SMITH"},{"data":"Havoc","floor":32.0,"key":"SMITH"},{"data":"Limit Break","floor":40.0,"key":"SMITH"},{"floor":49.0,"key":"RECALL"},{"data":"Double Tap","floor":53.0,"key":"SMITH"}],"neow_cost":"NONE","seed_source_timestamp":717525982708500,"circlet_count":0,"master_deck":["AscendersBane","Defend_R","Defend_R","Defend_R","Defend_R","Bash+1","Headbutt","Battle Trance+1","Demon Form+1","Anger+1","Offering","Twin Strike+1","Clothesline+1","Bite","Bite","Bite","Bite","Havoc+1","Ghostly","Ghostly+1","Ghostly","Burning Pact","Havoc+1","Limit Break+1","Sword Boomerang","Double Tap+1","Shrug It Off+1","Whirlwind","Sever Soul+1"],"special_seed":0,"relics":["Burning Blood","Darkstone Periapt","PreservedInsect","Juzu Bracelet","Mercury Hourglass","Matryoshka","Cursed Key","War Paint","Centennial Puzzle","Philosopher\u0027s Stone","Omamori","Potion Belt","Red Skull","Strange Spoon","Vajra","Ornamental Fan","Bag of Preparation"],"potions_floor_usage":[56],"damage_taken":[{"damage":14.0,"enemies":"2 Louse","floor":1.0,"turns":3.0},{"damage":12.0,"enemies":"Jaw Worm","floor":2.0,"turns":2.0},{"damage":8.0,"enemies":"Gremlin Nob","floor":7.0,"turns":3.0},{"damage":1.0,"enemies":"Cultist","floor":11.0,"turns":3.0},{"damage":25.0,"enemies":"3 Sentries","floor":13.0,"turns":8.0},{"damage":14.0,"enemies":"Blue Slaver","floor":14.0,"turns":2.0},{"damage":34.0,"enemies":"The Guardian","floor":16.0,"turns":8.0},{"damage":23.0,"enemies":"Spheric Guardian","floor":18.0,"turns":4.0},{"damage":14.0,"enemies":"3 Byrds","floor":19.0,"turns":5.0},{"damage":38.0,"enemies":"Colosseum Slavers","floor":21.0,"turns":4.0},{"damage":24.0,"enemies":"Snake Plant","floor":22.0,"turns":3.0},{"damage":14.0,"enemies":"Gremlin Leader","floor":25.0,"turns":5.0},{"damage":2.0,"enemies":"Centurion and Healer","floor":28.0,"turns":4.0},{"damage":30.0,"enemies":"Snecko","floor":30.0,"turns":5.0},{"damage":27.0,"enemies":"Automaton","floor":33.0,"turns":7.0},{"damage":4.0,"enemies":"Orb Walker","floor":35.0,"turns":3.0},{"damage":8.0,"enemies":"3 Shapes","floor":37.0,"turns":4.0},{"damage":8.0,"enemies":"Writhing Mass","floor":39.0,"turns":4.0},{"damage":37.0,"enemies":"Giant Head","floor":42.0,"turns":5.0},{"damage":5.0,"enemies":"Nemesis","floor":46.0,"turns":5.0},{"damage":6.0,"enemies":"Sphere and 2 Shapes","floor":47.0,"turns":4.0},{"damage":7.0,"enemies":"Giant Head","floor":48.0,"turns":4.0},{"damage":15.0,"enemies":"Donu and Deca","floor":50.0,"turns":8.0},{"damage":28.0,"enemies":"Time Eater","floor":51.0,"turns":6.0},{"damage":2.0,"enemies":"Shield and Spear","floor":55.0,"turns":5.0},{"damage":36,"enemies":"The Heart","floor":56,"turns":3}],"seed_played":"-46671855474689679","potions_obtained":[{"floor":2.0,"key":"Poison Potion"},{"floor":11.0,"key":"EntropicBrew"},{"floor":14.0,"key":"AttackPotion"},{"floor":22.0,"key":"SpeedPotion"},{"floor":25.0,"key":"Ancient Potion"},{"floor":33.0,"key":"FearPotion"},{"floor":37.0,"key":"AttackPotion"},{"floor":55.0,"key":"FearPotion"}],"is_trial":false,"path_per_floor":["M","M","?","$","?","R","E","R","T","R","M","$","E","M","R","B",null,"M","M","?","?","M","R","?","E","T","$","M","R","M","$","R","B",null,"M","?","M","?","M","R","?","E","T","$","?","E","M","E","R","B","B",null,"R","$","E","B"],"character_chosen":"IRONCLAD","items_purchased":["Havoc","Strange Spoon","SkillPotion","Whirlwind"],"campfire_rested":3,"item_purchase_floors":[31,44,54,54],"current_hp_per_floor":[60,54,60,60,25,49,47,71,71,71,76,76,57,49,49,21,66,57,49,49,25,15,31,28,28,34,34,34,34,20,20,20,11,28,34,34,34,31,34,34,32,13,13,13,13,28,32,32,32,32,20,29,29,29,32,0],"gold":48,"neow_bonus":"UPGRADE_CARD","is_prod":false,"is_daily":false,"chose_seed":false,"campfire_upgraded":6,"win_rate":0,"timestamp":1556712526,"path_taken":["M","M","?","$","?","R","E","R","T","R","M","$","E","M","R","BOSS","M","M","?","?","M","R","?","E","T","?","M","R","M","?","R","BOSS","M","?","M","?","M","R","?","E","T","$","?","E","M","E","R","BOSS","BOSS","R","$","E","BOSS"],"build_version":"2019-01-23","purchased_purges":3,"victory":false,"max_hp_per_floor":[75,75,81,81,81,81,81,81,81,81,81,81,81,81,81,81,81,81,81,56,56,56,56,28,28,34,34,34,34,34,34,34,34,34,34,34,34,34,34,34,32,32,32,32,32,32,32,32,32,32,32,32,32,32,32,32],"card_choices":[{"not_picked":["Body Slam","True Grit"],"picked":"Headbutt","floor":1.0},{"not_picked":["Shrug It Off","Dual Wield"],"picked":"Battle Trance","floor":2.0},{"not_picked":["Thunderclap","Twin Strike"],"picked":"Demon Form","floor":7.0},{"not_picked":["Pommel Strike","Shrug It Off"],"picked":"Anger","floor":11.0},{"not_picked":["Wild Strike","Offering","Body Slam"],"picked":"SKIP","floor":13.0},{"not_picked":["Wild Strike","Body Slam"],"picked":"Offering","floor":13.0},{"not_picked":["Body Slam","Rampage","Flex"],"picked":"SKIP","floor":14.0},{"not_picked":["Warcry","Thunderclap"],"picked":"Twin Strike+1","floor":18.0},{"not_picked":["Intimidate","Flex"],"picked":"Clothesline","floor":19.0},{"not_picked":["Twin Strike","Sentinel"],"picked":"Havoc+1","floor":22.0},{"not_picked":["Second Wind","Infernal Blade"],"picked":"Burning Pact","floor":25.0},{"not_picked":["Havoc+1","Thunderclap","Seeing Red"],"picked":"SKIP","floor":28.0},{"not_picked":["Perfected Strike","Pommel Strike","Anger"],"picked":"SKIP","floor":30.0},{"not_picked":["Perfected Strike","Pommel Strike","Anger"],"picked":"SKIP","floor":30.0},{"not_picked":["Immolate","Double Tap"],"picked":"Limit Break","floor":33.0},{"not_picked":["Perfected Strike+1","Pommel Strike","Cleave"],"picked":"SKIP","floor":35.0},{"not_picked":["Perfected Strike+1","Pommel Strike","Cleave"],"picked":"SKIP","floor":35.0},{"not_picked":["Clothesline","Body Slam+1","Sever Soul+1"],"picked":"SKIP","floor":37.0},{"not_picked":["Headbutt","Intimidate"],"picked":"Sword Boomerang","floor":39.0},{"not_picked":["Blood for Blood","Bloodletting"],"picked":"Double Tap","floor":42.0},{"not_picked":["Anger+1","Clash+1","Pommel Strike"],"picked":"SKIP","floor":46.0},{"not_picked":["Rage+1","Pommel Strike","Wild Strike"],"picked":"SKIP","floor":47.0},{"not_picked":["Havoc","Clothesline"],"picked":"Shrug It Off+1","floor":48.0},{"not_picked":["Fiend Fire","Armaments"],"picked":"Sever Soul+1","floor":55.0}],"player_experience":1279839,"relics_obtained":[{"floor":7.0,"key":"Juzu Bracelet"},{"floor":9.0,"key":"Mercury Hourglass"},{"floor":13.0,"key":"Matryoshka"},{"floor":25.0,"key":"War Paint"},{"floor":26.0,"key":"Centennial Puzzle"},{"floor":42.0,"key":"Omamori"},{"floor":43.0,"key":"Potion Belt"},{"floor":43.0,"key":"Red Skull"},{"floor":46.0,"key":"Vajra"},{"floor":48.0,"key":"Ornamental Fan"},{"floor":55.0,"key":"Bag of Preparation"}],"event_choices":[{"damage_healed":0.0,"max_hp_gain":0.0,"max_hp_loss":0.0,"gold_gain":0.0,"event_name":"Big Fish","player_choice":"Box","floor":3.0,"gold_loss":0.0,"damage_taken":0.0,"relics_obtained":["Darkstone Periapt"],"cards_obtained":["Regret"]},{"damage_healed":0.0,"max_hp_gain":0.0,"max_hp_loss":0.0,"gold_gain":0.0,"event_name":"Scrap Ooze","player_choice":"Success","floor":5.0,"gold_loss":0.0,"damage_taken":35.0,"relics_obtained":["PreservedInsect"]},{"damage_healed":0.0,"max_hp_gain":0.0,"max_hp_loss":25.0,"gold_gain":0.0,"event_name":"Vampires","player_choice":"Became a vampire","floor":20.0,"gold_loss":0.0,"damage_taken":0.0,"cards_obtained":["Bite","Bite","Bite","Bite","Bite"]},{"damage_healed":0.0,"max_hp_gain":0.0,"max_hp_loss":0.0,"gold_gain":0.0,"event_name":"Colosseum","player_choice":"Fight","floor":21.0,"gold_loss":0.0,"damage_taken":0.0},{"damage_healed":0.0,"max_hp_gain":0.0,"max_hp_loss":0.0,"gold_gain":0.0,"event_name":"Colosseum","player_choice":"Fled From Nobs","floor":21.0,"gold_loss":0.0,"damage_taken":0.0},{"damage_healed":0.0,"max_hp_gain":0.0,"max_hp_loss":28.0,"gold_gain":0.0,"event_name":"Ghosts","player_choice":"Became a Ghost","floor":24.0,"gold_loss":0.0,"damage_taken":0.0,"cards_obtained":["Ghostly","Ghostly","Ghostly"]},{"cards_removed":["Bite"],"damage_healed":0.0,"max_hp_gain":0.0,"max_hp_loss":0.0,"gold_gain":0.0,"event_name":"Falling","player_choice":"Removed Attack","floor":36.0,"gold_loss":0.0,"damage_taken":0.0},{"damage_healed":0.0,"max_hp_gain":0.0,"max_hp_loss":0.0,"gold_gain":50.0,"event_name":"FaceTrader","player_choice":"Touch","floor":38.0,"gold_loss":0.0,"damage_taken":3.0},{"damage_healed":0.0,"max_hp_gain":0.0,"max_hp_loss":2.0,"gold_gain":0.0,"event_name":"Winding Halls","player_choice":"Max HP","floor":41.0,"gold_loss":0.0,"damage_taken":0.0},{"damage_healed":0.0,"max_hp_gain":0.0,"max_hp_loss":0.0,"gold_gain":0.0,"event_name":"Mysterious Sphere","player_choice":"Ignored","floor":45.0,"gold_loss":0.0,"damage_taken":0.0}],"is_beta":false,"boss_relics":[{"not_picked":["Busted Crown","Runic Dome"],"picked":"Cursed Key"},{"not_picked":["Tiny House","Mark of Pain"],"picked":"Philosopher\u0027s Stone"}],"items_purged_floors":[4,12,27],"is_endless":false,"potions_floor_spawned":[2,11,14,22,25,30,33,35,37,55],"killed_by":"The Heart","ascension_level":20}