{"path_per_floor":["M","?","M","?","M","?","M","R","T","M","$","R","E","M","R","B",null,"M","?","?","$"],"character_chosen":"DEFECT","items_purchased":[],"gold_per_floor":[115,115,128,128,145,145,163,163,163,181,106,106,133,146,146,246,246,262,312,345,245,245],"floor_reached":22,"campfire_rested":2,"playtime":1245,"item_purchase_floors":[],"current_hp_per_floor":[71,64,63,63,56,56,48,48,48,33,33,55,35,27,49,12,75,41,41,7,7,0],"items_purged":["Strike_B","Chaos"],"gold":245,"score":184,"play_id":"a0d3ca6c-52dc-41ff-8d48-aac28df06b55","local_time":"20180619001706","is_prod":false,"is_daily":false,"chose_seed":false,"is_ascension_mode":false,"campfire_upgraded":1,"win_rate":0,"timestamp":1529360226,"campfire_choices":[{"data":"Zap","floor":8,"key":"SMITH"},{"floor":12,"key":"REST"},{"floor":15,"key":"REST"}],"path_taken":["M","?","M","?","?","?","?","R","T","M","$","R","E","M","R","BOSS","M","?","?","$","?"],"build_version":"2018-06-14v2","seed_source_timestamp":56915258418300,"purchased_purges":2,"victory":false,"master_deck":["Strike_B","Defend_B","Defend_B","Defend_B","Zap","Dualcast","Zap+1","Amplify","Electrodynamics","Consume","Buffer"],"max_hp_per_floor":[75,75,75,75,75,75,75,75,75,75,75,75,75,75,75,75,75,75,75,75,75,75],"relics":["Cracked Core","Question Card","Vajra","Inserter","Red Mask"],"card_choices":[{"not_picked":["Sweeping Beam","Cold Snap","Steam"],"picked":"SKIP","floor":1},{"not_picked":["Reinforced Body","Turbo","Go for the Eyes"],"picked":"SKIP","floor":3},{"not_picked":["Lockon","Compile Driver","Glacier"],"picked":"SKIP","floor":5},{"not_picked":["Stack","White Noise"],"picked":"Electrodynamics","floor":7},{"not_picked":["Tempest","Conserve Battery","Coolheaded","Sweeping Beam"],"picked":"SKIP","floor":10},{"not_picked":["Gash","Recycle","Chill"],"picked":"Consume","floor":13},{"not_picked":["Reprogram","Storm","FTL","Melter"],"picked":"SKIP","floor":14},{"not_picked":["Biased Cognition","Reboot","Amplify"],"picked":"Buffer","floor":16},{"not_picked":["Hologram","Go for the Eyes","Heatsinks","Rip and Tear"],"picked":"SKIP","floor":18}],"player_experience":242726,"potions_floor_usage":[10,18],"damage_taken":[{"damage":4,"enemies":"2 Louse","floor":1,"turns":3},{"damage":1,"enemies":"Jaw Worm","floor":3,"turns":3},{"damage":7,"enemies":"Small Slimes","floor":5,"turns":4},{"damage":8,"enemies":"2 Fungi Beasts","floor":7,"turns":4},{"damage":15,"enemies":"Exordium Thugs","floor":10,"turns":3},{"damage":20,"enemies":"Gremlin Nob","floor":13,"turns":3},{"damage":8,"enemies":"Red Slaver","floor":14,"turns":4},{"damage":37,"enemies":"The Guardian","floor":16,"turns":11},{"damage":34,"enemies":"Shell Parasite","floor":18,"turns":6},{"damage":34,"floor":20,"turns":3},{"damage":10,"enemies":"Spheric Guardian","floor":22,"turns":3}],"relics_obtained":[{"floor":9,"key":"Question Card"},{"floor":13,"key":"Vajra"},{"floor":20,"key":"Red Mask"}],"event_choices":[{"event_name":"Golden Wing","player_choice":"Card Removal","floor":2,"damage_taken":0},{"event_name":"Match and Keep!","player_choice":"2 cards matched","floor":4,"damage_taken":0},{"event_name":"Living Wall","player_choice":"Change","floor":6,"damage_taken":0},{"event_name":"The Joust","player_choice":"Bet on Murderer","floor":19,"damage_taken":0},{"event_name":"Masked Bandits","player_choice":"Fought over 312 gold","floor":20,"damage_taken":0}],"boss_relics":[{"not_picked":["Pandora\u0027s Box","Orrery"],"picked":"Inserter"}],"items_purged_floors":[11,21],"is_endless":false,"potions_floor_spawned":[3,7,10,20],"seed_played":"5503295607426718640","killed_by":"Spheric Guardian","ascension_level":0,"potions_obtained":[{"floor":3,"key":"AttackPotion"},{"floor":7,"key":"SteroidPotion"},{"floor":10,"key":"SpeedPotion"},{"floor":20,"key":"Energy Potion"}],"is_trial":false}