{"gold_per_floor":[109,109,124,149,165,165,236,236,306,160,110,110,125,125,125,246,246,259,92,107,28,47,47,61,81,106,106,119,119,119,119,119,119],"floor_reached":33,"playtime":1801,"items_purged":["Strike_B","Hello World"],"score":237,"play_id":"fa024e23-d806-46a7-9161-9f4dc659b7f3","local_time":"20180624235112","is_ascension_mode":false,"campfire_choices":[{"data":"Redo","floor":6,"key":"SMITH"},{"data":"Defragment","floor":8,"key":"SMITH"},{"data":"Zap","floor":12,"key":"SMITH"},{"floor":15,"key":"REST"},{"data":"Scrape","floor":23,"key":"SMITH"},{"data":"Dualcast","floor":27,"key":"SMITH"},{"data":"Reboot","floor":30,"key":"SMITH"},{"data":"Reinforced Body","floor":32,"key":"SMITH"}],"neow_cost":"NONE","seed_source_timestamp":57861209572531,"circlet_count":0,"master_deck":["Strike_B","Defend_B+1","Defend_B","Defend_B","Defend_B","Zap+1","Dualcast+1","Gash+1","Defragment+1","Redo+1","Reinforced Body+1","Gash","Steam","Hologram","Redo+1","Scrape+1","FTL","Gash","Reboot+1","Beam Cell"],"special_seed":17706,"relics":["Cracked Core","Bloody Idol","Bronze Scales","Centennial Puzzle","Eternal Feather","Lantern"],"potions_floor_usage":[5,7,16,22,33],"damage_taken":[{"damage":4,"enemies":"2 Louse","floor":1,"turns":3},{"damage":0,"enemies":"Cultist","floor":3,"turns":3},{"damage":1,"enemies":"Jaw Worm","floor":4,"turns":3},{"damage":0,"enemies":"Red Slaver","floor":5,"turns":4},{"damage":28,"enemies":"Gremlin Nob","floor":7,"turns":4},{"damage":5,"enemies":"Exordium Thugs","floor":13,"turns":4},{"damage":14,"enemies":"The Guardian","floor":16,"turns":8},{"damage":2,"enemies":"Shell Parasite","floor":18,"turns":5},{"damage":0,"enemies":"Chosen","floor":20,"turns":4},{"damage":13,"enemies":"3 Cultists","floor":22,"turns":4},{"damage":17,"enemies":"Snake Plant","floor":24,"turns":3},{"damage":0,"enemies":"Centurion and Healer","floor":25,"turns":4},{"damage":0,"enemies":"3 Cultists","floor":28,"turns":4},{"damage":86,"enemies":"Champ","floor":33,"turns":8}],"seed_played":"300968513367953176","potions_obtained":[{"floor":3,"key":"Block Potion"},{"floor":5,"key":"EssenceOfSteel"},{"floor":13,"key":"AttackPotion"},{"floor":16,"key":"GamblersBrew"},{"floor":24,"key":"FearPotion"},{"floor":25,"key":"Poison Potion"},{"floor":28,"key":"Explosive Potion"}],"is_trial":false,"path_per_floor":["M","?","M","M","M","R","?","R","T","$","?","R","M","?","R","B",null,"M","$","M","$","M","R","M","M","T","R","M","?","R","?","R"],"character_chosen":"DEFECT","items_purchased":["Gash","Steam","Scrape","FTL"],"campfire_rested":1,"item_purchase_floors":[10,10,19,21],"current_hp_per_floor":[71,53,53,52,52,52,24,24,24,24,24,24,19,4,26,12,75,73,73,73,73,60,66,49,49,49,57,57,57,65,65,73,0],"gold":119,"neow_bonus":"TRANSFORM_CARD","is_prod":false,"is_daily":false,"chose_seed":false,"campfire_upgraded":7,"win_rate":0,"timestamp":1529877072,"path_taken":["M","?","M","M","M","R","?","R","T","$","?","R","M","?","R","BOSS","M","$","M","$","?","R","M","M","T","R","?","?","R","?","R","BOSS"],"build_version":"2018-06-21v2","purchased_purges":2,"victory":false,"max_hp_per_floor":[75,75,75,75,75,75,75,75,75,75,75,75,75,75,75,75,75,75,75,75,75,75,75,75,75,75,75,75,75,75,75,75,75],"card_choices":[{"not_picked":["Go for the Eyes","Steam"],"picked":"Gash","floor":1},{"not_picked":["Turbo","Tempest"],"picked":"Defragment","floor":3},{"not_picked":["Biased Cognition","Streamline"],"picked":"Redo","floor":4},{"not_picked":["Undo","Recycle","Hello World"],"picked":"SKIP","floor":5},{"not_picked":["Coolheaded","White Noise"],"picked":"Reinforced Body","floor":7},{"not_picked":["Scrape","Turbo"],"picked":"Hologram","floor":13},{"not_picked":["Stack","Turbo"],"picked":"Redo+1","floor":18},{"not_picked":["Blizzard+1","Storm","Barrage"],"picked":"SKIP","floor":20},{"not_picked":["Beam Cell","Turbo"],"picked":"Gash","floor":22},{"not_picked":["Redo","Glacier"],"picked":"Reboot","floor":24},{"not_picked":["Conserve Battery","Hologram"],"picked":"Beam Cell","floor":25},{"not_picked":["Conserve Battery","Turbo+1","Streamline"],"picked":"SKIP","floor":28}],"player_experience":269751,"relics_obtained":[{"floor":9,"key":"Centennial Puzzle"},{"floor":26,"key":"Lantern"}],"event_choices":[{"event_name":"Golden Idol","player_choice":"Take Damage","floor":2,"damage_taken":0},{"event_name":"Dead Adventurer","player_choice":"Searched \u00272\u0027 times","floor":7,"damage_taken":0},{"event_name":"The Cleric","player_choice":"Card Removal","floor":11,"damage_taken":0},{"event_name":"Shining Light","player_choice":"Entered Light","floor":14,"damage_taken":0},{"event_name":"Forgotten Altar","player_choice":"Gave Idol","floor":29,"damage_taken":0},{"event_name":"Drug Dealer","player_choice":"Ignored","floor":31,"damage_taken":0}],"boss_relics":[{"not_picked":["Cursed Key","Calling Bell"],"picked":"Eternal Feather"}],"items_purged_floors":[10,19],"is_endless":false,"potions_floor_spawned":[3,5,13,16,24,25,28],"killed_by":"Champ","ascension_level":0}