{"gold_per_floor":[216,246,14,25,44,44,78,88,88,98,21,21,32,47,47,144,144,158,158,173,186,186,186,212,212,235,235,260,185,185,205,205,302,302,313,313,313,324,324,356,356,376,376,81,113,113,126,126,126,126],"floor_reached":51,"playtime":31723,"items_purged":["Strike_R","Decay"],"score":1011,"play_id":"c4a1ea6d-cc8a-45e5-8e4c-c7d0309ae2da","local_time":"20190810231327","is_ascension_mode":true,"campfire_choices":[{"data":"Bash","floor":6,"key":"SMITH"},{"data":"Uppercut","floor":12,"key":"SMITH"},{"data":"Inflame","floor":15,"key":"SMITH"},{"data":"Demon Form","floor":23,"key":"SMITH"},{"data":"Sword Boomerang","floor":25,"key":"SMITH"},{"data":"Armaments","floor":32,"key":"SMITH"},{"data":"Pummel","floor":41,"key":"SMITH"},{"floor":46,"key":"REST"},{"floor":49,"key":"REST"}],"neow_cost":"NONE","seed_source_timestamp":18828739692643,"circlet_count":0,"master_deck":["Strike_R","Strike_R","Defend_R","Defend_R","Defend_R","Defend_R","Bash+1","Metallicize","Offering","Master of Strategy","Sword Boomerang+1","Armaments+1","Inflame+1","Anger","Uppercut+1","Pummel+1","Demon Form+1","Shockwave","Headbutt","Impervious","Havoc+1","Purity","Havoc+1","Uppercut+1","Sword Boomerang+1","Shrug It Off"],"relics":["Burning Blood","Tiny Chest","Meat on the Bone","Red Skull","Cursed Key","Pear","Juzu Bracelet","Dream Catcher","Velvet Choker","Charon\u0027s Ashes","Molten Egg 2","Bronze Scales","Dodecahedron"],"potions_floor_usage":[16,16,39,40,45,47,50,50,50],"damage_taken":[{"damage":0,"enemies":"Small Slimes","floor":1,"turns":3},{"damage":10,"enemies":"Jaw Worm","floor":4,"turns":7},{"damage":3,"enemies":"Cultist","floor":5,"turns":5},{"damage":35,"enemies":"Lagavulin","floor":7,"turns":7},{"damage":7,"enemies":"3 Louse","floor":8,"turns":4},{"damage":9,"enemies":"2 Fungi Beasts","floor":10,"turns":4},{"damage":31,"enemies":"Gremlin Gang","floor":13,"turns":3},{"damage":5,"enemies":"Blue Slaver","floor":14,"turns":2},{"damage":18,"enemies":"Slime Boss","floor":16,"turns":6},{"damage":18,"enemies":"Shell Parasite","floor":18,"turns":2},{"damage":18,"enemies":"3 Byrds","floor":20,"turns":5},{"damage":14,"enemies":"Centurion and Healer","floor":21,"turns":4},{"damage":24,"enemies":"Gremlin Leader","floor":24,"turns":4},{"damage":17,"enemies":"Book of Stabbing","floor":28,"turns":3},{"damage":12,"enemies":"Snake Plant","floor":31,"turns":4},{"damage":15,"enemies":"Collector","floor":33,"turns":6},{"damage":17,"enemies":"3 Shapes","floor":35,"turns":4},{"damage":32,"enemies":"3 Darklings","floor":38,"turns":5},{"damage":0,"enemies":"Writhing Mass","floor":39,"turns":1},{"damage":37,"enemies":"Giant Head","floor":40,"turns":6},{"damage":17,"enemies":"Sphere and 2 Shapes","floor":42,"turns":3},{"damage":23,"enemies":"Nemesis","floor":45,"turns":5},{"damage":16,"enemies":"Transient","floor":47,"turns":5},{"damage":62,"enemies":"Awakened One","floor":50,"turns":8}],"seed_played":"8420523686289442601","potions_obtained":[{"floor":7,"key":"PowerPotion"},{"floor":8,"key":"PowerPotion"},{"floor":14,"key":"SmokeBomb"},{"floor":20,"key":"AttackPotion"},{"floor":28,"key":"GamblersBrew"},{"floor":40,"key":"SpeedPotion"},{"floor":42,"key":"SkillPotion"},{"floor":45,"key":"Strength Potion"},{"floor":48,"key":"Dexterity Potion"}],"is_trial":false,"path_per_floor":["M","?","$","M","M","R","E","M","T","M","$","R","M","M","R","B",null,"M","?","M","M","?","R","E","R","T","?","E","$","?","M","R","B",null,"M","?","?","M","M","E","R","M","T","$","E","R","M","?","R","B",null],"character_chosen":"IRONCLAD","items_purchased":["Offering","Master of Strategy","Uppercut","Bronze Scales","Dexterity Potion"],"campfire_rested":2,"item_purchase_floors":[3,3,11,44,44],"current_hp_per_floor":[78,71,71,67,70,70,41,52,52,49,49,49,36,49,49,49,72,60,60,48,52,52,52,56,56,56,56,57,57,57,63,63,54,81,70,70,70,56,62,43,43,44,44,44,39,66,56,56,83,39],"gold":126,"neow_bonus":"HUNDRED_GOLD","is_prod":false,"is_daily":false,"chose_seed":false,"campfire_upgraded":7,"win_rate":0,"timestamp":1565471607,"path_taken":["M","?","$","M","M","R","E","M","T","M","$","R","M","M","R","BOSS","M","?","M","?","?","R","E","R","T","?","E","$","?","M","R","BOSS","M","?","?","M","M","E","R","M","T","$","E","R","M","?","R","BOSS"],"build_version":"2019-07-17","purchased_purges":2,"victory":true,"max_hp_per_floor":[80,80,80,80,80,80,80,80,80,80,80,80,80,80,80,80,80,80,80,80,80,80,80,90,90,90,90,90,90,90,90,90,90,90,90,90,90,90,90,90,90,90,90,90,90,90,90,90,90,90],"card_choices":[{"not_picked":["Thunderclap","Headbutt"],"picked":"Metallicize","floor":1},{"not_picked":["Perfected Strike","Battle Trance","Rage"],"picked":"SKIP","floor":4},{"not_picked":["Wild Strike","Headbutt"],"picked":"Sword Boomerang","floor":5},{"not_picked":["Havoc","Headbutt"],"picked":"Armaments","floor":7},{"not_picked":["Bloodletting","Iron Wave"],"picked":"Inflame","floor":8},{"not_picked":["Second Wind","Twin Strike"],"picked":"Anger","floor":10},{"not_picked":["Warcry","Shrug It Off"],"picked":"Pummel","floor":13},{"not_picked":["Sword Boomerang","Fire Breathing","Thunderclap"],"picked":"SKIP","floor":14},{"not_picked":["Feed","Fiend Fire"],"picked":"Demon Form","floor":16},{"not_picked":["Inflame","Flex"],"picked":"Shockwave","floor":18},{"not_picked":["Sentinel","Iron Wave"],"picked":"Headbutt","floor":20},{"not_picked":["Headbutt","Armaments","Blood for Blood"],"picked":"SKIP","floor":21},{"not_picked":["Shockwave","Clash","Twin Strike"],"picked":"SKIP","floor":24},{"not_picked":["Rampage","Bloodletting+1"],"picked":"Impervious","floor":28},{"not_picked":["Searing Blow","Body Slam","Sever Soul"],"picked":"SKIP","floor":31},{"not_picked":["Pommel Strike","Hemokinesis+1"],"picked":"Havoc+1","floor":35},{"not_picked":["Trip","Jack Of All Trades"],"picked":"Purity","floor":36},{"not_picked":["True Grit","Thunderclap"],"picked":"Havoc+1","floor":38},{"not_picked":["Havoc","Demon Form","Wild Strike"],"picked":"SKIP","floor":40},{"not_picked":["Pommel Strike+1","Iron Wave","Sword Boomerang+1"],"picked":"SKIP","floor":42},{"not_picked":["Anger+1","Second Wind"],"picked":"Uppercut+1","floor":45},{"not_picked":["Cleave+1","Flex"],"picked":"Sword Boomerang+1","floor":47},{"not_picked":["Perfected Strike+1","Inflame"],"picked":"Shrug It Off","floor":49}],"player_experience":824592,"relics_obtained":[{"floor":7,"key":"Meat on the Bone"},{"floor":9,"key":"Red Skull"},{"floor":24,"key":"Pear"},{"floor":26,"key":"Juzu Bracelet"},{"floor":28,"key":"Dream Catcher"},{"floor":40,"key":"Charon\u0027s Ashes"},{"floor":43,"key":"Molten Egg 2"},{"floor":45,"key":"Dodecahedron"}],"event_choices":[{"damage_healed":0,"gold_gain":0,"player_choice":"Success","damage_taken":7,"relics_obtained":["Tiny Chest"],"max_hp_gain":0,"max_hp_loss":0,"event_name":"Scrap Ooze","floor":2,"gold_loss":0},{"cards_removed":["Strike_R"],"damage_healed":0,"gold_gain":0,"player_choice":"Purged","damage_taken":0,"max_hp_gain":0,"max_hp_loss":0,"event_name":"Purifier","floor":19,"gold_loss":0},{"damage_healed":0,"gold_gain":0,"player_choice":"Ignored","damage_taken":0,"max_hp_gain":0,"max_hp_loss":0,"event_name":"The Mausoleum","floor":22,"gold_loss":0},{"cards_removed":["Injury"],"damage_healed":0,"gold_gain":0,"player_choice":"Removed Curses","damage_taken":0,"max_hp_gain":0,"max_hp_loss":0,"event_name":"Fountain of Cleansing","floor":27,"gold_loss":0},{"cards_removed":["Strike_R"],"damage_healed":0,"gold_gain":0,"player_choice":"Card Removal","damage_taken":0,"max_hp_gain":0,"max_hp_loss":0,"event_name":"Wheel of Change","floor":30,"gold_loss":0},{"damage_healed":0,"gold_gain":0,"player_choice":"Memory 1","damage_taken":0,"max_hp_gain":0,"max_hp_loss":0,"event_name":"SensoryStone","floor":36,"gold_loss":0},{"damage_healed":0,"gold_gain":0,"player_choice":"Ignored","damage_taken":0,"max_hp_gain":0,"max_hp_loss":0,"event_name":"Tomb of Lord Red Mask","floor":37,"gold_loss":0},{"damage_healed":0,"gold_gain":0,"player_choice":"Got Potions","damage_taken":0,"max_hp_gain":0,"max_hp_loss":0,"event_name":"Lab","floor":48,"gold_loss":0}],"is_beta":false,"boss_relics":[{"not_picked":["Tiny House","Empty Cage"],"picked":"Cursed Key"},{"not_picked":["Snecko Eye","Runic Cube"],"picked":"Velvet Choker"}],"items_purged_floors":[29,44],"is_endless":false,"potions_floor_spawned":[7,8,14,20,28,33,40,42,45],"ascension_level":9}