{"gold_per_floor":[118,44,57,74,74,74,249,260,260,289,239,254,312,340,340,438,438,458,458,210,226,245,245,259,273,273,273,285,303,32,32,32,128,128,141,161,172,172,172,172,187,199,199,216,232,251,56,75,75,75],"floor_reached":51,"playtime":2592,"items_purged":["Strike_G"],"score":682,"play_id":"de531787-7638-43da-9dc4-655a3cc18746","local_time":"20190421143726","is_ascension_mode":false,"campfire_choices":[{"floor":6,"key":"REST"},{"floor":15,"key":"REST"},{"floor":23,"key":"REST"},{"data":"Night Terror","floor":27,"key":"SMITH"},{"data":"Catalyst","floor":32,"key":"SMITH"},{"data":"Catalyst","floor":40,"key":"SMITH"},{"floor":49,"key":"REST"}],"neow_cost":"PERCENT_DAMAGE","seed_source_timestamp":18854327318600,"circlet_count":0,"master_deck":["Defend_G","Defend_G","Defend_G","Defend_G","Defend_G","Strike_G+1","Strike_G","Strike_G","Strike_G","Survivor","Neutralize","Bane","Well Laid Plans","All Out Attack+1","All Out Attack","Well Laid Plans","Deadly Poison","Night Terror","Night Terror+1","Catalyst+1","Discovery","Leg Sweep","Catalyst+1","Backflip+1","Escape Plan","Noxious Fumes","Calculated Gamble","Deadly Poison","Crippling Poison+1"],"relics":["Ring of the Snake","Incense Burner","Sundial","Blue Candle","Odd Mushroom","Whetstone","Cursed Key","Meat on the Bone","Lee\u0027s Waffle","Lizard Tail"],"potions_floor_usage":[14,36,42,44,44,50,50,50],"damage_taken":[{"damage":3,"enemies":"Small Slimes","floor":1,"turns":4},{"damage":0,"enemies":"2 Louse","floor":3,"turns":3},{"damage":5,"enemies":"Jaw Worm","floor":4,"turns":5},{"damage":5,"enemies":"Looter","floor":8,"turns":4},{"damage":13,"enemies":"The Mushroom Lair","floor":10,"turns":4},{"damage":3,"enemies":"Exordium Wildlife","floor":12,"turns":4},{"damage":8,"enemies":"Lagavulin","floor":14,"turns":5},{"damage":33,"enemies":"Slime Boss","floor":16,"turns":11},{"damage":15,"enemies":"Spheric Guardian","floor":18,"turns":6},{"damage":9,"enemies":"Shell Parasite","floor":21,"turns":5},{"damage":19,"enemies":"Snake Plant","floor":22,"turns":5},{"damage":4,"enemies":"Snecko","floor":24,"turns":6},{"damage":29,"enemies":"Sentry and Sphere","floor":25,"turns":7},{"damage":9,"enemies":"Shelled Parasite and Fungi","floor":28,"turns":9},{"damage":24,"enemies":"Snake Plant","floor":29,"turns":10},{"damage":26,"enemies":"Champ","floor":33,"turns":10},{"damage":18,"enemies":"3 Darklings","floor":35,"turns":11},{"damage":36,"enemies":"3 Shapes","floor":36,"turns":7},{"damage":11,"enemies":"Jaw Worm Horde","floor":37,"turns":5},{"damage":22,"enemies":"Maw","floor":41,"turns":7},{"damage":16,"enemies":"4 Shapes","floor":42,"turns":5},{"damage":10,"enemies":"Transient","floor":44,"turns":4},{"damage":13,"enemies":"Maw","floor":45,"turns":6},{"damage":47,"enemies":"Spire Growth","floor":46,"turns":5},{"damage":8,"enemies":"4 Shapes","floor":48,"turns":7},{"damage":56,"enemies":"Time Eater","floor":50,"turns":7}],"seed_played":"-7808362947874046092","potions_obtained":[{"floor":1,"key":"Poison Potion"},{"floor":4,"key":"EssenceOfSteel"},{"floor":10,"key":"SteroidPotion"},{"floor":12,"key":"Fire Potion"},{"floor":16,"key":"Ancient Potion"},{"floor":18,"key":"Block Potion"},{"floor":28,"key":"Regen Potion"},{"floor":29,"key":"Regen Potion"},{"floor":31,"key":"SkillPotion"},{"floor":42,"key":"Dexterity Potion"},{"floor":48,"key":"PowerPotion"}],"is_trial":false,"path_per_floor":["M","$","M","M","?","R","?","M","T","?","?","M","?","E","R","B",null,"M","?","$","M","M","R","M","M","T","R","M","M","$","?","R","B",null,"M","M","M","?","?","R","M","M","T","M","M","M","$","M","R","B",null],"character_chosen":"THE_SILENT","items_purchased":["Well Laid Plans","Catalyst","Discovery","Lee\u0027s Waffle","Noxious Fumes","SkillPotion","Regen Potion","EssenceOfSteel"],"campfire_rested":4,"item_purchase_floors":[2,20,20,30,30,47,47,47],"current_hp_per_floor":[46,46,46,41,29,50,50,45,45,32,32,29,29,21,42,9,70,55,55,55,46,39,60,56,39,39,39,42,30,77,77,77,51,77,59,49,50,50,50,50,40,36,36,38,37,48,48,40,61,32],"gold":75,"neow_bonus":"ONE_RARE_RELIC","is_prod":false,"is_daily":false,"chose_seed":false,"campfire_upgraded":3,"win_rate":0,"timestamp":1555846646,"path_taken":["M","$","M","M","?","R","?","M","T","?","?","?","?","E","R","BOSS","M","?","?","M","M","R","M","M","T","R","M","M","$","?","R","BOSS","M","M","M","?","?","R","M","M","T","M","M","M","$","?","R","BOSS"],"build_version":"2019-01-23","purchased_purges":1,"victory":true,"max_hp_per_floor":[70,70,70,70,70,70,70,70,70,70,70,70,70,70,70,70,70,70,70,70,70,70,70,70,70,70,70,70,70,77,77,77,77,77,77,77,77,73,73,73,73,73,73,73,73,73,73,73,73,73],"card_choices":[{"not_picked":["Tactician","Backflip"],"picked":"Bane","floor":1},{"not_picked":["Acrobatics","Dodge and Roll"],"picked":"All Out Attack","floor":3},{"not_picked":["Infinite Blades","Slice"],"picked":"All Out Attack","floor":4},{"not_picked":["Bane","Acrobatics"],"picked":"Well Laid Plans","floor":8},{"not_picked":["Poisoned Stab","Reflex"],"picked":"Deadly Poison","floor":10},{"not_picked":["Slice","Blade Dance","Concentrate"],"picked":"SKIP","floor":12},{"not_picked":["Acrobatics","Slice"],"picked":"Night Terror","floor":14},{"not_picked":["A Thousand Cuts","Doppelganger"],"picked":"Night Terror","floor":16},{"not_picked":["Blade Dance","Heel Hook","Deflect"],"picked":"SKIP","floor":18},{"not_picked":["Dodge and Roll+1","Flying Knee"],"picked":"Leg Sweep","floor":21},{"not_picked":["Infinite Blades+1","Eviscerate"],"picked":"Catalyst","floor":22},{"not_picked":["Finisher+1","Backstab"],"picked":"Backflip+1","floor":24},{"not_picked":["Tactician","Finisher","Slice"],"picked":"SKIP","floor":25},{"not_picked":["Flechettes+1","Choke+1","Endless Agony+1"],"picked":"SKIP","floor":28},{"not_picked":["Sucker Punch+1","Prepared+1"],"picked":"Escape Plan","floor":29},{"not_picked":["PiercingWail","Tactician+1"],"picked":"Calculated Gamble","floor":35},{"not_picked":["Sucker Punch+1","Slice+1","Tactician+1"],"picked":"SKIP","floor":36},{"not_picked":["Predator","Dagger Throw+1","Well Laid Plans+1"],"picked":"SKIP","floor":37},{"not_picked":["Deflect","Bane+1","Glass Knife"],"picked":"SKIP","floor":41},{"not_picked":["PiercingWail+1","Masterful Stab","Dagger Throw"],"picked":"SKIP","floor":42},{"not_picked":["Blade Dance+1","Cloak And Dagger+1","Quick Slash"],"picked":"SKIP","floor":44},{"not_picked":["Finisher","Flying Knee","Quick Slash+1"],"picked":"SKIP","floor":45},{"not_picked":["Outmaneuver","Expertise","Endless Agony"],"picked":"SKIP","floor":46},{"not_picked":["Backflip+1","Quick Slash+1"],"picked":"Crippling Poison+1","floor":48}],"player_experience":1213116,"relics_obtained":[{"floor":9,"key":"Blue Candle"},{"floor":10,"key":"Odd Mushroom"},{"floor":14,"key":"Whetstone"},{"floor":19,"key":"Meat on the Bone"}],"event_choices":[{"damage_healed":0,"gold_gain":0,"player_choice":"Success","damage_taken":12,"relics_obtained":["Sundial"],"max_hp_gain":0,"max_hp_loss":0,"event_name":"Scrap Ooze","floor":5,"gold_loss":0},{"damage_healed":0,"gold_gain":175,"player_choice":"AGREE","damage_taken":0,"max_hp_gain":0,"max_hp_loss":0,"event_name":"Liars Game","floor":7,"gold_loss":0,"cards_obtained":["Doubt"]},{"damage_healed":0,"gold_gain":0,"player_choice":"Fought Mushrooms","damage_taken":0,"max_hp_gain":0,"max_hp_loss":0,"event_name":"Mushrooms","floor":10,"gold_loss":0},{"cards_removed":["Doubt"],"damage_healed":0,"gold_gain":0,"player_choice":"Card Removal","damage_taken":0,"max_hp_gain":0,"max_hp_loss":0,"event_name":"The Cleric","floor":11,"gold_loss":50},{"damage_healed":0,"gold_gain":58,"player_choice":"Gained Gold","damage_taken":0,"max_hp_gain":0,"max_hp_loss":0,"event_name":"Golden Wing","floor":13,"gold_loss":0},{"damage_healed":0,"gold_gain":0,"player_choice":"Relic","damage_taken":0,"max_hp_gain":0,"max_hp_loss":0,"event_name":"Wheel of Change","floor":19,"gold_loss":0},{"damage_healed":0,"gold_gain":0,"player_choice":"Got Potions","damage_taken":0,"max_hp_gain":0,"max_hp_loss":0,"event_name":"Lab","floor":31,"gold_loss":0},{"damage_healed":0,"gold_gain":0,"player_choice":"Max HP","damage_taken":0,"max_hp_gain":0,"max_hp_loss":4,"event_name":"Winding Halls","floor":38,"gold_loss":0},{"damage_healed":0,"gold_gain":0,"player_choice":"Copied","damage_taken":0,"max_hp_gain":0,"max_hp_loss":0,"event_name":"Duplicator","floor":39,"gold_loss":0,"cards_obtained":["Deadly Poison"]}],"is_beta":false,"boss_relics":[{"not_picked":["Ring of the Serpent","Calling Bell"],"picked":"Cursed Key"},{"not_picked":["Velvet Choker","Eternal Feather"],"picked":"Lizard Tail"}],"items_purged_floors":[20],"is_endless":false,"potions_floor_spawned":[1,4,10,12,16,18,28,29,42,48],"ascension_level":0}