{"gold_per_floor":[119,119,0,10,10,10,44,44,69,85,85,103,136,156,156,230,230,244,27,27,27,27,27,43,61,61,61,76,106,125,145,145,145],"floor_reached":33,"playtime":1784,"items_purged":["Pain"],"score":554,"play_id":"69d18a5d-f515-4845-89f5-c6305c9a25dc","local_time":"20190501113545","is_ascension_mode":true,"campfire_choices":[{"data":"Caltrops","floor":6,"key":"SMITH"},{"data":"Leg Sweep","floor":11,"key":"SMITH"},{"data":"Calculated Gamble","floor":15,"key":"SMITH"},{"floor":23,"key":"REST"},{"floor":27,"key":"REST"},{"floor":32,"key":"REST"}],"neow_cost":"NONE","seed_source_timestamp":706139363360400,"circlet_count":0,"master_deck":["AscendersBane","Defend_G","Defend_G","Defend_G","Defend_G","Defend_G","Strike_G","Strike_G","Strike_G","Strike_G","Strike_G","Survivor","Neutralize","Dagger Spray","Poisoned Stab","Caltrops+1","Caltrops+1","Dodge and Roll","Leg Sweep+1","Acrobatics","Deflect","Calculated Gamble+1","After Image","Mayhem","Blur","Deadly Poison","Underhanded Strike","PiercingWail"],"relics":["Ring of the Snake","WarpedTongs","Blood Vial","Centennial Puzzle","Bag of Preparation","Runic Pyramid","Mummified Hand","Gambling Chip","Anchor"],"potions_floor_usage":[13,13,29,33],"damage_taken":[{"damage":0,"enemies":"2 Louse","floor":1,"turns":2},{"damage":0,"enemies":"Cultist","floor":4,"turns":3},{"damage":17,"enemies":"Lagavulin","floor":7,"turns":8},{"damage":1,"enemies":"Small Slimes","floor":10,"turns":3},{"damage":2,"enemies":"Red Slaver","floor":12,"turns":3},{"damage":4,"enemies":"Gremlin Nob","floor":13,"turns":3},{"damage":0,"enemies":"2 Fungi Beasts","floor":14,"turns":4},{"damage":13,"enemies":"Hexaghost","floor":16,"turns":9},{"damage":14,"enemies":"Shell Parasite","floor":18,"turns":6},{"damage":22,"enemies":"Colosseum Slavers","floor":20,"turns":6},{"damage":1,"enemies":"3 Byrds","floor":24,"turns":3},{"damage":12,"enemies":"Cultist and Chosen","floor":25,"turns":7},{"damage":3,"enemies":"3 Cultists","floor":28,"turns":6},{"damage":6,"enemies":"Gremlin Leader","floor":29,"turns":7},{"damage":9,"enemies":"Snake Plant","floor":30,"turns":4},{"damage":7,"enemies":"Cultist and Chosen","floor":31,"turns":6},{"damage":60,"enemies":"Collector","floor":33,"turns":8}],"seed_played":"1226830238715750842","potions_obtained":[{"floor":7,"key":"SteroidPotion"},{"floor":10,"key":"EssenceOfSteel"},{"floor":12,"key":"AttackPotion"},{"floor":24,"key":"Strength Potion"},{"floor":25,"key":"Poison Potion"},{"floor":30,"key":"PowerPotion"}],"is_trial":false,"path_per_floor":["M","?","$","M","$","R","E","?","T","M","R","M","E","M","R","B",null,"M","$","?","?","T","R","M","M","T","R","M","E","M","M","R","B"],"character_chosen":"THE_SILENT","items_purchased":["Caltrops","Mayhem","Blur"],"campfire_rested":3,"item_purchase_floors":[3,19,19],"current_hp_per_floor":[59,59,59,59,59,59,42,42,42,43,43,43,41,43,43,32,58,46,46,26,26,26,45,46,36,36,55,54,50,43,38,57,0],"gold":145,"neow_bonus":"THREE_CARDS","is_prod":false,"is_daily":false,"chose_seed":false,"campfire_upgraded":3,"win_rate":0,"timestamp":1556699745,"path_taken":["M","?","$","M","?","R","E","?","T","M","R","M","E","M","R","BOSS","M","$","?","?","?","R","?","M","T","R","M","E","M","M","R","BOSS"],"build_version":"2019-01-23","purchased_purges":1,"victory":false,"max_hp_per_floor":[66,66,66,66,66,66,66,66,66,66,66,66,66,66,66,66,66,66,66,66,66,66,66,66,66,66,66,66,66,66,66,66,66],"card_choices":[{"not_picked":["Prepared","Dagger Throw"],"picked":"Dagger Spray","floor":0},{"not_picked":["Underhanded Strike","Infinite Blades"],"picked":"Poisoned Stab","floor":1},{"not_picked":["Heel Hook","PiercingWail"],"picked":"Caltrops","floor":4},{"not_picked":["Slice","A Thousand Cuts"],"picked":"Dodge and Roll","floor":7},{"not_picked":["Backflip","All Out Attack"],"picked":"Leg Sweep","floor":10},{"not_picked":["Tactician","Quick Slash"],"picked":"Acrobatics","floor":12},{"not_picked":["Sucker Punch","Heel Hook"],"picked":"Deflect","floor":13},{"not_picked":["Prepared","Blade Dance"],"picked":"Calculated Gamble","floor":14},{"not_picked":["Unload","Envenom"],"picked":"After Image","floor":16},{"not_picked":["Choke","Quick Slash","Sucker Punch"],"picked":"SKIP","floor":18},{"not_picked":["Quick Slash+1","Backflip","Dodge and Roll"],"picked":"SKIP","floor":24},{"not_picked":["Bane","Sucker Punch"],"picked":"Deadly Poison","floor":25},{"not_picked":["Storm of Steel","Dagger Throw"],"picked":"Underhanded Strike","floor":28},{"not_picked":["Prepared","Backstab","Masterful Stab"],"picked":"SKIP","floor":29},{"not_picked":["Calculated Gamble+1","Poisoned Stab"],"picked":"PiercingWail","floor":30},{"not_picked":["All Out Attack","Dagger Throw","Reflex"],"picked":"SKIP","floor":31}],"player_experience":1268985,"relics_obtained":[{"floor":7,"key":"Blood Vial"},{"floor":9,"key":"Centennial Puzzle"},{"floor":13,"key":"Bag of Preparation"},{"floor":22,"key":"Mummified Hand"},{"floor":26,"key":"Gambling Chip"},{"floor":29,"key":"Anchor"}],"event_choices":[{"damage_healed":0,"gold_gain":0,"player_choice":"Rummage","damage_taken":0,"relics_obtained":["WarpedTongs"],"max_hp_gain":0,"max_hp_loss":0,"event_name":"Accursed Blacksmith","floor":2,"gold_loss":0,"cards_obtained":["Pain"]},{"damage_healed":0,"gold_gain":0,"player_choice":"Upgraded","damage_taken":0,"max_hp_gain":0,"max_hp_loss":0,"event_name":"Upgrade Shrine","floor":8,"gold_loss":0,"cards_upgraded":["Caltrops"]},{"damage_healed":0,"gold_gain":0,"player_choice":"Fight","damage_taken":0,"max_hp_gain":0,"max_hp_loss":0,"event_name":"Colosseum","floor":20,"gold_loss":0},{"damage_healed":0,"gold_gain":0,"player_choice":"Fled From Nobs","damage_taken":0,"max_hp_gain":0,"max_hp_loss":0,"event_name":"Colosseum","floor":20,"gold_loss":0},{"damage_healed":0,"gold_gain":0,"player_choice":"Ignored","damage_taken":0,"max_hp_gain":0,"max_hp_loss":0,"event_name":"Cursed Tome","floor":21,"gold_loss":0}],"is_beta":false,"boss_relics":[{"not_picked":["Empty Cage","Lizard Tail"],"picked":"Runic Pyramid"}],"items_purged_floors":[3],"is_endless":false,"potions_floor_spawned":[7,10,12,20,24,25,30],"killed_by":"Collector","ascension_level":20}