{"gold_per_floor":[118,130,146,164,178,178,178,178,248,248,248,282,282,297,297,401,401,421,435,174,99,119,119,119,131,156,172,172,190,220,75,75,170,170,186,204,204,221,221,221,237,237,237,166,185,137,437,181,181,181],"floor_reached":51,"playtime":3273,"items_purged":[],"score":843,"play_id":"56d8fa57-d21f-40bc-99d2-790d353a8e18","local_time":"20180806233214","is_ascension_mode":true,"campfire_choices":[{"data":"Zap","floor":6,"key":"SMITH"},{"floor":8,"key":"DIG"},{"floor":11,"key":"DIG"},{"floor":15,"key":"REST"},{"floor":23,"key":"REST"},{"floor":32,"key":"REST"},{"floor":40,"key":"REST"},{"data":"Apotheosis","floor":42,"key":"SMITH"},{"floor":49,"key":"REST"}],"neow_cost":"NONE","seed_source_timestamp":132618163436582,"circlet_count":0,"master_deck":["Zap+1","Dualcast","Cold Snap","Conserve Battery","Recycle","Conserve Battery","Streamline","Go for the Eyes","Reboot","Rebound","All For One","Go for the Eyes","Gash","Tempest","Go for the Eyes","Sweeping Beam","Apotheosis+1","Scrape","Bite","Bite","Bite","Bite","Bite","Gash+1","Rebound","Conserve Battery","Seek","Skim+1","Rainbow+1","Fusion+1","Gash","Madness","Madness","Seek","Conserve Battery","Seek"],"relics":["Cracked Core","Shovel","DataDisk","Letter Opener","Sundial","Ancient Tea Set","Orrery","Bronze Scales","Bag of Marbles","Astrolabe","Gremlin Horn","Old Coin","Centennial Puzzle"],"potions_floor_usage":[12,19,22,22,29,30,33,33,33,50],"damage_taken":[{"damage":0,"enemies":"Small Slimes","floor":1,"turns":2},{"damage":0,"enemies":"Cultist","floor":2,"turns":2},{"damage":4,"enemies":"Jaw Worm","floor":3,"turns":4},{"damage":8,"enemies":"Exordium Thugs","floor":4,"turns":6},{"damage":13,"enemies":"Exordium Wildlife","floor":5,"turns":5},{"damage":13,"enemies":"Gremlin Nob","floor":12,"turns":4},{"damage":2,"enemies":"Blue Slaver","floor":14,"turns":3},{"damage":8,"enemies":"The Guardian","floor":16,"turns":12},{"damage":27,"enemies":"Spheric Guardian","floor":18,"turns":5},{"damage":8,"enemies":"3 Byrds","floor":19,"turns":4},{"damage":20,"enemies":"Slaver and Parasite","floor":22,"turns":4},{"damage":11,"enemies":"Centurion and Healer","floor":25,"turns":2},{"damage":16,"enemies":"Chosen and Byrds","floor":27,"turns":6},{"damage":17,"enemies":"Snake Plant","floor":29,"turns":4},{"damage":18,"enemies":"Book of Stabbing","floor":30,"turns":3},{"damage":40,"enemies":"Collector","floor":33,"turns":9},{"damage":11,"enemies":"3 Shapes","floor":35,"turns":5},{"damage":0,"enemies":"Flame Bruiser 1 Orb","floor":36,"turns":4},{"damage":42,"enemies":"Spire Growth","floor":38,"turns":4},{"damage":21,"enemies":"Flame Bruiser 2 Orb","floor":41,"turns":6},{"damage":12,"enemies":"4 Shapes","floor":45,"turns":2},{"damage":8,"floor":47,"turns":7},{"damage":62,"enemies":"Time Eater","floor":50,"turns":8}],"seed_played":"8616070758387825777","potions_obtained":[{"floor":1,"key":"Poison Potion"},{"floor":2,"key":"Dexterity Potion"},{"floor":4,"key":"AttackPotion"},{"floor":5,"key":"SkillPotion"},{"floor":16,"key":"Swift Potion"},{"floor":18,"key":"Explosive Potion"},{"floor":22,"key":"Explosive Potion"},{"floor":27,"key":"Dexterity Potion"},{"floor":30,"key":"AttackPotion"},{"floor":35,"key":"Regen Potion"},{"floor":36,"key":"FocusPotion"},{"floor":38,"key":"GamblersBrew"}],"is_trial":false,"path_per_floor":["M","M","M","M","M","R","?","R","T","$","R","E","$","M","R","B",null,"M","M","$","?","M","R","?","M","T","M","?","M","E","$","R","B",null,"M","M","?","M","?","R","M","R","T","$","M","$","?","$","R","B"],"character_chosen":"DEFECT","items_purchased":["Apotheosis","Scrape","Conserve Battery","PowerPotion","Strength Potion","Seek","Conserve Battery","Centennial Puzzle","Swift Potion","Fire Potion"],"campfire_rested":5,"item_purchase_floors":[20,20,31,31,31,44,46,48,48,48],"current_hp_per_floor":[75,75,71,63,50,50,50,50,50,50,50,37,37,35,57,49,75,48,40,40,40,20,42,42,40,40,37,37,28,13,13,28,4,52,43,52,45,18,18,33,32,32,32,32,32,32,40,40,52,20],"gold":181,"neow_bonus":"THREE_CARDS","is_prod":false,"is_daily":false,"chose_seed":false,"campfire_upgraded":2,"win_rate":0,"timestamp":1533565934,"path_taken":["M","M","M","M","M","R","?","R","T","$","R","E","?","?","R","BOSS","M","M","$","?","M","R","?","M","T","M","?","?","E","$","R","BOSS","M","M","?","M","?","R","?","R","T","$","M","$","?","?","R","BOSS"],"build_version":"2018-08-02","purchased_purges":0,"victory":true,"max_hp_per_floor":[75,75,75,75,75,75,75,75,75,75,75,75,75,75,75,75,75,75,75,75,75,75,75,52,52,52,52,52,52,52,52,52,52,52,52,52,52,52,52,52,52,52,52,52,52,52,52,52,52,52],"card_choices":[{"not_picked":["Reinforced Body","Conserve Battery"],"picked":"Cold Snap","floor":0},{"not_picked":["Reinforced Body","Barrage"],"picked":"Conserve Battery","floor":1},{"not_picked":["Barrage","Rebound"],"picked":"Recycle","floor":2},{"not_picked":["Leap","Coolheaded"],"picked":"Conserve Battery","floor":3},{"not_picked":["Redo","Ball Lightning"],"picked":"Streamline","floor":4},{"not_picked":["Storm","Conserve Battery"],"picked":"Go for the Eyes","floor":5},{"not_picked":["Go for the Eyes","Reprogram"],"picked":"Reboot","floor":12},{"not_picked":["Barrage","Beam Cell"],"picked":"Rebound","floor":14},{"not_picked":["Meteor Strike","Thunder Strike"],"picked":"All For One","floor":16},{"not_picked":["Rebound","Skim"],"picked":"Go for the Eyes","floor":17},{"not_picked":["Leap","Darkness"],"picked":"Gash","floor":17},{"not_picked":["Rip and Tear","Reprogram"],"picked":"Tempest","floor":17},{"not_picked":["Heatsinks+1","Sunder+1"],"picked":"Go for the Eyes","floor":18},{"not_picked":["Compile Driver","Cold Snap"],"picked":"Sweeping Beam","floor":19},{"not_picked":["Amplify","Redo+1","Rebound"],"picked":"SKIP","floor":22},{"not_picked":["Streamline","Steam Power","Loop"],"picked":"SKIP","floor":25},{"not_picked":["Glacier","Leap+1"],"picked":"Gash+1","floor":27},{"not_picked":["Compile Driver","Static Discharge+1"],"picked":"Rebound","floor":29},{"not_picked":["Hello World","Redo","Leap"],"picked":"SKIP","floor":30},{"not_picked":["Amplify","Hyperbeam"],"picked":"Seek","floor":33},{"not_picked":["Barrage+1","Go for the Eyes+1"],"picked":"Gash","floor":35},{"not_picked":["FTL+1","Darkness","Defragment+1"],"picked":"SKIP","floor":36},{"not_picked":["Compile Driver+1","Turbo+1"],"picked":"Defragment+1","floor":38},{"not_picked":["Compile Driver+1","Stack","Turbo"],"picked":"SKIP","floor":41},{"not_picked":["Reprogram+1","Streamline","Cold Snap"],"picked":"SKIP","floor":45},{"not_picked":["Sweeping Beam","Double Energy"],"picked":"Seek","floor":47}],"player_experience":138201,"relics_obtained":[{"floor":8,"key":"DataDisk"},{"floor":9,"key":"Letter Opener"},{"floor":11,"key":"Sundial"},{"floor":12,"key":"Ancient Tea Set"},{"floor":26,"key":"Bronze Scales"},{"floor":30,"key":"Bag of Marbles"},{"floor":43,"key":"Gremlin Horn"},{"floor":47,"key":"Old Coin"}],"event_choices":[{"event_name":"WeMeetAgain","player_choice":"Potion","floor":7,"damage_taken":0},{"event_name":"Beggar","player_choice":"Gave Gold","floor":21,"damage_taken":0},{"event_name":"Vampires","player_choice":"Became a vampire","floor":24,"damage_taken":0},{"event_name":"The Mausoleum","player_choice":"No","floor":28,"damage_taken":0},{"event_name":"Winding Halls","player_choice":"Embrace Madness","floor":37,"damage_taken":0},{"event_name":"Falling","player_choice":"Removed Power","floor":39,"damage_taken":0},{"event_name":"MindBloom","player_choice":"Fight","floor":47,"damage_taken":0}],"is_beta":false,"boss_relics":[{"not_picked":["Ectoplasm","FrozenCore"],"picked":"Orrery"},{"not_picked":["Coffee Dripper","Calling Bell"],"picked":"Astrolabe"}],"items_purged_floors":[],"is_endless":false,"potions_floor_spawned":[1,2,4,5,16,18,22,27,30,35,36,38],"ascension_level":4}