{"gold_per_floor":[114,130,55,71,71,71,84,84,139,139,159,189,189,230,230,230],"floor_reached":16,"playtime":830,"items_purged":["Strike_R"],"score":220,"play_id":"d98c6a06-466c-4643-ae38-94168a0ed20c","local_time":"20190418110317","is_ascension_mode":true,"campfire_choices":[{"data":"Clothesline","floor":6.0,"key":"SMITH"},{"data":"Carnage","floor":8.0,"key":"SMITH"},{"data":"Bash","floor":10.0,"key":"SMITH"},{"floor":15.0,"key":"REST"}],"neow_cost":"PERCENT_DAMAGE","seed_source_timestamp":878748740645700,"circlet_count":0,"master_deck":["AscendersBane","Strike_R","Strike_R","Strike_R","Strike_R","Defend_R","Defend_R","Defend_R","Defend_R","Bash+1","Flame Barrier","Disarm","Clothesline+1","Carnage+1","Entrench"],"special_seed":0,"relics":["Burning Blood","Calipers","Happy Flower","Anchor","Golden Idol","Self Forming Clay"],"potions_floor_usage":[],"damage_taken":[{"damage":7.0,"enemies":"Cultist","floor":1.0,"turns":4.0},{"damage":2.0,"enemies":"Jaw Worm","floor":2.0,"turns":4.0},{"damage":11.0,"enemies":"2 Louse","floor":4.0,"turns":5.0},{"damage":5.0,"enemies":"2 Fungi Beasts","floor":7.0,"turns":4.0},{"damage":14.0,"enemies":"Blue Slaver","floor":11.0,"turns":4.0},{"damage":26.0,"enemies":"Gremlin Nob","floor":12.0,"turns":5.0},{"damage":20.0,"enemies":"3 Sentries","floor":14.0,"turns":9.0},{"damage":35,"enemies":"Hexaghost","floor":16,"turns":9}],"seed_played":"-2526566606279708122","potions_obtained":[{"floor":1.0,"key":"Ancient Potion"},{"floor":7.0,"key":"BloodPotion"},{"floor":12.0,"key":"Explosive Potion"}],"is_trial":false,"path_per_floor":["M","M","$","M","$","R","M","R","T","R","M","E","?","E","R","B"],"character_chosen":"IRONCLAD","items_purchased":[],"campfire_rested":1,"item_purchase_floors":[],"current_hp_per_floor":[49,53,53,48,48,48,49,49,49,49,48,28,28,14,34,0],"gold":230,"neow_bonus":"ONE_RARE_RELIC","is_prod":false,"is_daily":false,"chose_seed":false,"campfire_upgraded":3,"win_rate":0,"timestamp":1555574597,"path_taken":["M","M","$","M","?","R","M","R","T","R","M","E","?","E","R","BOSS"],"build_version":"2019-01-23","purchased_purges":1,"victory":false,"max_hp_per_floor":[75,75,75,75,75,75,75,75,75,75,75,75,68,68,68,68],"card_choices":[{"not_picked":["Headbutt","True Grit"],"picked":"Flame Barrier","floor":1.0},{"not_picked":["Heavy Blade","Sword Boomerang"],"picked":"Disarm","floor":2.0},{"not_picked":["Havoc","Wild Strike"],"picked":"Clothesline","floor":4.0},{"not_picked":["Clothesline","Bludgeon"],"picked":"Carnage","floor":7.0},{"not_picked":["Wild Strike","Headbutt","Inflame"],"picked":"SKIP","floor":11.0},{"not_picked":["Wild Strike","Headbutt","Inflame"],"picked":"SKIP","floor":11.0},{"not_picked":["Wild Strike","Headbutt","Inflame"],"picked":"SKIP","floor":11.0},{"not_picked":["Flex","Heavy Blade","Power Through"],"picked":"SKIP","floor":12.0},{"not_picked":["Body Slam","Thunderclap"],"picked":"Entrench","floor":14.0}],"player_experience":1189786,"relics_obtained":[{"floor":9.0,"key":"Happy Flower"},{"floor":12.0,"key":"Anchor"},{"floor":14.0,"key":"Self Forming Clay"}],"event_choices":[{"damage_healed":0.0,"max_hp_gain":0.0,"max_hp_loss":7.0,"gold_gain":0.0,"event_name":"Golden Idol","player_choice":"Lose Max HP","floor":13.0,"gold_loss":0.0,"damage_taken":0.0,"relics_obtained":["Golden Idol"]}],"is_beta":false,"boss_relics":[],"items_purged_floors":[3],"is_endless":false,"potions_floor_spawned":[1,7,12],"killed_by":"Hexaghost","ascension_level":20}