{"gold_per_floor":[115,132,148,148,23,53,53,87,113,113],"floor_reached":10,"playtime":470,"items_purged":["Strike_R"],"score":152,"play_id":"eec64666-9149-4f31-8017-3b672e3abe17","local_time":"20190321113117","is_ascension_mode":true,"campfire_choices":[{"data":"Clothesline","floor":7,"key":"SMITH"}],"neow_cost":"NONE","seed_source_timestamp":262719210161200,"circlet_count":0,"master_deck":["AscendersBane","Strike_R","Strike_R","Strike_R","Strike_R","Defend_R","Defend_R","Defend_R","Defend_R","Bash","Clothesline+1","Battle Trance","Shrug It Off","Uppercut+1","Shrug It Off","Twin Strike","Whirlwind"],"relics":["Burning Blood","Dream Catcher","Juzu Bracelet","Blood Vial"],"potions_floor_usage":[6],"damage_taken":[{"damage":0,"enemies":"Cultist","floor":1,"turns":3},{"damage":9,"enemies":"2 Louse","floor":2,"turns":4},{"damage":5,"enemies":"Jaw Worm","floor":3,"turns":6},{"damage":28,"enemies":"3 Sentries","floor":6,"turns":12},{"damage":34,"enemies":"Gremlin Nob","floor":8,"turns":5},{"damage":24,"enemies":"3 Sentries","floor":10,"turns":4}],"seed_played":"9111950716168525404","potions_obtained":[{"floor":2,"key":"SkillPotion"},{"floor":3,"key":"Ancient Potion"}],"is_trial":false,"path_per_floor":["M","M","M","?","$","E","R","E","T","E"],"character_chosen":"IRONCLAD","items_purchased":["Shrug It Off"],"campfire_rested":0,"item_purchase_floors":[5],"current_hp_per_floor":[74,71,72,72,72,50,50,22,22,0],"gold":113,"neow_bonus":"THREE_CARDS","is_prod":false,"is_daily":false,"chose_seed":false,"campfire_upgraded":1,"win_rate":0,"timestamp":1553157077,"path_taken":["M","M","?","?","$","E","R","E","T","E"],"build_version":"2019-01-23","purchased_purges":1,"victory":false,"max_hp_per_floor":[75,75,75,75,75,75,75,75,75,75],"card_choices":[{"not_picked":["Battle Trance","Shrug It Off"],"picked":"Clothesline","floor":0},{"not_picked":["Body Slam","Rupture"],"picked":"Battle Trance","floor":1},{"not_picked":["Battle Trance","Sword Boomerang"],"picked":"Shrug It Off","floor":2},{"not_picked":["Wild Strike","Clash"],"picked":"Uppercut","floor":3},{"not_picked":["Warcry","Carnage"],"picked":"Twin Strike","floor":6},{"not_picked":["Burning Pact","Berserk"],"picked":"Whirlwind","floor":8}],"player_experience":976221,"relics_obtained":[{"floor":6,"key":"Dream Catcher"},{"floor":8,"key":"Juzu Bracelet"},{"floor":9,"key":"Blood Vial"}],"event_choices":[{"damage_healed":0,"gold_gain":0,"player_choice":"Upgraded","damage_taken":0,"max_hp_gain":0,"max_hp_loss":0,"event_name":"Upgrade Shrine","floor":4,"gold_loss":0,"cards_upgraded":["Uppercut"]}],"is_beta":false,"boss_relics":[],"items_purged_floors":[5],"is_endless":false,"potions_floor_spawned":[2,3],"killed_by":"3 Sentries","ascension_level":20}