{"gold_per_floor":[17,30,49,64,75,101,101,112,112,144,164,164,164,164,164,164],"floor_reached":16,"playtime":745,"items_purged":[],"score":228,"play_id":"e56233a3-9150-413f-a854-789952a3bb22","local_time":"20191008074905","is_ascension_mode":true,"campfire_choices":[{"floor":7.0,"key":"REST"},{"data":"Go for the Eyes","floor":12.0,"key":"SMITH"},{"data":"Beam Cell","floor":15,"key":"SMITH"}],"neow_cost":"NO_GOLD","seed_source_timestamp":257847185606000,"circlet_count":0,"master_deck":["AscendersBane","Strike_B","Strike_B","Defend_B","Defend_B","Defend_B","Defend_B","Zap","Dualcast","Core Surge","Scrape","Conserve Battery","FTL","Steam","Coolheaded","Beam Cell+1","Genetic Algorithm","Seek","Go for the Eyes+1"],"special_seed":0,"relics":["Cracked Core","Sundial","Thread and Needle","Ancient Tea Set","FossilizedHelix"],"potions_floor_usage":[],"damage_taken":[{"damage":0.0,"enemies":"Small Slimes","floor":1.0,"turns":4.0},{"damage":9.0,"enemies":"2 Louse","floor":2.0,"turns":3.0},{"damage":0.0,"enemies":"Cultist","floor":3.0,"turns":3.0},{"damage":9.0,"enemies":"3 Louse","floor":4.0,"turns":5.0},{"damage":8.0,"enemies":"Exordium Wildlife","floor":5.0,"turns":4.0},{"damage":23.0,"enemies":"3 Sentries","floor":6.0,"turns":9.0},{"damage":0.0,"enemies":"Gremlin Gang","floor":8.0,"turns":5.0},{"damage":4.0,"enemies":"Gremlin Nob","floor":10.0,"turns":3.0},{"damage":7.0,"enemies":"Exordium Thugs","floor":11.0,"turns":5.0},{"damage":28,"enemies":"Hexaghost","floor":16,"turns":10}],"seed_played":"7572600696899437021","potions_obtained":[{"floor":2.0,"key":"FocusPotion"},{"floor":4.0,"key":"Ancient Potion"},{"floor":5.0,"key":"Explosive Potion"},{"floor":6.0,"key":"Poison Potion"}],"is_trial":false,"path_per_floor":["M","M","M","M","M","E","R","M","T","E","M","R","?","?","R","B"],"character_chosen":"DEFECT","items_purchased":[],"campfire_rested":1,"item_purchase_floors":[],"current_hp_per_floor":[64,55,55,46,38,15,36,36,36,32,25,25,25,25,25,0],"gold":164,"neow_bonus":"TRANSFORM_TWO_CARDS","is_prod":false,"is_daily":false,"chose_seed":false,"campfire_upgraded":2,"win_rate":0,"timestamp":1570488545,"path_taken":["M","M","M","M","M","E","R","M","T","E","M","R","?","?","R","BOSS"],"build_version":"2019-07-17","purchased_purges":0,"victory":false,"max_hp_per_floor":[71,71,71,71,71,71,71,71,71,71,71,71,71,71,71,71],"card_choices":[{"not_picked":["Compile Driver","Consume"],"picked":"Conserve Battery","floor":1.0},{"not_picked":["Undo","Turbo"],"picked":"FTL","floor":2.0},{"not_picked":["Redo","Streamline"],"picked":"Steam","floor":3.0},{"not_picked":["Undo","Compile Driver"],"picked":"Coolheaded","floor":4.0},{"not_picked":["Blizzard","Defragment"],"picked":"Beam Cell","floor":5.0},{"not_picked":["Defragment","Sweeping Beam"],"picked":"Genetic Algorithm","floor":6.0},{"not_picked":["Capacitor","Cold Snap"],"picked":"Seek","floor":8.0},{"not_picked":["Consume","Auto Shields","Steam"],"picked":"SKIP","floor":10.0},{"not_picked":["Stack","Undo"],"picked":"Go for the Eyes","floor":11.0}],"player_experience":594212,"relics_obtained":[{"floor":6.0,"key":"Sundial"},{"floor":9.0,"key":"Thread and Needle"},{"floor":10.0,"key":"Ancient Tea Set"}],"event_choices":[{"damage_healed":0,"gold_gain":0,"player_choice":"Fled","damage_taken":0,"max_hp_gain":0,"max_hp_loss":0,"event_name":"Scrap Ooze","floor":13,"gold_loss":0},{"damage_healed":0,"gold_gain":0,"player_choice":"Gave Potion","damage_taken":0,"relics_obtained":["FossilizedHelix"],"max_hp_gain":0,"max_hp_loss":0,"event_name":"WeMeetAgain","floor":14,"gold_loss":0}],"is_beta":false,"boss_relics":[],"items_purged_floors":[],"is_endless":false,"potions_floor_spawned":[2,4,5,6],"killed_by":"Hexaghost","ascension_level":20}