{"gold_per_floor":[117,117,97,109,259,292,322,348,360,372,384,407,439,68,68,142,142,159,169,169],"floor_reached":20,"playtime":778,"items_purged":["Doubt"],"score":392,"play_id":"b20f81e8-81fc-4514-9417-89d769de0adc","local_time":"20190920104849","is_ascension_mode":true,"campfire_choices":[{"data":"Zap","floor":10.0,"key":"SMITH"},{"data":"Loop","floor":15.0,"key":"SMITH"}],"neow_cost":"NONE","seed_source_timestamp":551344964099900,"circlet_count":0,"master_deck":["AscendersBane","Strike_B","Strike_B","Strike_B","Strike_B","Defend_B","Defend_B","Defend_B","Defend_B","Zap+1","Dualcast","Coolheaded","Loop+1","Genetic Algorithm","Reinforced Body","Gash","Darkness","Streamline","Capacitor","Go for the Eyes","Steam"],"special_seed":0,"relics":["Cracked Core","NeowsBlessing","Dodecahedron","MawBank","Letter Opener","Medical Kit","Runic Pyramid"],"potions_floor_usage":[19],"damage_taken":[{"damage":0.0,"enemies":"Cultist","floor":1.0,"turns":1.0},{"damage":0.0,"enemies":"2 Louse","floor":4.0,"turns":1.0},{"damage":0.0,"enemies":"Lagavulin","floor":6.0,"turns":1.0},{"damage":7.0,"enemies":"Jaw Worm","floor":7.0,"turns":6.0},{"damage":18.0,"enemies":"3 Louse","floor":8.0,"turns":4.0},{"damage":15.0,"enemies":"Exordium Wildlife","floor":12.0,"turns":5.0},{"damage":17.0,"enemies":"Large Slime","floor":13.0,"turns":6.0},{"damage":37.0,"enemies":"Slime Boss","floor":16.0,"turns":12.0},{"damage":29,"enemies":"2 Thieves","floor":18,"turns":4},{"damage":10,"enemies":"Shell Parasite","floor":19,"turns":6},{"damage":16,"enemies":"Shelled Parasite and Fungi","floor":20,"turns":1}],"seed_played":"4228629452426824128","potions_obtained":[{"floor":3.0,"key":"Weak Potion"},{"floor":6.0,"key":"Dexterity Potion"},{"floor":12.0,"key":"Regen Potion"},{"floor":16.0,"key":"FearPotion"},{"floor":19,"key":"SteroidPotion"}],"is_trial":false,"path_per_floor":["M","T","?","M","?","E","M","M","T","R","?","M","M","$","R","B",null,"M","M","M"],"character_chosen":"DEFECT","items_purchased":["Medical Kit","Capacitor"],"campfire_rested":0,"item_purchase_floors":[14,14],"current_hp_per_floor":[64,64,64,64,64,64,57,39,39,39,62,47,44,44,44,7,55,26,16,0],"gold":169,"neow_bonus":"THREE_ENEMY_KILL","is_prod":false,"is_daily":false,"chose_seed":false,"campfire_upgraded":2,"win_rate":0,"timestamp":1568944129,"path_taken":["M","?","?","?","?","E","M","M","T","R","?","M","M","$","R","BOSS","M","M","M"],"build_version":"2019-07-17","purchased_purges":1,"victory":false,"max_hp_per_floor":[71,71,71,71,71,71,71,71,71,71,71,71,71,71,71,71,71,71,71,71],"card_choices":[{"not_picked":["Barrage","White Noise"],"picked":"Coolheaded","floor":1.0},{"not_picked":["Coolheaded","Force Field"],"picked":"Loop","floor":4.0},{"not_picked":["Static Discharge","Fusion"],"picked":"Genetic Algorithm","floor":6.0},{"not_picked":["Genetic Algorithm","Turbo"],"picked":"Reinforced Body","floor":7.0},{"not_picked":["White Noise","Stack"],"picked":"Gash","floor":8.0},{"not_picked":["Beam Cell","Barrage"],"picked":"Darkness","floor":12.0},{"not_picked":["Recycle","Turbo"],"picked":"Streamline","floor":13.0},{"not_picked":["Chaos+1","Barrage"],"picked":"Go for the Eyes","floor":18},{"not_picked":["Leap","Streamline"],"picked":"Steam","floor":19}],"player_experience":437549,"relics_obtained":[{"floor":2.0,"key":"Dodecahedron"},{"floor":6.0,"key":"MawBank"},{"floor":9.0,"key":"Letter Opener"}],"event_choices":[{"damage_healed":0.0,"max_hp_gain":0.0,"max_hp_loss":0.0,"gold_gain":0.0,"event_name":"The Woman in Blue","player_choice":"Bought 1 Potion","floor":3.0,"gold_loss":0.0,"damage_taken":0.0},{"damage_healed":0.0,"max_hp_gain":0.0,"max_hp_loss":0.0,"gold_gain":150.0,"event_name":"Liars Game","player_choice":"AGREE","floor":5.0,"gold_loss":0.0,"damage_taken":0.0,"cards_obtained":["Doubt"]},{"damage_healed":23.0,"max_hp_gain":0.0,"max_hp_loss":0.0,"gold_gain":0.0,"event_name":"Big Fish","player_choice":"Banana","floor":11.0,"gold_loss":0.0,"damage_taken":0.0}],"is_beta":false,"boss_relics":[{"not_picked":["Tiny House","Empty Cage"],"picked":"Runic Pyramid"}],"items_purged_floors":[14],"is_endless":false,"potions_floor_spawned":[6,7,12,16,18,19],"killed_by":"Shelled Parasite and Fungi","ascension_level":19}