{"gold_per_floor":[119,66,82,98,11,11,45,45,95,112,139,139,159,12,12,117,117,134,56,76,90,90,90,117,117,117,41,41,51,51,77,77,77],"floor_reached":33,"playtime":1529,"items_purged":["Pain"],"score":410,"play_id":"b4ee6427-6059-45d9-8e93-b3b1eb92fe9d","local_time":"20190818224656","is_ascension_mode":true,"campfire_choices":[{"data":"Hyperbeam","floor":6,"key":"SMITH"},{"data":"Rip and Tear","floor":8,"key":"SMITH"},{"floor":15,"key":"REST"},{"data":"Chaos","floor":23,"key":"SMITH"},{"data":"Capacitor","floor":25,"key":"SMITH"},{"data":"Defragment","floor":32,"key":"SMITH"}],"neow_cost":"NONE","seed_source_timestamp":47065138563277,"circlet_count":0,"master_deck":["AscendersBane","Strike_B","Strike_B","Strike_B","Strike_B","Defend_B+1","Defend_B","Defend_B+1","Defend_B","Zap+1","Dualcast","Cold Snap","Hyperbeam+1","Rip and Tear+1","Gash","Electrodynamics","Cold Snap","Chaos+1","Capacitor+1","Gash","Steam","Writhe","Fusion+1","Defragment+1","Consume","Cold Snap"],"relics":["Cracked Core","DataDisk","Bronze Scales","War Paint","Bag of Preparation","WarpedTongs","Coffee Dripper","Anchor","Red Mask","Bottled Flame","Darkstone Periapt"],"potions_floor_usage":[11,13,16,29,29,31,33],"damage_taken":[{"damage":1,"enemies":"Cultist","floor":1,"turns":3},{"damage":0,"enemies":"2 Louse","floor":3,"turns":2},{"damage":0,"enemies":"Jaw Worm","floor":4,"turns":3},{"damage":15,"enemies":"Gremlin Nob","floor":7,"turns":3},{"damage":0,"enemies":"Looter","floor":10,"turns":1},{"damage":17,"enemies":"Lagavulin","floor":11,"turns":5},{"damage":7,"enemies":"Exordium Thugs","floor":13,"turns":2},{"damage":3,"enemies":"The Guardian","floor":16,"turns":9},{"damage":11,"enemies":"Spheric Guardian","floor":18,"turns":3},{"damage":4,"enemies":"Chosen","floor":20,"turns":3},{"damage":8,"enemies":"Snake Plant","floor":21,"turns":3},{"damage":0,"enemies":"Masked Bandits","floor":24,"turns":2},{"damage":5,"enemies":"Cultist and Chosen","floor":29,"turns":6},{"damage":30,"enemies":"Book of Stabbing","floor":31,"turns":5},{"damage":72,"enemies":"Collector","floor":33,"turns":7}],"seed_played":"4143350264502260586","potions_obtained":[{"floor":10,"key":"Poison Potion"},{"floor":11,"key":"Block Potion"},{"floor":13,"key":"GamblersBrew"},{"floor":20,"key":"Weak Potion"},{"floor":29,"key":"LiquidBronze"}],"is_trial":false,"path_per_floor":["M","?","M","M","$","R","E","R","T","M","E","?","M","$","R","B",null,"M","$","M","M","?","R","?","R","T","$","?","M","?","E","R","B"],"character_chosen":"DEFECT","items_purchased":["Rip and Tear","Explosive Potion","FocusPotion","Capacitor","Defragment"],"campfire_rested":1,"item_purchase_floors":[5,5,14,19,27],"current_hp_per_floor":[67,67,67,67,67,67,52,52,52,52,35,35,28,28,50,47,68,57,57,53,45,45,45,45,45,45,45,85,80,80,50,50,0],"gold":77,"neow_bonus":"UPGRADE_CARD","is_prod":false,"is_daily":false,"chose_seed":false,"campfire_upgraded":5,"win_rate":0,"timestamp":1566161216,"path_taken":["M","?","M","M","$","R","E","R","T","?","E","?","M","$","R","BOSS","M","?","M","M","?","R","?","R","T","$","?","?","?","E","R","BOSS"],"build_version":"2019-07-17","purchased_purges":1,"victory":false,"max_hp_per_floor":[75,75,75,75,75,75,75,75,75,75,75,75,75,75,75,75,75,75,75,75,75,75,75,75,75,75,75,85,85,85,85,85,85],"card_choices":[{"not_picked":["Conserve Battery","Rebound"],"picked":"Cold Snap","floor":1},{"not_picked":["Stack","Turbo","Leap"],"picked":"SKIP","floor":3},{"not_picked":["Lockon","Compile Driver"],"picked":"Hyperbeam","floor":4},{"not_picked":["Leap","Hello World","Streamline"],"picked":"SKIP","floor":7},{"not_picked":["Leap","Turbo"],"picked":"Gash","floor":10},{"not_picked":["Stack","Static Discharge"],"picked":"Electrodynamics","floor":11},{"not_picked":["Heatsinks","Turbo"],"picked":"Cold Snap","floor":13},{"not_picked":["Hyperbeam","Machine Learning"],"picked":"Reboot","floor":16},{"not_picked":["Cold Snap+1","Stack"],"picked":"Chaos","floor":18},{"not_picked":["Hologram","Redo"],"picked":"Gash","floor":20},{"not_picked":["Conserve Battery","Redo"],"picked":"Steam","floor":21},{"not_picked":["Leap","Beam Cell"],"picked":"Fusion+1","floor":24},{"not_picked":["Amplify","Double Energy","Force Field"],"picked":"SKIP","floor":29},{"not_picked":["Leap+1","Hologram"],"picked":"Cold Snap","floor":31}],"player_experience":965809,"relics_obtained":[{"floor":7,"key":"Bronze Scales"},{"floor":9,"key":"War Paint"},{"floor":11,"key":"Bag of Preparation"},{"floor":24,"key":"Red Mask"},{"floor":26,"key":"Bottled Flame"},{"floor":31,"key":"Darkstone Periapt"}],"event_choices":[{"damage_healed":0,"gold_gain":0,"player_choice":"Paid Gold","damage_taken":0,"relics_obtained":["DataDisk"],"max_hp_gain":0,"max_hp_loss":0,"event_name":"WeMeetAgain","floor":2,"gold_loss":53},{"damage_healed":0,"gold_gain":0,"player_choice":"Rummage","damage_taken":0,"relics_obtained":["WarpedTongs"],"max_hp_gain":0,"max_hp_loss":0,"event_name":"Accursed Blacksmith","floor":12,"gold_loss":0,"cards_obtained":["Pain"]},{"damage_healed":0,"gold_gain":0,"player_choice":"Opened","damage_taken":0,"relics_obtained":["Anchor"],"max_hp_gain":0,"max_hp_loss":0,"event_name":"The Mausoleum","floor":22,"gold_loss":0,"cards_obtained":["Writhe"]},{"damage_healed":0,"gold_gain":0,"player_choice":"Fought Bandits","damage_taken":0,"max_hp_gain":0,"max_hp_loss":0,"event_name":"Masked Bandits","floor":24,"gold_loss":0},{"cards_removed":["Reboot"],"damage_healed":30,"gold_gain":0,"player_choice":"Offered Rare","damage_taken":0,"max_hp_gain":10,"max_hp_loss":0,"event_name":"Bonfire Elementals","floor":28,"gold_loss":0},{"damage_healed":0,"gold_gain":0,"player_choice":"Read","damage_taken":0,"max_hp_gain":0,"max_hp_loss":0,"event_name":"The Library","floor":30,"gold_loss":0,"cards_obtained":["Consume"]}],"is_beta":false,"boss_relics":[{"not_picked":["FrozenCore","Runic Dome"],"picked":"Coffee Dripper"}],"items_purged_floors":[14],"is_endless":false,"potions_floor_spawned":[10,11,13,20,29],"killed_by":"Collector","ascension_level":10}