{"gold_per_floor":[115,132,132,151,213,247,0,0,0,0,13,13,13,33,33,33],"floor_reached":16,"playtime":735,"items_purged":[],"score":190,"play_id":"eb6474df-151a-4216-a71b-261732118151","local_time":"20190917212958","is_ascension_mode":true,"campfire_choices":[{"floor":10,"key":"REST"},{"floor":13,"key":"REST"},{"data":"Footwork","floor":15,"key":"SMITH"}],"neow_cost":"NONE","seed_source_timestamp":3819369834751,"circlet_count":0,"master_deck":["AscendersBane","Strike_G","Strike_G","Strike_G","Strike_G","Strike_G","Defend_G","Defend_G","Defend_G","Defend_G","Defend_G","Survivor","Neutralize","All Out Attack","Quick Slash+1","Regret","Escape Plan","Backstab","Footwork+1","PiercingWail"],"relics":["Ring of the Snake","Dead Branch","Lantern","Centennial Puzzle","Shuriken"],"potions_floor_usage":[16,16],"damage_taken":[{"damage":4,"enemies":"2 Louse","floor":1,"turns":5},{"damage":0,"enemies":"Small Slimes","floor":2,"turns":3},{"damage":5,"enemies":"Jaw Worm","floor":4,"turns":4},{"damage":42,"enemies":"3 Sentries","floor":6,"turns":9},{"damage":17,"enemies":"Exordium Wildlife","floor":11,"turns":6},{"damage":11,"enemies":"Blue Slaver","floor":14,"turns":4},{"damage":28,"enemies":"The Guardian","floor":16,"turns":12}],"seed_played":"-5255567085037097752","potions_obtained":[{"floor":4,"key":"GamblersBrew"},{"floor":11,"key":"FearPotion"},{"floor":14,"key":"Swift Potion"}],"is_trial":false,"path_per_floor":["M","M","?","M","?","E","$","?","T","R","M","?","R","M","R","B"],"character_chosen":"THE_SILENT","items_purchased":["Centennial Puzzle","Footwork"],"campfire_rested":2,"item_purchase_floors":[7,7],"current_hp_per_floor":[61,61,61,56,56,14,14,14,14,35,18,18,39,28,28,0],"gold":33,"neow_bonus":"TEN_PERCENT_HP_BONUS","is_prod":false,"is_daily":false,"chose_seed":false,"campfire_upgraded":1,"win_rate":0,"timestamp":1568748598,"path_taken":["M","M","?","M","?","E","$","?","T","R","M","?","R","M","R","BOSS"],"build_version":"2019-07-17","purchased_purges":0,"victory":false,"max_hp_per_floor":[72,72,72,72,72,72,72,72,72,72,72,72,72,72,72,72],"card_choices":[{"not_picked":["Slice","Prepared"],"picked":"All Out Attack","floor":1},{"not_picked":["Accuracy","Outmaneuver"],"picked":"Quick Slash","floor":2},{"not_picked":["Eviscerate","Dodge and Roll"],"picked":"Escape Plan","floor":4},{"not_picked":["Blur","Slice"],"picked":"Backstab","floor":6},{"not_picked":["Escape Plan","A Thousand Cuts"],"picked":"PiercingWail","floor":11},{"not_picked":["Dagger Throw","Quick Slash","Concentrate"],"picked":"SKIP","floor":14}],"player_experience":1058744,"relics_obtained":[{"floor":6,"key":"Lantern"},{"floor":9,"key":"Shuriken"}],"event_choices":[{"damage_healed":0,"gold_gain":0,"player_choice":"Box","damage_taken":0,"relics_obtained":["Dead Branch"],"max_hp_gain":0,"max_hp_loss":0,"event_name":"Big Fish","floor":3,"gold_loss":0,"cards_obtained":["Regret"]},{"damage_healed":0,"gold_gain":62,"player_choice":"Gained Gold","damage_taken":0,"max_hp_gain":0,"max_hp_loss":0,"event_name":"Golden Wing","floor":5,"gold_loss":0},{"damage_healed":0,"gold_gain":0,"player_choice":"Grow","damage_taken":0,"max_hp_gain":0,"max_hp_loss":0,"event_name":"Living Wall","floor":8,"gold_loss":0,"cards_upgraded":["Quick Slash"]},{"damage_healed":0,"gold_gain":0,"player_choice":"Fled","damage_taken":0,"max_hp_gain":0,"max_hp_loss":0,"event_name":"Scrap Ooze","floor":12,"gold_loss":0}],"is_beta":false,"boss_relics":[],"items_purged_floors":[],"is_endless":false,"potions_floor_spawned":[4,11,14],"killed_by":"The Guardian","ascension_level":18}