{"gold_per_floor":[119,139,139,3,16,16,16,45,45,64,0,10,10,40,40,114,164,179,179,198,210,19,19,74,74,74,102,152,169,179,191,191,191],"floor_reached":33,"playtime":1673,"items_purged":["Strike_G"],"score":659,"play_id":"dbed204e-6d83-4288-a381-3a8523054186","local_time":"20190822104739","is_ascension_mode":true,"campfire_choices":[{"data":"Dagger Spray","floor":6,"key":"SMITH"},{"data":"Bouncing Flask","floor":13,"key":"SMITH"},{"data":"Noxious Fumes","floor":15,"key":"SMITH"},{"floor":23,"key":"REST"},{"floor":25,"key":"REST"},{"floor":32,"key":"REST"}],"neow_cost":"NONE","seed_source_timestamp":4138229633384,"circlet_count":0,"master_deck":["AscendersBane","Strike_G","Strike_G","Strike_G","Strike_G","Defend_G","Defend_G","Defend_G","Defend_G+1","Defend_G","Survivor","Neutralize","Poisoned Stab+1","Dash","Dagger Spray+1","Cloak And Dagger","Deflect","Sucker Punch","Bouncing Flask+1","Noxious Fumes+1","Blur","Adrenaline","Flying Knee","Writhe","Outmaneuver+1","Dodge and Roll"],"relics":["Ring of the Snake","Ninja Scroll","The Courier","Bottled Tornado","Tiny House","Ancient Tea Set","Bronze Scales","Tiny Chest","Letter Opener","Kunai"],"potions_floor_usage":[8,8,14,14,18,27,27,30],"damage_taken":[{"damage":3,"enemies":"Jaw Worm","floor":1,"turns":4},{"damage":1,"enemies":"Small Slimes","floor":2,"turns":4},{"damage":0,"enemies":"2 Louse","floor":5,"turns":2},{"damage":0,"enemies":"3 Sentries","floor":8,"turns":6},{"damage":4,"enemies":"Exordium Wildlife","floor":10,"turns":3},{"damage":0,"enemies":"2 Fungi Beasts","floor":12,"turns":2},{"damage":6,"enemies":"Gremlin Nob","floor":14,"turns":3},{"damage":21,"enemies":"Slime Boss","floor":16,"turns":10},{"damage":22,"enemies":"2 Thieves","floor":18,"turns":5},{"damage":5,"enemies":"3 Byrds","floor":20,"turns":5},{"damage":16,"enemies":"Sentry and Sphere","floor":21,"turns":4},{"damage":32,"enemies":"Book of Stabbing","floor":24,"turns":5},{"damage":0,"enemies":"Gremlin Leader","floor":27,"turns":7},{"damage":0,"enemies":"Snecko","floor":29,"turns":5},{"damage":17,"enemies":"Centurion and Healer","floor":30,"turns":6},{"damage":14,"enemies":"Cultist and Chosen","floor":31,"turns":5},{"damage":39,"enemies":"Champ","floor":33,"turns":10}],"seed_played":"-2876692379865725041","potions_obtained":[{"floor":1,"key":"Explosive Potion"},{"floor":10,"key":"Fire Potion"},{"floor":12,"key":"Swift Potion"},{"floor":17,"key":"GamblersBrew"},{"floor":21,"key":"GhostInAJar"},{"floor":24,"key":"GamblersBrew"},{"floor":27,"key":"AttackPotion"}],"is_trial":false,"path_per_floor":["M","M","?","$","M","R","?","E","T","M","$","M","R","E","R","B",null,"M","?","M","M","$","R","E","R","T","E","?","M","M","M","R","B"],"character_chosen":"THE_SILENT","items_purchased":["Dagger Spray","Cloak And Dagger","Block Potion","Noxious Fumes","Bronze Scales"],"campfire_rested":3,"item_purchase_floors":[4,4,4,11,22],"current_hp_per_floor":[62,61,61,61,61,61,61,61,61,57,57,57,57,51,51,30,67,45,45,40,24,24,47,15,38,38,38,38,38,21,7,30,0],"gold":191,"neow_bonus":"TEN_PERCENT_HP_BONUS","is_prod":false,"is_daily":false,"chose_seed":false,"campfire_upgraded":3,"win_rate":0,"timestamp":1566463659,"path_taken":["M","M","?","$","M","R","?","E","T","M","?","M","R","E","R","BOSS","M","?","M","M","$","R","E","R","T","E","?","M","M","?","R","BOSS"],"build_version":"2019-07-17","purchased_purges":1,"victory":false,"max_hp_per_floor":[72,72,72,72,72,72,72,72,72,72,72,72,72,72,72,72,77,77,77,77,77,77,77,77,77,77,77,77,77,77,77,77,77],"card_choices":[{"not_picked":["PiercingWail","Riddle With Holes"],"picked":"Poisoned Stab","floor":1},{"not_picked":["Outmaneuver","Quick Slash"],"picked":"Dash","floor":2},{"not_picked":["Backflip","Outmaneuver"],"picked":"Deflect","floor":5},{"not_picked":["Wraith Form v2","Blur"],"picked":"Sucker Punch","floor":8},{"not_picked":["Bane","Deadly Poison"],"picked":"Bouncing Flask","floor":10},{"not_picked":["Endless Agony","Flying Knee","Setup"],"picked":"SKIP","floor":12},{"not_picked":["Sucker Punch","Bane"],"picked":"Blur","floor":14},{"not_picked":["Die Die Die","Venomology"],"picked":"Adrenaline","floor":16},{"not_picked":["Tactician","Masterful Stab"],"picked":"Flying Knee","floor":18},{"not_picked":["Sucker Punch","Underhanded Strike+1","A Thousand Cuts"],"picked":"SKIP","floor":20},{"not_picked":["Eviscerate+1","Choke","Blade Dance"],"picked":"SKIP","floor":21},{"not_picked":["Sucker Punch","Dagger Throw+1"],"picked":"Outmaneuver+1","floor":24},{"not_picked":["Choke","Setup","Accuracy"],"picked":"SKIP","floor":27},{"not_picked":["Acrobatics","Dagger Throw","Blade Dance"],"picked":"SKIP","floor":29},{"not_picked":["Quick Slash","Backflip"],"picked":"Dodge and Roll","floor":30},{"not_picked":["Flying Knee","Caltrops","Deflect"],"picked":"SKIP","floor":31}],"player_experience":1005582,"relics_obtained":[{"floor":8,"key":"Ninja Scroll"},{"floor":9,"key":"The Courier"},{"floor":14,"key":"Bottled Tornado"},{"floor":24,"key":"Tiny Chest"},{"floor":26,"key":"Letter Opener"},{"floor":27,"key":"Kunai"}],"event_choices":[{"damage_healed":0,"gold_gain":0,"player_choice":"Grow","damage_taken":0,"max_hp_gain":0,"max_hp_loss":0,"event_name":"Living Wall","floor":3,"gold_loss":0,"cards_upgraded":["Poisoned Stab"]},{"damage_healed":0,"gold_gain":0,"player_choice":"Ignored","damage_taken":0,"max_hp_gain":0,"max_hp_loss":0,"event_name":"Liars Game","floor":7,"gold_loss":0},{"damage_healed":0,"gold_gain":0,"player_choice":"Opened","damage_taken":0,"relics_obtained":["Ancient Tea Set"],"max_hp_gain":0,"max_hp_loss":0,"event_name":"The Mausoleum","floor":19,"gold_loss":0,"cards_obtained":["Writhe"]},{"damage_healed":0,"gold_gain":50,"player_choice":"Stole From Cult","damage_taken":0,"max_hp_gain":0,"max_hp_loss":0,"event_name":"Nest","floor":28,"gold_loss":0}],"is_beta":false,"boss_relics":[{"not_picked":["Velvet Choker","Eternal Feather"],"picked":"Tiny House"}],"items_purged_floors":[22],"is_endless":false,"potions_floor_spawned":[1,10,12,21,24,27],"killed_by":"Champ","ascension_level":18}