{"gold_per_floor":[111,128,139,153,171,171,171,199,199,209,209,221,30,30],"floor_reached":14,"playtime":627,"items_purged":[],"score":118,"play_id":"289a1182-2cb7-457b-921c-5b8225405e4d","local_time":"20190928212719","is_ascension_mode":true,"campfire_choices":[{"data":"Well Laid Plans","floor":6,"key":"SMITH"},{"floor":11,"key":"REST"}],"neow_cost":"NONE","seed_source_timestamp":533447232338400,"circlet_count":0,"master_deck":["Strike_G","Strike_G","Strike_G","Strike_G","Defend_G","Defend_G","Defend_G","Defend_G","Defend_G","Survivor","Neutralize","Catalyst","Blur","Dagger Spray","Poisoned Stab","Well Laid Plans+1","Terror","Tools of the Trade","Deflect","Dash","Deflect"],"relics":["Ring of the Snake","Ice Cream","Singing Bowl","Sling"],"potions_floor_usage":[8,14],"damage_taken":[{"damage":3,"enemies":"Jaw Worm","floor":1,"turns":5},{"damage":4,"enemies":"Cultist","floor":2,"turns":5},{"damage":0,"enemies":"2 Louse","floor":3,"turns":2},{"damage":27,"enemies":"Exordium Thugs","floor":4,"turns":5},{"damage":6,"enemies":"Blue Slaver","floor":5,"turns":5},{"damage":13,"enemies":"3 Sentries","floor":8,"turns":9},{"damage":7,"enemies":"3 Louse","floor":10,"turns":5},{"damage":17,"enemies":"Exordium Thugs","floor":12,"turns":5},{"damage":16,"enemies":"Gremlin Nob","floor":14,"turns":4}],"seed_played":"8916134395899508330","potions_obtained":[{"floor":1,"key":"Dexterity Potion"},{"floor":5,"key":"GamblersBrew"},{"floor":8,"key":"Ancient Potion"},{"floor":12,"key":"EssenceOfSteel"}],"is_trial":false,"path_per_floor":["M","M","M","M","M","R","?","E","T","M","R","M","$","E"],"character_chosen":"THE_SILENT","items_purchased":["Sling"],"campfire_rested":1,"item_purchase_floors":[13],"current_hp_per_floor":[67,63,63,36,30,30,30,17,17,10,31,14,14,0],"gold":30,"neow_bonus":"THREE_CARDS","is_prod":false,"is_daily":false,"chose_seed":false,"campfire_upgraded":1,"win_rate":0,"timestamp":1569673639,"path_taken":["M","M","M","M","M","R","?","E","T","?","R","M","$","E"],"build_version":"2019-07-17","purchased_purges":0,"victory":false,"max_hp_per_floor":[70,70,70,70,70,70,70,70,70,70,70,70,70,70],"card_choices":[{"not_picked":["Flying Knee","Dagger Spray"],"picked":"Catalyst","floor":0},{"not_picked":["Bane","Underhanded Strike"],"picked":"Blur","floor":1},{"not_picked":["Setup","Underhanded Strike"],"picked":"Dagger Spray","floor":2},{"not_picked":["Slice","Bane"],"picked":"Poisoned Stab","floor":3},{"not_picked":["Flechettes","Bane"],"picked":"Well Laid Plans","floor":4},{"not_picked":["Masterful Stab","Dodge and Roll"],"picked":"Terror","floor":5},{"not_picked":["Dodge and Roll","Prepared"],"picked":"Deflect","floor":8},{"not_picked":["Well Laid Plans","Storm of Steel"],"picked":"Dash","floor":10},{"not_picked":["Dash","Riddle With Holes"],"picked":"Deflect","floor":12}],"player_experience":516862,"relics_obtained":[{"floor":8,"key":"Ice Cream"},{"floor":9,"key":"Singing Bowl"}],"event_choices":[{"damage_healed":0,"gold_gain":0,"cards_transformed":["Strike_G"],"player_choice":"Transformed","damage_taken":0,"max_hp_gain":0,"max_hp_loss":0,"event_name":"Transmorgrifier","floor":7,"gold_loss":0,"cards_obtained":["Tools of the Trade"]}],"is_beta":false,"boss_relics":[],"items_purged_floors":[],"is_endless":false,"potions_floor_spawned":[1,5,8,12],"killed_by":"Gremlin Nob","ascension_level":5}