{"gold_per_floor":[114,127,137,155,71,71,97,97,143,167,177,177,210,279,279,358,358,377,391,113,113,133,133],"floor_reached":23,"playtime":1846,"items_purged":["Strike_G"],"score":402,"play_id":"2b1752c5-cedb-4260-a304-4b5978d617fd","local_time":"20190414123353","is_ascension_mode":true,"campfire_choices":[{"data":"Riddle With Holes","floor":6.0,"key":"SMITH"},{"data":"Neutralize","floor":8.0,"key":"SMITH"},{"data":"Flying Knee","floor":12.0,"key":"SMITH"},{"floor":15.0,"key":"REST"}],"neow_cost":"NONE","seed_source_timestamp":537466296781200,"circlet_count":0,"master_deck":["AscendersBane","Defend_G","Defend_G","Defend_G","Defend_G","Defend_G","Strike_G","Strike_G","Strike_G","Strike_G","Survivor","Neutralize+1","Flying Knee+1","Riddle With Holes+1","Quick Slash","Flying Knee","Footwork","Blur","Dodge and Roll","Dagger Spray","Phantasmal Killer","Dash","Leg Sweep","Storm of Steel","Leg Sweep"],"special_seed":0,"relics":["Ring of the Snake","NeowsBlessing","Question Card","Centennial Puzzle","Odd Mushroom","Pen Nib","Snecko Eye"],"potions_floor_usage":[23],"damage_taken":[{"damage":0.0,"enemies":"Cultist","floor":1.0,"turns":1.0},{"damage":0.0,"enemies":"2 Louse","floor":2.0,"turns":1.0},{"damage":0.0,"enemies":"Small Slimes","floor":3.0,"turns":1.0},{"damage":1.0,"enemies":"Red Slaver","floor":4.0,"turns":3.0},{"damage":6.0,"enemies":"Gremlin Nob","floor":7.0,"turns":3.0},{"damage":3.0,"enemies":"The Mushroom Lair","floor":10.0,"turns":4.0},{"damage":9.0,"enemies":"Lots of Slimes","floor":11.0,"turns":4.0},{"damage":11.0,"enemies":"Lagavulin","floor":13.0,"turns":7.0},{"damage":31.0,"enemies":"Slime Boss","floor":16.0,"turns":10.0},{"damage":23.0,"enemies":"Spheric Guardian","floor":18.0,"turns":5.0},{"damage":8.0,"enemies":"2 Thieves","floor":19.0,"turns":2.0},{"damage":12.0,"enemies":"Cultist and Chosen","floor":22.0,"turns":9.0},{"damage":14,"enemies":"Slavers","floor":23,"turns":4}],"seed_played":"-4786065101433981271","potions_obtained":[{"floor":1.0,"key":"Explosive Potion"},{"floor":4.0,"key":"FearPotion"},{"floor":11.0,"key":"SteroidPotion"},{"floor":16.0,"key":"EssenceOfSteel"},{"floor":18.0,"key":"SkillPotion"}],"is_trial":false,"path_per_floor":["M","M","M","M","$","R","E","R","T","?","M","R","E","?","R","B",null,"M","M","$","?","M","E"],"character_chosen":"THE_SILENT","items_purchased":["Footwork","Leg Sweep","Storm of Steel"],"campfire_rested":1,"item_purchase_floors":[5,20,20],"current_hp_per_floor":[59,59,59,58,58,58,52,52,52,49,40,40,29,29,48,17,54,31,23,23,23,11,0],"gold":133,"neow_bonus":"THREE_ENEMY_KILL","is_prod":false,"is_daily":false,"chose_seed":false,"campfire_upgraded":3,"win_rate":0,"timestamp":1555234433,"path_taken":["M","M","?","?","?","R","E","R","T","?","M","R","E","?","R","BOSS","M","M","$","?","?","E"],"build_version":"2019-01-23","purchased_purges":1,"victory":false,"max_hp_per_floor":[66,66,66,66,66,66,66,66,66,66,66,66,66,66,66,66,66,66,66,66,66,66,66],"card_choices":[{"not_picked":["Concentrate","Infinite Blades"],"picked":"Flying Knee","floor":1.0},{"not_picked":["Outmaneuver","Blade Dance"],"picked":"Riddle With Holes","floor":2.0},{"not_picked":["Blade Dance","Outmaneuver"],"picked":"Quick Slash","floor":3.0},{"not_picked":["Tactician","Bane"],"picked":"Flying Knee","floor":4.0},{"not_picked":["Deadly Poison","Distraction","Underhanded Strike"],"picked":"SKIP","floor":7.0},{"not_picked":["Deadly Poison","Distraction","Underhanded Strike"],"picked":"SKIP","floor":7.0},{"not_picked":["Catalyst","Flechettes","Tactician"],"picked":"Blur","floor":10.0},{"not_picked":["Flechettes","Cloak And Dagger","Distraction"],"picked":"Dodge and Roll","floor":11.0},{"not_picked":["Poisoned Stab","Venomology","Quick Slash"],"picked":"Dagger Spray","floor":13.0},{"not_picked":["Doppelganger","Burst","Wraith Form v2"],"picked":"Phantasmal Killer","floor":16.0},{"not_picked":["Dagger Throw","Acrobatics","Slice","Prepared"],"picked":"SKIP","floor":18.0},{"not_picked":["Concentrate","Backflip","Prepared"],"picked":"Dash","floor":19.0},{"not_picked":["Endless Agony","Bane","Flying Knee"],"picked":"Leg Sweep","floor":22.0}],"player_experience":1167727,"relics_obtained":[{"floor":7.0,"key":"Question Card"},{"floor":9.0,"key":"Centennial Puzzle"},{"floor":10.0,"key":"Odd Mushroom"},{"floor":13.0,"key":"Pen Nib"}],"event_choices":[{"damage_healed":0.0,"max_hp_gain":0.0,"max_hp_loss":0.0,"gold_gain":0.0,"event_name":"Mushrooms","player_choice":"Fought Mushrooms","floor":10.0,"gold_loss":0.0,"damage_taken":0.0},{"damage_healed":0.0,"max_hp_gain":0.0,"max_hp_loss":0.0,"gold_gain":69.0,"event_name":"Golden Wing","player_choice":"Gained Gold","floor":14.0,"gold_loss":0.0,"damage_taken":0.0},{"damage_healed":0.0,"max_hp_gain":0.0,"max_hp_loss":0.0,"gold_gain":0.0,"event_name":"N\u0027loth","player_choice":"Ignored","floor":21.0,"gold_loss":0.0,"damage_taken":0.0}],"is_beta":false,"boss_relics":[{"not_picked":["HoveringKite","Calling Bell"],"picked":"Snecko Eye"}],"items_purged_floors":[20],"is_endless":false,"potions_floor_spawned":[1,4,11,16,18],"killed_by":"Slavers","ascension_level":20}