{"gold_per_floor":[117,117,130,130,205,205,215,215,238,268,268,286,311,325,325,399,399,410,30,46,65,65,65,65,91,114,131,145,145,195,211,211,211],"floor_reached":33,"playtime":1907,"items_purged":["Strike_B"],"score":554,"play_id":"ff72b856-2ee3-47b8-ad68-742648f7fa75","local_time":"20190501120802","is_ascension_mode":true,"campfire_choices":[{"floor":6,"key":"REST"},{"data":"Chaos","floor":8,"key":"SMITH"},{"data":"Buffer","floor":15,"key":"SMITH"},{"data":"Fission","floor":23,"key":"SMITH"},{"floor":29,"key":"REST"},{"data":"Lockon","floor":32,"key":"SMITH"}],"neow_cost":"NONE","seed_source_timestamp":707952827883700,"circlet_count":0,"master_deck":["AscendersBane","Strike_B","Strike_B","Strike_B","Defend_B","Defend_B","Defend_B","Defend_B","Zap","Dualcast","Ball Lightning","Cold Snap","Chaos+1","Rebound","Buffer+1","Ball Lightning","Capacitor","Auto Shields","Fission+1","Compile Driver","Dark Shackles","Barrage","Doom and Gloom","Shame","Glacier","Ball Lightning","Barrage","Compile Driver","Lockon+1"],"relics":["Cracked Core","NeowsBlessing","Dream Catcher","Centennial Puzzle","Sundial","Nuclear Battery","Runic Capacitor","Anchor","Question Card","Strawberry"],"potions_floor_usage":[10,20,25,33],"damage_taken":[{"damage":0,"enemies":"Small Slimes","floor":1,"turns":1},{"damage":0,"enemies":"2 Louse","floor":3,"turns":1},{"damage":0,"enemies":"Jaw Worm","floor":7,"turns":1},{"damage":9,"enemies":"Gremlin Nob","floor":10,"turns":3},{"damage":4,"enemies":"Red Slaver","floor":12,"turns":4},{"damage":13,"enemies":"Lagavulin","floor":13,"turns":5},{"damage":0,"enemies":"Looter","floor":14,"turns":2},{"damage":18,"enemies":"The Guardian","floor":16,"turns":11},{"damage":6,"enemies":"2 Thieves","floor":18,"turns":5},{"damage":3,"enemies":"3 Byrds","floor":20,"turns":5},{"damage":0,"enemies":"Cultist and Chosen","floor":21,"turns":5},{"damage":28,"enemies":"Slavers","floor":25,"turns":4},{"damage":0,"enemies":"Chosen and Byrds","floor":27,"turns":6},{"damage":0,"enemies":"3 Cultists","floor":28,"turns":6},{"damage":5,"enemies":"Snecko","floor":31,"turns":4},{"damage":60,"enemies":"Collector","floor":33,"turns":8}],"seed_played":"-2855199474771834741","potions_obtained":[{"floor":3,"key":"GamblersBrew"},{"floor":10,"key":"EssenceOfSteel"},{"floor":13,"key":"PowerPotion"},{"floor":18,"key":"AttackPotion"},{"floor":27,"key":"Fire Potion"}],"is_trial":false,"path_per_floor":["M","?","M","?","?","R","M","R","T","E","?","M","E","M","R","B",null,"M","$","M","M","?","R","?","E","T","M","M","R","?","M","R","B"],"character_chosen":"DEFECT","items_purchased":["Runic Capacitor","Dark Shackles"],"campfire_rested":2,"item_purchase_floors":[19,19],"current_hp_per_floor":[64,64,64,46,35,56,56,56,56,47,47,43,30,30,30,12,56,50,50,47,47,47,47,47,19,26,26,26,49,49,44,44,0],"gold":211,"neow_bonus":"THREE_ENEMY_KILL","is_prod":false,"is_daily":false,"chose_seed":false,"campfire_upgraded":4,"win_rate":0,"timestamp":1556701682,"path_taken":["M","?","M","?","?","R","M","R","T","E","?","?","E","M","R","BOSS","M","$","M","M","?","R","?","E","T","M","?","R","?","M","R","BOSS"],"build_version":"2019-01-23","purchased_purges":1,"victory":false,"max_hp_per_floor":[71,71,71,71,71,71,71,71,71,71,71,71,71,71,71,71,71,71,71,71,71,71,71,71,71,78,78,78,78,78,78,78,78],"card_choices":[{"not_picked":["Steam","Gash"],"picked":"Ball Lightning","floor":1},{"not_picked":["Coolheaded","Steam"],"picked":"Cold Snap","floor":3},{"not_picked":["Redo","Cold Snap"],"picked":"Chaos","floor":6},{"not_picked":["Redo","Beam Cell"],"picked":"Rebound","floor":7},{"not_picked":["Barrage","Hologram"],"picked":"Buffer","floor":10},{"not_picked":["Redo","Cold Snap"],"picked":"Ball Lightning","floor":12},{"not_picked":["BootSequence","Beam Cell"],"picked":"Capacitor","floor":13},{"not_picked":["Redo","Compile Driver"],"picked":"Auto Shields","floor":14},{"not_picked":["Creative AI","Rainbow"],"picked":"Fission","floor":16},{"not_picked":["Streamline","White Noise"],"picked":"Compile Driver","floor":18},{"not_picked":["Gash","Go for the Eyes"],"picked":"Barrage","floor":20},{"not_picked":["Steam","Coolheaded"],"picked":"Doom and Gloom","floor":21},{"not_picked":["Reboot","Steam"],"picked":"Glacier","floor":25},{"not_picked":["Stack","Sunder","Go for the Eyes+1"],"picked":"Ball Lightning","floor":27},{"not_picked":["All For One","Static Discharge","Sweeping Beam+1"],"picked":"Barrage","floor":28},{"not_picked":["Stack+1","Auto Shields","Turbo"],"picked":"Compile Driver","floor":29},{"not_picked":["Stack","Heatsinks","Rebound"],"picked":"Lockon","floor":31}],"player_experience":1270769,"relics_obtained":[{"floor":10,"key":"Centennial Puzzle"},{"floor":13,"key":"Sundial"},{"floor":25,"key":"Question Card"},{"floor":26,"key":"Strawberry"}],"event_choices":[{"damage_healed":0,"gold_gain":0,"player_choice":"Ignored","damage_taken":0,"max_hp_gain":0,"max_hp_loss":0,"event_name":"Liars Game","floor":2,"gold_loss":0},{"damage_healed":0,"gold_gain":0,"player_choice":"Success","damage_taken":18,"relics_obtained":["Dream Catcher"],"max_hp_gain":0,"max_hp_loss":0,"event_name":"Scrap Ooze","floor":4,"gold_loss":0},{"damage_healed":0,"gold_gain":75,"player_choice":"Gather Gold","damage_taken":11,"max_hp_gain":0,"max_hp_loss":0,"event_name":"World of Goop","floor":5,"gold_loss":0},{"damage_healed":0,"gold_gain":0,"player_choice":"Ignored","damage_taken":0,"max_hp_gain":0,"max_hp_loss":0,"event_name":"Shining Light","floor":11,"gold_loss":0},{"damage_healed":0,"gold_gain":0,"player_choice":"Stole Relic","damage_taken":0,"relics_obtained":["Anchor"],"max_hp_gain":0,"max_hp_loss":0,"event_name":"Addict","floor":22,"gold_loss":0,"cards_obtained":["Shame"]},{"damage_healed":0,"gold_gain":0,"player_choice":"Ignored","damage_taken":0,"max_hp_gain":0,"max_hp_loss":0,"event_name":"N\u0027loth","floor":24,"gold_loss":0},{"damage_healed":0,"gold_gain":50,"player_choice":"Pray","damage_taken":0,"max_hp_gain":0,"max_hp_loss":0,"event_name":"Golden Shrine","floor":30,"gold_loss":0}],"is_beta":false,"boss_relics":[{"not_picked":["Eternal Feather","Fusion Hammer"],"picked":"Nuclear Battery"}],"items_purged_floors":[19],"is_endless":false,"potions_floor_spawned":[3,10,13,18,27],"killed_by":"Collector","ascension_level":20}