{"gold_per_floor":[116,136,154,154,154,188,207,239,239,251,267,287,287,345,345,443,443,456,371,104,116,116,116,144,144,167,195,295,314,314,340,340,440,440,459,475,475,475,41,41,66,66,116,116,136,165,179,190,190,190],"floor_reached":51,"playtime":3345,"items_purged":["Strike_G","Strike_G"],"score":1380,"play_id":"34355d04-acc9-4997-b4dd-9a4e0356b4e8","local_time":"20190806155710","is_ascension_mode":true,"campfire_choices":[{"data":"Predator","floor":13,"key":"SMITH"},{"floor":15,"key":"REST"},{"data":"Neutralize","floor":23,"key":"SMITH"},{"data":"Malaise","floor":25,"key":"SMITH"},{"floor":30,"key":"REST"},{"data":"Phantasmal Killer","floor":32,"key":"SMITH"},{"data":"A Thousand Cuts","floor":40,"key":"SMITH"},{"data":"Footwork","floor":44,"key":"SMITH"},{"floor":49,"key":"REST"}],"neow_cost":"NONE","seed_source_timestamp":1570473652229,"circlet_count":0,"master_deck":["AscendersBane","Strike_G","Strike_G","Strike_G","Defend_G","Defend_G","Defend_G","Defend_G","Defend_G","Survivor","Neutralize+1","Poisoned Stab+1","Predator+1","Backstab","Dagger Throw+1","Slice","Malaise+1","Deflect","PiercingWail","Terror","Deadly Poison","Phantasmal Killer+1","Blade Dance+1","Panache","Sucker Punch","Caltrops","Calculated Gamble","Escape Plan","A Thousand Cuts+1","Footwork+1","Acrobatics","Flash of Steel","Master of Strategy","Blade Dance","Clumsy","Unload","Flying Knee+1","Acrobatics+1","Caltrops+1"],"relics":["Ring of the Snake","Centennial Puzzle","FaceOfCleric","Mango","Bag of Marbles","Anchor","Paper Crane","Philosopher\u0027s Stone","Mercury Hourglass","Lantern","Vajra","Mummified Hand","Torii","Blue Candle","Ginger","Runic Pyramid","Pen Nib","Whetstone","Blood Vial","Snake Skull"],"potions_floor_usage":[8,14,24,27,28,31,46,50],"damage_taken":[{"damage":0,"enemies":"Jaw Worm","floor":1,"turns":4},{"damage":3,"enemies":"Small Slimes","floor":2,"turns":4},{"damage":0,"enemies":"Cultist","floor":3,"turns":3},{"damage":26,"enemies":"Lagavulin","floor":6,"turns":6},{"damage":0,"enemies":"3 Louse","floor":7,"turns":3},{"damage":2,"enemies":"3 Sentries","floor":8,"turns":6},{"damage":0,"enemies":"Looter","floor":10,"turns":2},{"damage":3,"enemies":"Large Slime","floor":11,"turns":5},{"damage":0,"enemies":"Red Slaver","floor":12,"turns":2},{"damage":17,"enemies":"Lagavulin Event","floor":14,"turns":4},{"damage":19,"enemies":"The Guardian","floor":16,"turns":11},{"damage":0,"enemies":"Chosen","floor":18,"turns":4},{"damage":0,"enemies":"3 Byrds","floor":21,"turns":5},{"damage":20,"enemies":"Book of Stabbing","floor":24,"turns":5},{"damage":16,"enemies":"Slavers","floor":27,"turns":5},{"damage":0,"enemies":"Colosseum Slavers","floor":28,"turns":3},{"damage":0,"enemies":"Colosseum Nobs","floor":28,"turns":2},{"damage":11,"enemies":"Snecko","floor":29,"turns":3},{"damage":0,"enemies":"Gremlin Leader","floor":31,"turns":5},{"damage":55,"enemies":"Collector","floor":33,"turns":7},{"damage":0,"enemies":"3 Shapes","floor":35,"turns":3},{"damage":14,"enemies":"3 Darklings","floor":36,"turns":4},{"damage":23,"enemies":"Nemesis","floor":41,"turns":5},{"damage":0,"enemies":"Transient","floor":45,"turns":5},{"damage":0,"enemies":"Reptomancer","floor":46,"turns":3},{"damage":0,"enemies":"Sphere and 2 Shapes","floor":47,"turns":4},{"damage":0,"enemies":"4 Shapes","floor":48,"turns":4},{"damage":39,"enemies":"Time Eater","floor":50,"turns":10}],"seed_played":"3430509010791918960","potions_obtained":[{"floor":2,"key":"SmokeBomb"},{"floor":6,"key":"Strength Potion"},{"floor":7,"key":"GamblersBrew"},{"floor":10,"key":"Strength Potion"},{"floor":21,"key":"SkillPotion"},{"floor":27,"key":"GamblersBrew"},{"floor":29,"key":"Poison Potion"},{"floor":36,"key":"Block Potion"},{"floor":45,"key":"Block Potion"},{"floor":46,"key":"PowerPotion"}],"is_trial":false,"path_per_floor":["M","M","M","?","?","E","M","E","T","M","M","M","R","?","R","B",null,"M","?","$","M","?","R","E","R","T","E","?","M","R","E","R","B",null,"M","M","?","?","$","R","E","?","T","R","M","E","M","M","R","B",null],"character_chosen":"THE_SILENT","items_purchased":["Panache","Master of Strategy","Pen Nib"],"campfire_rested":3,"item_purchase_floors":[20,39,39],"current_hp_per_floor":[63,60,60,60,60,49,50,49,49,50,48,49,49,33,60,42,80,81,81,81,82,82,82,63,63,63,48,50,40,69,70,70,16,80,81,68,68,68,68,68,46,46,46,46,49,52,55,58,88,52],"gold":190,"neow_bonus":"RANDOM_COMMON_RELIC","is_prod":false,"is_daily":false,"chose_seed":false,"campfire_upgraded":6,"win_rate":0,"timestamp":1565099830,"path_taken":["M","M","M","?","?","E","M","E","T","M","?","M","R","?","R","BOSS","M","?","$","M","?","R","E","R","T","E","?","M","R","E","R","BOSS","M","M","?","?","$","R","E","?","T","R","M","E","?","M","R","BOSS"],"build_version":"2019-07-17","purchased_purges":2,"victory":true,"max_hp_per_floor":[70,70,70,70,70,85,86,87,87,88,89,90,90,91,91,92,92,93,93,93,94,94,94,95,95,95,96,98,99,99,100,100,101,101,102,103,98,98,98,98,99,99,99,99,100,101,102,103,103,104],"card_choices":[{"not_picked":["Sucker Punch","Blur"],"picked":"Poisoned Stab","floor":1},{"not_picked":["Dagger Throw","Bouncing Flask"],"picked":"Predator","floor":2},{"not_picked":["Caltrops","Poisoned Stab"],"picked":"Backstab","floor":3},{"not_picked":["Acrobatics","Sucker Punch"],"picked":"Dagger Throw","floor":6},{"not_picked":["Quick Slash","Bane"],"picked":"Slice","floor":7},{"not_picked":["Well Laid Plans","Concentrate"],"picked":"Malaise","floor":8},{"not_picked":["Calculated Gamble","Eviscerate"],"picked":"Deflect","floor":10},{"not_picked":["Flying Knee","Setup"],"picked":"PiercingWail","floor":11},{"not_picked":["Night Terror","Sucker Punch"],"picked":"Terror","floor":12},{"not_picked":["Eviscerate","Infinite Blades"],"picked":"Deadly Poison","floor":14},{"not_picked":["Tools of the Trade","Envenom"],"picked":"Phantasmal Killer","floor":16},{"not_picked":["Underhanded Strike","Quick Slash"],"picked":"Blade Dance+1","floor":18},{"not_picked":["Slice","Bane"],"picked":"Sucker Punch","floor":21},{"not_picked":["All Out Attack","Quick Slash"],"picked":"Caltrops","floor":24},{"not_picked":["Bane","Outmaneuver","Prepared"],"picked":"SKIP","floor":27},{"not_picked":["Quick Slash","Bullet Time"],"picked":"Calculated Gamble","floor":29},{"not_picked":["Dagger Throw","Underhanded Strike"],"picked":"Escape Plan","floor":31},{"not_picked":["Bullet Time","Burst"],"picked":"A Thousand Cuts","floor":33},{"not_picked":["PiercingWail","Cloak And Dagger"],"picked":"Footwork","floor":35},{"not_picked":["Outmaneuver","Dodge and Roll"],"picked":"Acrobatics","floor":36},{"not_picked":["Madness","Discovery"],"picked":"Flash of Steel","floor":38},{"not_picked":["Wraith Form v2","Flying Knee"],"picked":"Blade Dance","floor":41},{"not_picked":["Caltrops","Flechettes"],"picked":"Flying Knee+1","floor":45},{"not_picked":["Prepared","Deadly Poison"],"picked":"Acrobatics+1","floor":46},{"not_picked":["Acrobatics","Predator","Distraction"],"picked":"SKIP","floor":47},{"not_picked":["Outmaneuver","Bane"],"picked":"Caltrops+1","floor":48}],"player_experience":730645,"relics_obtained":[{"floor":6,"key":"Mango"},{"floor":8,"key":"Bag of Marbles"},{"floor":9,"key":"Anchor"},{"floor":14,"key":"Paper Crane"},{"floor":24,"key":"Lantern"},{"floor":26,"key":"Vajra"},{"floor":27,"key":"Mummified Hand"},{"floor":28,"key":"Torii"},{"floor":28,"key":"Blue Candle"},{"floor":31,"key":"Ginger"},{"floor":41,"key":"Whetstone"},{"floor":43,"key":"Blood Vial"},{"floor":46,"key":"Snake Skull"}],"event_choices":[{"damage_healed":0,"gold_gain":0,"player_choice":"Ignored","damage_taken":0,"max_hp_gain":0,"max_hp_loss":0,"event_name":"Golden Idol","floor":4,"gold_loss":0},{"damage_healed":0,"gold_gain":0,"player_choice":"Trade","damage_taken":0,"relics_obtained":["FaceOfCleric"],"max_hp_gain":0,"max_hp_loss":0,"event_name":"FaceTrader","floor":5,"gold_loss":0},{"damage_healed":0,"gold_gain":0,"player_choice":"Searched \u00271\u0027 times","damage_taken":0,"max_hp_gain":0,"max_hp_loss":0,"event_name":"Dead Adventurer","floor":14,"gold_loss":0},{"damage_healed":0,"gold_gain":0,"player_choice":"Obtained Relic","damage_taken":0,"relics_obtained":["Mercury Hourglass"],"max_hp_gain":0,"max_hp_loss":0,"event_name":"Addict","floor":19,"gold_loss":85},{"damage_healed":0,"gold_gain":0,"player_choice":"Ignored","damage_taken":0,"max_hp_gain":0,"max_hp_loss":0,"event_name":"Vampires","floor":22,"gold_loss":0},{"damage_healed":0,"gold_gain":0,"player_choice":"Fight","damage_taken":0,"max_hp_gain":0,"max_hp_loss":0,"event_name":"Colosseum","floor":28,"gold_loss":0},{"damage_healed":0,"gold_gain":0,"player_choice":"Fought Nobs","damage_taken":0,"max_hp_gain":0,"max_hp_loss":0,"event_name":"Colosseum","floor":28,"gold_loss":0},{"damage_healed":0,"gold_gain":0,"player_choice":"Max HP","damage_taken":0,"max_hp_gain":0,"max_hp_loss":5,"event_name":"Winding Halls","floor":37,"gold_loss":0},{"damage_healed":0,"gold_gain":0,"player_choice":"Memory 1","damage_taken":0,"max_hp_gain":0,"max_hp_loss":0,"event_name":"SensoryStone","floor":38,"gold_loss":0},{"damage_healed":0,"gold_gain":0,"player_choice":"2 cards matched","damage_taken":0,"max_hp_gain":0,"max_hp_loss":0,"event_name":"Match and Keep!","floor":42,"gold_loss":0,"cards_obtained":["Clumsy","Unload"]},{"damage_healed":0,"gold_gain":0,"player_choice":"2 cards matched","damage_taken":0,"max_hp_gain":0,"max_hp_loss":0,"event_name":"Match and Keep!","floor":42,"gold_loss":0,"cards_obtained":["Clumsy","Unload"]}],"is_beta":false,"boss_relics":[{"not_picked":["Runic Dome","White Beast Statue"],"picked":"Philosopher\u0027s Stone"},{"not_picked":["Black Star","Sozu"],"picked":"Runic Pyramid"}],"items_purged_floors":[20,39],"is_endless":false,"potions_floor_spawned":[2,6,7,10,12,21,27,29,36,45,46,47],"ascension_level":12}