{"gold_per_floor":[116,116,266,11,11,41,41,56,109,109,141,141,169,189,189,266,266,284,3,3,3,28,28,28],"floor_reached":24,"playtime":1277,"items_purged":["Doubt","Demon Form+1"],"score":466,"play_id":"1dc6cea9-461b-45a0-aef4-22b09e4524d6","local_time":"20190328185539","is_ascension_mode":true,"campfire_choices":[{"data":"Carnage","floor":7,"key":"SMITH"},{"data":"Demon Form","floor":15,"key":"SMITH"},{"data":"Limit Break","floor":23,"key":"SMITH"}],"neow_cost":"NONE","seed_source_timestamp":893419800462100,"circlet_count":0,"master_deck":["AscendersBane","Strike_R+1","Strike_R+1","Defend_R","Defend_R","Defend_R","Defend_R","Bash","Flame Barrier","Rampage","Carnage+1","Inflame","Shrug It Off","Battle Trance","Shrug It Off","Limit Break+1","Flex+1","Panacea","Whirlwind"],"relics":["Burning Blood","Whetstone","Thread and Needle","Vajra","Blood Vial","Girya","Runic Pyramid","Bag of Preparation"],"potions_floor_usage":[24,24],"damage_taken":[{"damage":4,"enemies":"Jaw Worm","floor":1,"turns":4},{"damage":20,"enemies":"Lagavulin","floor":6,"turns":6},{"damage":2,"enemies":"Small Slimes","floor":8,"turns":3},{"damage":1,"enemies":"3 Sentries","floor":11,"turns":6},{"damage":0,"enemies":"Lagavulin","floor":13,"turns":7},{"damage":0,"enemies":"Cultist","floor":14,"turns":3},{"damage":22,"enemies":"The Guardian","floor":16,"turns":10},{"damage":10,"enemies":"Spheric Guardian","floor":18,"turns":6},{"damage":71,"enemies":"Book of Stabbing","floor":24,"turns":7}],"seed_played":"2509902670787788868","potions_obtained":[{"floor":11,"key":"SteroidPotion"},{"floor":16,"key":"Fire Potion"}],"is_trial":false,"path_per_floor":["M","?","?","$","?","E","R","M","T","?","E","?","E","M","R","B",null,"M","$","?","?","T","R","E"],"character_chosen":"IRONCLAD","items_purchased":["Carnage","Inflame","Shrug It Off","Panacea","Whirlwind"],"campfire_rested":0,"item_purchase_floors":[4,4,4,19,19],"current_hp_per_floor":[70,70,70,70,70,56,56,60,60,53,58,75,75,75,75,59,71,69,69,48,64,64,64,0],"gold":28,"neow_bonus":"RANDOM_COMMON_RELIC","is_prod":false,"is_daily":false,"chose_seed":false,"campfire_upgraded":3,"win_rate":0,"timestamp":1553788539,"path_taken":["M","?","?","$","?","E","R","?","T","?","E","?","E","M","R","BOSS","M","$","?","?","?","R","E"],"build_version":"2019-01-23","purchased_purges":2,"victory":false,"max_hp_per_floor":[75,75,75,75,75,75,75,75,75,75,75,75,75,75,75,75,75,75,75,80,80,80,80,80],"card_choices":[{"not_picked":["Cleave","Dropkick"],"picked":"Flame Barrier","floor":1},{"not_picked":["Warcry","Metallicize"],"picked":"Battle Trance","floor":6},{"not_picked":["Bloodletting","Rage"],"picked":"Shrug It Off","floor":8},{"not_picked":["Flex","Inflame"],"picked":"Demon Form","floor":11},{"not_picked":["Infernal Blade","Inflame","Headbutt"],"picked":"SKIP","floor":13},{"not_picked":["Battle Trance","Inflame","Searing Blow"],"picked":"SKIP","floor":14},{"not_picked":["Demon Form","Juggernaut"],"picked":"Limit Break","floor":16},{"not_picked":["Headbutt","Flame Barrier"],"picked":"Flex+1","floor":18}],"player_experience":1046384,"relics_obtained":[{"floor":6,"key":"Thread and Needle"},{"floor":9,"key":"Vajra"},{"floor":11,"key":"Blood Vial"},{"floor":13,"key":"Girya"},{"floor":22,"key":"Bag of Preparation"}],"event_choices":[{"damage_healed":0,"gold_gain":0,"cards_transformed":["Strike_R"],"player_choice":"Change","damage_taken":0,"max_hp_gain":0,"max_hp_loss":0,"event_name":"Living Wall","floor":2,"gold_loss":0,"cards_obtained":["Rampage"]},{"damage_healed":0,"gold_gain":150,"player_choice":"AGREE","damage_taken":0,"max_hp_gain":0,"max_hp_loss":0,"event_name":"Liars Game","floor":3,"gold_loss":0,"cards_obtained":["Doubt"]},{"cards_removed":["Strike_R"],"damage_healed":0,"gold_gain":0,"player_choice":"Purged","damage_taken":0,"max_hp_gain":0,"max_hp_loss":0,"event_name":"Purifier","floor":5,"gold_loss":0},{"cards_removed":["Strike_R"],"damage_healed":0,"gold_gain":0,"player_choice":"Card Removal","damage_taken":7,"max_hp_gain":0,"max_hp_loss":0,"event_name":"Golden Wing","floor":10,"gold_loss":0},{"damage_healed":25,"gold_gain":0,"player_choice":"Banana","damage_taken":0,"max_hp_gain":0,"max_hp_loss":0,"event_name":"Big Fish","floor":12,"gold_loss":0},{"damage_healed":0,"gold_gain":0,"player_choice":"Shed Blood","damage_taken":26,"max_hp_gain":5,"max_hp_loss":0,"event_name":"Forgotten Altar","floor":20,"gold_loss":0},{"damage_healed":16,"gold_gain":0,"player_choice":"Heal","damage_taken":0,"max_hp_gain":0,"max_hp_loss":0,"event_name":"The Library","floor":21,"gold_loss":0}],"is_beta":false,"boss_relics":[{"not_picked":["Astrolabe","Eternal Feather"],"picked":"Runic Pyramid"}],"items_purged_floors":[4,19],"is_endless":false,"potions_floor_spawned":[11,16,18],"killed_by":"Book of Stabbing","ascension_level":20}