{"gold_per_floor":[110,80,80,80,80,80,93,93,93,104,123,123,138,148,148,253,253,265,285,89,89,106,139,64,64,64,64,64,83,100,0,0,101,101,117,68,85,102,114,114,131,131,201,201,130,130,140,158,158,158],"floor_reached":50,"playtime":7671,"items_purged":["Defend_G","Strike_G"],"score":456,"play_id":"45a14f9b-3941-47dc-9210-872875ca1b47","local_time":"20180625022837","is_ascension_mode":false,"campfire_choices":[{"floor":6,"key":"REST"},{"data":"Neutralize","floor":8,"key":"SMITH"},{"data":"Backflip","floor":12,"key":"SMITH"},{"floor":15,"key":"REST"},{"floor":25,"key":"REST"},{"data":"Envenom","floor":27,"key":"SMITH"},{"floor":32,"key":"REST"},{"floor":40,"key":"REST"},{"floor":49,"key":"REST"}],"neow_cost":"FIFTY_PERCENT_DAMAGE","seed_source_timestamp":181044227402633,"circlet_count":0,"master_deck":["Strike_G","Survivor+1","Neutralize+1","Malaise","Adrenaline","Blur","Blur+1","Well Laid Plans","Backflip+1","Blur","Envenom+1","Unload","PiercingWail","Dagger Throw","Infinite Blades","Flying Knee","Backstab","Infinite Blades","Night Terror","Flying Knee","Quick Slash+1","Adrenaline","Caltrops","Bouncing Flask","Endless Agony+1"],"relics":["Ring of the Snake","Lantern","Mummified Hand","Lizard Tail","Potion Belt","Regal Pillow","War Paint","Empty Cage","Molten Egg 2"],"potions_floor_usage":[16,18,19,23,23,33,33,47,47,47,47,50,50],"damage_taken":[{"damage":2,"enemies":"Small Slimes","floor":1,"turns":8},{"damage":0,"enemies":"Cultist","floor":7,"turns":6},{"damage":0,"enemies":"2 Louse","floor":10,"turns":4},{"damage":0,"enemies":"2 Fungi Beasts","floor":11,"turns":6},{"damage":0,"enemies":"Looter","floor":13,"turns":3},{"damage":4,"enemies":"Lots of Slimes","floor":14,"turns":11},{"damage":8,"enemies":"The Guardian","floor":16,"turns":20},{"damage":11,"enemies":"Spheric Guardian","floor":18,"turns":18},{"damage":9,"enemies":"Chosen","floor":19,"turns":11},{"damage":3,"enemies":"Snake Plant","floor":22,"turns":8},{"damage":24,"enemies":"Gremlin Leader","floor":23,"turns":10},{"damage":0,"enemies":"Centurion and Healer","floor":29,"turns":7},{"damage":18,"enemies":"3 Cultists","floor":30,"turns":8},{"damage":25,"enemies":"Automaton","floor":33,"turns":18},{"damage":29,"enemies":"3 Shapes","floor":35,"turns":5},{"damage":3,"enemies":"Orb Walker","floor":37,"turns":4},{"damage":34,"enemies":"4 Shapes","floor":38,"turns":6},{"damage":34,"enemies":"Maw","floor":39,"turns":12},{"damage":0,"enemies":"3 Darklings","floor":41,"turns":6},{"damage":19,"enemies":"Sphere and 2 Shapes","floor":47,"turns":9},{"damage":7,"enemies":"4 Shapes","floor":48,"turns":10},{"damage":63,"enemies":"Awakened One","floor":50,"turns":9}],"seed_played":"935100452349632316","potions_obtained":[{"floor":11,"key":"Dexterity Potion"},{"floor":13,"key":"LiquidBronze"},{"floor":14,"key":"Dexterity Potion"},{"floor":18,"key":"Weak Potion"},{"floor":19,"key":"Dexterity Potion"},{"floor":23,"key":"Energy Potion"},{"floor":29,"key":"Energy Potion"},{"floor":38,"key":"AttackPotion"},{"floor":39,"key":"EntropicBrew"},{"floor":47,"key":"SteroidPotion"}],"is_trial":false,"path_per_floor":["M","?","?","?","?","R","M","R","T","M","M","R","M","M","R","B",null,"M","M","$","?","M","E","?","R","T","R","T","M","M","$","R","B",null,"M","$","M","M","M","R","M","?","T","?","$","?","M","M","R"],"character_chosen":"THE_SILENT","items_purchased":["Dagger Throw","Infinite Blades","Flying Knee","Caltrops"],"campfire_rested":6,"item_purchase_floors":[20,20,36,45],"current_hp_per_floor":[33,33,26,26,19,40,40,40,40,40,40,40,40,36,57,49,70,59,50,50,50,47,23,23,44,44,44,44,44,26,26,62,37,70,41,41,38,4,17,53,53,53,53,53,53,53,34,27,63,0],"gold":158,"neow_bonus":"TRANSFORM_TWO_CARDS","is_prod":false,"is_daily":false,"chose_seed":false,"campfire_upgraded":3,"win_rate":0.0,"timestamp":1529861317,"path_taken":["M","?","?","?","?","R","?","R","T","?","?","R","M","M","R","BOSS","M","M","$","?","M","E","?","R","T","R","?","M","M","$","R","BOSS","M","$","M","M","M","R","M","?","T","?","$","?","M","M","R","BOSS"],"build_version":"2018-06-21v2","purchased_purges":2,"victory":false,"max_hp_per_floor":[70,70,70,70,70,70,70,70,70,70,70,70,70,70,70,70,70,70,70,70,70,70,70,70,70,70,70,70,70,70,70,70,70,70,70,70,70,70,70,70,70,70,70,70,70,70,70,70,70,70],"card_choices":[{"not_picked":["Deadly Poison","Underhanded Strike"],"picked":"Blur","floor":1},{"not_picked":["Underhanded Strike","Prepared"],"picked":"Blur","floor":7},{"not_picked":["Flying Knee","Eviscerate"],"picked":"Well Laid Plans","floor":10},{"not_picked":["Underhanded Strike","Bane"],"picked":"Backflip","floor":11},{"not_picked":["Dodge and Roll","Footwork"],"picked":"Blur","floor":13},{"not_picked":["Deflect","Leg Sweep"],"picked":"Envenom","floor":14},{"not_picked":["Tactician","Phantasmal Killer"],"picked":"Unload","floor":16},{"not_picked":["Deflect","Backflip"],"picked":"PiercingWail","floor":18},{"not_picked":["Leg Sweep","Choke+1"],"picked":"Distraction+1","floor":19},{"not_picked":["Deadly Poison+1","Sucker Punch"],"picked":"Flying Knee","floor":22},{"not_picked":["Bane","Corpse Explosion"],"picked":"Backstab","floor":23},{"not_picked":["Prepared","Deflect","Backflip"],"picked":"SKIP","floor":29},{"not_picked":["Footwork","Quick Slash"],"picked":"Infinite Blades","floor":30},{"not_picked":["Phantasmal Killer","Glass Knife"],"picked":"Night Terror","floor":33},{"not_picked":["Prepared","Escape Plan+1","Eviscerate+1"],"picked":"SKIP","floor":35},{"not_picked":["Well Laid Plans+1","Outmaneuver","Dagger Spray+1"],"picked":"SKIP","floor":37},{"not_picked":["Dagger Throw","Malaise"],"picked":"Quick Slash+1","floor":38},{"not_picked":["Terror+1","Heel Hook"],"picked":"Adrenaline","floor":39},{"not_picked":["Footwork","Underhanded Strike","Flying Knee+1"],"picked":"SKIP","floor":41},{"not_picked":["PiercingWail+1","Underhanded Strike+1"],"picked":"Bouncing Flask","floor":47},{"not_picked":["Heel Hook+1","Finisher+1"],"picked":"Endless Agony+1","floor":48}],"player_experience":16785,"relics_obtained":[{"floor":9,"key":"Mummified Hand"},{"floor":23,"key":"Potion Belt"},{"floor":26,"key":"Regal Pillow"},{"floor":28,"key":"War Paint"},{"floor":43,"key":"Molten Egg 2"}],"event_choices":[{"event_name":"The Woman in Blue","player_choice":"Bought 2 Potions","floor":2,"damage_taken":0},{"event_name":"Golden Wing","player_choice":"Card Removal","floor":3,"damage_taken":0},{"event_name":"Living Wall","player_choice":"Forget","floor":4,"damage_taken":0},{"event_name":"Scrap Ooze","player_choice":"success","floor":5,"damage_taken":7},{"event_name":"Ghosts","player_choice":"Ignored","floor":21,"damage_taken":0},{"event_name":"Beggar","player_choice":"Gave Gold","floor":24,"damage_taken":0},{"event_name":"Falling","player_choice":"Removed Skill","floor":42,"damage_taken":0},{"event_name":"Match and Keep!","player_choice":"0 cards matched","floor":44,"damage_taken":0},{"event_name":"Mysterious Sphere","player_choice":"Ignore","floor":46,"damage_taken":0}],"boss_relics":[{"not_picked":["Velvet Choker","Black Star"],"picked":"Lizard Tail"},{"not_picked":["Calling Bell","Astrolabe"],"picked":"Empty Cage"}],"items_purged_floors":[20,31],"is_endless":false,"potions_floor_spawned":[11,13,14,18,19,23,29,38,39,47],"killed_by":"Awakened One","ascension_level":0}