{"gold_per_floor":[217,27,46,46,62,62,97,172,218,228,247,247,113,124,124,124],"floor_reached":16,"playtime":866,"items_purged":["Strike_G","Strike_G"],"score":102,"play_id":"fab6c4a5-291d-4707-901a-aae5d8b1e104","local_time":"20190919124540","is_ascension_mode":false,"campfire_choices":[{"data":"Deflect","floor":6,"key":"SMITH"},{"floor":12,"key":"REST"},{"floor":15,"key":"REST"}],"neow_cost":"NONE","seed_source_timestamp":472021313118900,"circlet_count":0,"master_deck":["Strike_G","Strike_G","Strike_G","Defend_G","Defend_G","Defend_G","Defend_G","Defend_G","Survivor","Neutralize","Deadly Poison","Well Laid Plans","Deflect+1","Acrobatics","Cloak And Dagger","Infinite Blades","Bouncing Flask","Flash of Steel"],"special_seed":0,"relics":["Ring of the Snake","Anchor","Smiling Mask"],"potions_floor_usage":[],"damage_taken":[{"damage":3.0,"enemies":"Jaw Worm","floor":1.0,"turns":5.0},{"damage":12.0,"enemies":"Cultist","floor":3.0,"turns":5.0},{"damage":0,"enemies":"Small Slimes","floor":5,"turns":5},{"damage":23,"enemies":"Lagavulin","floor":7,"turns":10},{"damage":5,"enemies":"Red Slaver","floor":10,"turns":5},{"damage":5,"enemies":"Large Slime","floor":11,"turns":7},{"damage":15,"enemies":"Exordium Thugs","floor":14,"turns":5},{"damage":39,"enemies":"Slime Boss","floor":16,"turns":9}],"seed_played":"-7398974876906678524","potions_obtained":[{"floor":1.0,"key":"SpeedPotion"},{"floor":10,"key":"Ancient Potion"}],"is_trial":false,"path_per_floor":["M","$","M","?","M","R","E","?","T","M","M","R","$","M","R","B"],"character_chosen":"THE_SILENT","items_purchased":["Well Laid Plans","Deflect","Flash of Steel"],"campfire_rested":2,"item_purchase_floors":[2,2,13],"current_hp_per_floor":[67,67,55,55,55,55,32,21,21,16,11,32,32,17,38,0],"gold":124,"neow_bonus":"HUNDRED_GOLD","is_prod":false,"is_daily":false,"chose_seed":false,"campfire_upgraded":1,"win_rate":0,"timestamp":1568864740,"path_taken":["M","$","M","?","M","R","E","?","T","M","M","R","$","M","R","BOSS"],"build_version":"2019-07-17","purchased_purges":2,"victory":false,"max_hp_per_floor":[70,70,70,70,70,70,70,70,70,70,70,70,70,70,70,70],"card_choices":[{"not_picked":["All Out Attack","Eviscerate"],"picked":"Deadly Poison","floor":1.0},{"not_picked":["Flying Knee","Sucker Punch"],"picked":"Acrobatics","floor":3.0},{"not_picked":["Quick Slash","Deadly Poison"],"picked":"Cloak And Dagger","floor":5},{"not_picked":["Cloak And Dagger","Dagger Spray"],"picked":"Infinite Blades","floor":7},{"not_picked":["Outmaneuver","Backstab"],"picked":"Bouncing Flask","floor":10},{"not_picked":["Backflip","PiercingWail","Dodge and Roll"],"picked":"SKIP","floor":11},{"not_picked":["Dagger Spray","Deflect","Prepared"],"picked":"SKIP","floor":14}],"player_experience":430052,"relics_obtained":[{"floor":7,"key":"Anchor"},{"floor":9,"key":"Smiling Mask"}],"event_choices":[{"damage_healed":0,"gold_gain":0,"player_choice":"Fled","damage_taken":0,"max_hp_gain":0,"max_hp_loss":0,"event_name":"Scrap Ooze","floor":4,"gold_loss":0},{"damage_healed":0,"gold_gain":75,"player_choice":"Gather Gold","damage_taken":11,"max_hp_gain":0,"max_hp_loss":0,"event_name":"World of Goop","floor":8,"gold_loss":0}],"is_beta":false,"boss_relics":[],"items_purged_floors":[2,13],"is_endless":false,"potions_floor_spawned":[1,10],"killed_by":"Slime Boss","ascension_level":0}