{"gold_per_floor":[116,136,136,152,165,190,210,220,220,239,255,255,267,280,280,385,385,325,335,214,228,228,228,239,239,239,154,154,168,168],"floor_reached":30,"playtime":1486,"items_purged":["Strike_B"],"score":240,"play_id":"c71f5696-093f-41ea-a2d5-27882f093825","local_time":"20190925022224","is_ascension_mode":false,"campfire_choices":[{"floor":15,"key":"REST"},{"data":"Fission","floor":23,"key":"SMITH"},{"floor":28,"key":"REST"}],"neow_cost":"NONE","seed_source_timestamp":204693047369500,"circlet_count":0,"master_deck":["Strike_B","Strike_B","Strike_B","Defend_B","Defend_B","Defend_B","Defend_B","Zap","Dualcast","Undo","Rip and Tear","Coolheaded","Conserve Battery","Compile Driver","Fusion","Defragment","Steam","Go for the Eyes","Capacitor","Streamline","Fission+1","Chill+1","Ball Lightning","Leap","Cold Snap+1","Cold Snap"],"relics":["Cracked Core","NeowsBlessing","Shovel","DataDisk","Inserter","Regal Pillow","Dream Catcher"],"potions_floor_usage":[6,14,21,24],"damage_taken":[{"damage":0,"enemies":"Cultist","floor":1,"turns":1},{"damage":0,"enemies":"2 Louse","floor":2,"turns":1},{"damage":0,"enemies":"Jaw Worm","floor":3,"turns":1},{"damage":0,"enemies":"Large Slime","floor":4,"turns":5},{"damage":8,"enemies":"Looter","floor":5,"turns":3},{"damage":22,"enemies":"Gremlin Nob","floor":6,"turns":4},{"damage":14,"enemies":"Exordium Thugs","floor":7,"turns":6},{"damage":6,"enemies":"Red Slaver","floor":8,"turns":4},{"damage":0,"enemies":"3 Louse","floor":10,"turns":3},{"damage":1,"enemies":"Blue Slaver","floor":11,"turns":3},{"damage":6,"enemies":"Exordium Wildlife","floor":13,"turns":3},{"damage":0,"enemies":"Gremlin Gang","floor":14,"turns":4},{"damage":23,"enemies":"Slime Boss","floor":16,"turns":13},{"damage":17,"enemies":"2 Thieves","floor":18,"turns":4},{"damage":13,"enemies":"Shell Parasite","floor":19,"turns":8},{"damage":19,"enemies":"Snake Plant","floor":21,"turns":5},{"damage":0,"enemies":"Cultist and Chosen","floor":24,"turns":7},{"damage":0,"enemies":"Centurion and Healer","floor":29,"turns":11},{"damage":65,"enemies":"Gremlin Leader","floor":30,"turns":10}],"seed_played":"7536934023686137615","potions_obtained":[{"floor":1,"key":"FearPotion"},{"floor":4,"key":"Ancient Potion"},{"floor":5,"key":"PowerPotion"},{"floor":8,"key":"FocusPotion"},{"floor":13,"key":"Energy Potion"},{"floor":21,"key":"Weak Potion"},{"floor":24,"key":"SpeedPotion"}],"is_trial":false,"path_per_floor":["M","M","M","M","M","E","M","M","T","M","M","$","M","M","R","B",null,"M","M","$","M","?","R","M","?","T","?","R","M","E"],"character_chosen":"DEFECT","items_purchased":["Ball Lightning"],"campfire_rested":2,"item_purchase_floors":[20],"current_hp_per_floor":[75,75,75,75,67,45,31,25,25,25,24,24,18,18,40,17,75,58,45,45,26,26,26,26,26,26,26,63,63,0],"gold":168,"neow_bonus":"THREE_ENEMY_KILL","is_prod":false,"is_daily":false,"chose_seed":false,"campfire_upgraded":1,"win_rate":0,"timestamp":1569345744,"path_taken":["M","M","M","M","M","E","?","?","T","M","M","?","M","M","R","BOSS","M","M","$","M","?","R","M","?","T","?","R","M","E"],"build_version":"2019-07-17","purchased_purges":1,"victory":false,"max_hp_per_floor":[75,75,75,75,75,75,75,75,75,75,75,75,75,75,75,75,75,75,75,75,75,75,75,75,75,75,75,75,75,75],"card_choices":[{"not_picked":["Storm","Stack"],"picked":"Undo","floor":1},{"not_picked":["Rebound","Darkness"],"picked":"Rip and Tear","floor":2},{"not_picked":["Rebound","Cold Snap","Steam"],"picked":"SKIP","floor":3},{"not_picked":["Thunder Strike","Steam"],"picked":"Coolheaded","floor":4},{"not_picked":["Lockon","Sweeping Beam"],"picked":"Conserve Battery","floor":5},{"not_picked":["Hello World","Scrape"],"picked":"Compile Driver","floor":6},{"not_picked":["Ball Lightning","Thunder Strike"],"picked":"Fusion","floor":7},{"not_picked":["Ball Lightning","Redo"],"picked":"Defragment","floor":8},{"not_picked":["Beam Cell","Scrape"],"picked":"Steam","floor":10},{"not_picked":["Tempest","Hologram"],"picked":"Go for the Eyes","floor":11},{"not_picked":["Consume","Stack"],"picked":"Capacitor","floor":13},{"not_picked":["Reprogram","Leap"],"picked":"Streamline","floor":14},{"not_picked":["Buffer","Seek"],"picked":"Fission","floor":16},{"not_picked":["Steam","Turbo","Double Energy"],"picked":"SKIP","floor":18},{"not_picked":["Darkness","Loop+1"],"picked":"Chill+1","floor":19},{"not_picked":["Fusion","Capacitor"],"picked":"Leap","floor":21},{"not_picked":["Gash","Sunder"],"picked":"Cold Snap+1","floor":24},{"not_picked":["FTL","Streamline"],"picked":"Cold Snap","floor":28},{"not_picked":["Scrape","Leap","Force Field"],"picked":"SKIP","floor":29}],"player_experience":475760,"relics_obtained":[{"floor":6,"key":"Shovel"},{"floor":9,"key":"DataDisk"},{"floor":26,"key":"Regal Pillow"}],"event_choices":[{"damage_healed":0,"gold_gain":0,"player_choice":"Ignored","damage_taken":0,"max_hp_gain":0,"max_hp_loss":0,"event_name":"Ghosts","floor":22,"gold_loss":0},{"damage_healed":0,"gold_gain":0,"player_choice":"Ignored","damage_taken":0,"max_hp_gain":0,"max_hp_loss":0,"event_name":"Vampires","floor":25,"gold_loss":0},{"damage_healed":0,"gold_gain":0,"player_choice":"Obtained Relic","damage_taken":0,"relics_obtained":["Dream Catcher"],"max_hp_gain":0,"max_hp_loss":0,"event_name":"Addict","floor":27,"gold_loss":85}],"is_beta":false,"boss_relics":[{"not_picked":["Coffee Dripper","White Beast Statue"],"picked":"Inserter"}],"items_purged_floors":[20],"is_endless":false,"potions_floor_spawned":[1,4,5,8,11,13,21,24],"killed_by":"Gremlin Leader","ascension_level":0}