{"gold_per_floor":[112,122,137,148,168,168,193,193,220,147,159,179,196,209,209,304,304,314,140,150,167,167,167,0,12,12,28,48,62,74,91,91,195,195,214,234,234,246,265,280,296,296,352,362,362,362,377,95,95,95],"floor_reached":50,"playtime":4530,"items_purged":["Defend_R","Defend_R","Strike_R"],"score":537,"play_id":"d1c26996-2cec-4042-9dbe-978a838df43d","local_time":"20180630112839","is_ascension_mode":false,"campfire_choices":[{"data":"Armaments","floor":6,"key":"SMITH"},{"floor":8,"key":"REST"},{"floor":15,"key":"REST"},{"data":"Armaments","floor":23,"key":"SMITH"},{"floor":32,"key":"REST"},{"data":"Metallicize","floor":46,"key":"SMITH"},{"floor":49,"key":"REST"}],"neow_cost":"","seed_source_timestamp":648583665449391,"circlet_count":0,"master_deck":["Strike_R","Strike_R","Strike_R","Strike_R","Defend_R","Defend_R","Bash","Thunderclap","Rage","Iron Wave","Armaments+1","Iron Wave","Metallicize","Pommel Strike","Twin Strike","Iron Wave","Spot Weakness","Iron Wave","Impervious","Fire Breathing","Armaments+1","Metallicize+1","Armaments+1","Body Slam+1","Spot Weakness","Sword Boomerang","Sword Boomerang","Combust+1","Berserk","Flex+1","Body Slam+1","Impervious","Sword Boomerang","Headbutt+1","Sword Boomerang+1","Sword Boomerang+1"],"relics":["Burning Blood","Bronze Scales","Dream Catcher","Busted Crown","Bottled Lightning","Lizard Tail","Tiny Chest"],"potions_floor_usage":[16,29,33,33,39,39,39,50],"damage_taken":[{"damage":5,"enemies":"Cultist","floor":1,"turns":4},{"damage":0,"enemies":"Small Slimes","floor":2,"turns":3},{"damage":3,"enemies":"Jaw Worm","floor":3,"turns":5},{"damage":11,"enemies":"Large Slime","floor":4,"turns":7},{"damage":12,"enemies":"Exordium Thugs","floor":5,"turns":5},{"damage":34,"enemies":"Gremlin Nob","floor":7,"turns":5},{"damage":5,"enemies":"Looter","floor":11,"turns":3},{"damage":8,"enemies":"3 Louse","floor":12,"turns":2},{"damage":2,"enemies":"Large Slime","floor":13,"turns":5},{"damage":6,"enemies":"Red Slaver","floor":14,"turns":4},{"damage":61,"enemies":"The Guardian","floor":16,"turns":9},{"damage":0,"enemies":"Shell Parasite","floor":18,"turns":5},{"damage":7,"enemies":"Spheric Guardian","floor":20,"turns":6},{"damage":12,"enemies":"Snecko","floor":21,"turns":6},{"damage":13,"enemies":"Sentry and Sphere","floor":25,"turns":5},{"damage":15,"enemies":"Snake Plant","floor":27,"turns":5},{"damage":3,"enemies":"Slaver and Parasite","floor":28,"turns":5},{"damage":7,"enemies":"Cultist and Chosen","floor":29,"turns":6},{"damage":17,"enemies":"Chosen and Byrds","floor":30,"turns":5},{"damage":0,"enemies":"Centurion and Healer","floor":31,"turns":4},{"damage":80,"enemies":"Collector","floor":33,"turns":9},{"damage":15,"enemies":"Orb Walker","floor":35,"turns":4},{"damage":15,"enemies":"3 Darklings","floor":36,"turns":4},{"damage":14,"enemies":"4 Shapes","floor":38,"turns":9},{"damage":51,"enemies":"Maw","floor":39,"turns":8},{"damage":36,"enemies":"Sphere and 2 Shapes","floor":40,"turns":6},{"damage":4,"enemies":"4 Shapes","floor":41,"turns":5},{"damage":0,"enemies":"3 Darklings","floor":44,"turns":5},{"damage":41,"enemies":"Maw","floor":47,"turns":8},{"damage":59,"enemies":"Time Eater","floor":50,"turns":4}],"seed_played":"8085194082670745530","potions_obtained":[{"floor":2,"key":"FairyPotion"},{"floor":3,"key":"SteroidPotion"},{"floor":11,"key":"FearPotion"},{"floor":21,"key":"Ancient Potion"},{"floor":28,"key":"LiquidBronze"},{"floor":31,"key":"LiquidBronze"},{"floor":33,"key":"BloodPotion"},{"floor":36,"key":"SteroidPotion"},{"floor":38,"key":"Strength Potion"},{"floor":41,"key":"Fire Potion"}],"is_trial":false,"path_per_floor":["M","M","M","M","M","R","E","R","T","$","M","M","M","M","R","B",null,"M","$","M","M","?","R","$","M","T","M","M","M","M","M","R","B",null,"M","M","?","M","M","M","M","?","T","M","?","R","M","$","R"],"character_chosen":"IRONCLAD","items_purchased":["Metallicize","Armaments","Metallicize","Spot Weakness","EssenceOfSteel","EssenceOfSteel"],"campfire_rested":4,"item_purchase_floors":[10,19,19,24,48,48],"current_hp_per_floor":[80,80,80,75,69,69,41,65,65,65,66,64,68,68,80,25,80,80,80,79,73,73,73,73,66,66,57,60,59,48,54,78,14,80,71,62,62,54,17,27,29,29,29,35,70,70,35,35,56,0],"gold":95,"neow_bonus":"","is_prod":false,"is_daily":false,"chose_seed":false,"campfire_upgraded":3,"win_rate":0.0,"timestamp":1530325719,"path_taken":["M","M","M","M","M","R","E","R","T","$","M","?","M","M","R","BOSS","M","$","?","M","?","R","$","M","T","M","M","M","M","M","R","BOSS","M","M","?","M","M","M","M","?","T","?","?","R","M","?","R","BOSS"],"build_version":"2018-06-28","purchased_purges":3,"victory":false,"max_hp_per_floor":[80,80,80,80,80,80,80,80,80,80,80,80,80,80,80,80,80,80,80,80,80,80,80,80,80,80,80,80,80,80,80,80,80,80,80,80,80,80,80,80,80,80,80,80,70,70,70,70,70,70],"card_choices":[{"not_picked":["Perfected Strike","Clothesline"],"picked":"Thunderclap","floor":1},{"not_picked":["Flex","Warcry"],"picked":"Rage","floor":2},{"not_picked":["Sword Boomerang","Rage"],"picked":"Iron Wave","floor":3},{"not_picked":["Second Wind","Flex"],"picked":"Armaments","floor":4},{"not_picked":["Heavy Blade","Headbutt"],"picked":"Iron Wave","floor":5},{"not_picked":["Second Wind","Reaper","Uppercut"],"picked":"SKIP","floor":7},{"not_picked":["Perfected Strike","Pummel"],"picked":"Pommel Strike","floor":11},{"not_picked":["Sword Boomerang","Reckless Charge"],"picked":"Twin Strike","floor":12},{"not_picked":["Twin Strike","Power Through"],"picked":"Iron Wave","floor":13},{"not_picked":["Anger","Clothesline"],"picked":"Spot Weakness","floor":14},{"not_picked":["Second Wind","True Grit"],"picked":"Iron Wave","floor":15},{"not_picked":["Dark Embrace","Brutality"],"picked":"Impervious","floor":16},{"not_picked":[],"picked":"Fire Breathing","floor":18},{"not_picked":[],"picked":"Armaments","floor":20},{"not_picked":[],"picked":"Body Slam+1","floor":21},{"not_picked":["Feel No Pain"],"picked":"SKIP","floor":25},{"not_picked":[],"picked":"Sword Boomerang","floor":27},{"not_picked":[],"picked":"Sword Boomerang","floor":28},{"not_picked":["Shrug It Off"],"picked":"SKIP","floor":29},{"not_picked":["Thunderclap"],"picked":"SKIP","floor":30},{"not_picked":["Armaments"],"picked":"SKIP","floor":31},{"not_picked":[],"picked":"Combust+1","floor":32},{"not_picked":[],"picked":"Berserk","floor":33},{"not_picked":[],"picked":"Flex+1","floor":35},{"not_picked":[],"picked":"Body Slam+1","floor":36},{"not_picked":[],"picked":"Headbutt+1","floor":38},{"not_picked":["Armaments"],"picked":"SKIP","floor":39},{"not_picked":["Second Wind+1"],"picked":"SKIP","floor":40},{"not_picked":["Feel No Pain"],"picked":"SKIP","floor":41},{"not_picked":[],"picked":"Sword Boomerang+1","floor":44},{"not_picked":[],"picked":"Sword Boomerang+1","floor":47}],"player_experience":66073,"relics_obtained":[{"floor":7,"key":"Bronze Scales"},{"floor":9,"key":"Dream Catcher"},{"floor":26,"key":"Bottled Lightning"},{"floor":43,"key":"Tiny Chest"}],"event_choices":[{"event_name":"Accursed Blacksmith","player_choice":"Forge","floor":22,"damage_taken":0},{"event_name":"Match and Keep!","player_choice":"2 cards matched","floor":37,"damage_taken":0},{"event_name":"Tomb of Lord Red Mask","player_choice":"Ignored","floor":42,"damage_taken":0},{"event_name":"The Moai Head","player_choice":"Heal","floor":45,"damage_taken":0}],"boss_relics":[{"not_picked":["Orrery","Eternal Feather"],"picked":"Busted Crown"},{"not_picked":["Tiny House","White Beast Statue"],"picked":"Lizard Tail"}],"items_purged_floors":[19,24,48],"is_endless":false,"potions_floor_spawned":[2,3,11,14,21,25,28,31,33,36,38,41],"killed_by":"Time Eater","ascension_level":0}