{"gold_per_floor":[117,117,133,150,162,162,191,191,191,191,47,82,82,94,94,167,167,167,167,167,167,167,167,167,16,16,16,16,16,16,16,16,16,16,16,16,16,16,16,16,16,16,16,16,16,16,16,16,16,16],"floor_reached":50,"playtime":2164,"items_purged":["Strike_R"],"score":932,"play_id":"4c65266f-3ce0-4536-996d-9d8418cb9d42","local_time":"20190926231404","is_ascension_mode":true,"campfire_choices":[{"data":"Sword Boomerang","floor":6,"key":"SMITH"},{"data":"Inflame","floor":8,"key":"SMITH"},{"data":"Metallicize","floor":10,"key":"SMITH"},{"floor":13,"key":"REST"},{"floor":15,"key":"REST"},{"data":"Demon Form","floor":23,"key":"SMITH"},{"floor":32,"key":"REST"},{"data":"Metallicize","floor":40,"key":"SMITH"},{"floor":42,"key":"REST"},{"floor":46,"key":"REST"},{"floor":49,"key":"REST"}],"neow_cost":"NONE","seed_source_timestamp":23777503900150,"circlet_count":0,"master_deck":["AscendersBane","Strike_R","Strike_R","Defend_R","Defend_R","Defend_R","Defend_R","Bash+1","Cleave","Spot Weakness","Sword Boomerang+1","Inflame+1","Headbutt","Metallicize+1","Metallicize+1","Metallicize","Demon Form+1","Anger","True Grit+1","Power Through","Feed+1","Parasite","Flame Barrier","Iron Wave+1","Clothesline+1"],"relics":["Burning Blood","Vajra","Kunai","Nunchaku","Ectoplasm","Molten Egg 2","Red Skull","Regal Pillow","Boot","Busted Crown","Letter Opener","Pen Nib","Blue Candle"],"potions_floor_usage":[14,24,29,33,41,48,50],"damage_taken":[{"damage":7,"enemies":"Jaw Worm","floor":1,"turns":3},{"damage":1,"enemies":"Cultist","floor":3,"turns":3},{"damage":8,"enemies":"Small Slimes","floor":4,"turns":3},{"damage":9,"enemies":"2 Fungi Beasts","floor":5,"turns":3},{"damage":30,"enemies":"Lagavulin","floor":7,"turns":4},{"damage":26,"enemies":"3 Sentries","floor":12,"turns":4},{"damage":10,"enemies":"Lots of Slimes","floor":14,"turns":2},{"damage":18,"enemies":"Slime Boss","floor":16,"turns":9},{"damage":11,"enemies":"Shell Parasite","floor":18,"turns":4},{"damage":5,"enemies":"Spheric Guardian","floor":20,"turns":3},{"damage":17,"enemies":"Snecko","floor":22,"turns":4},{"damage":47,"enemies":"Slavers","floor":24,"turns":4},{"damage":15,"enemies":"Gremlin Leader","floor":27,"turns":5},{"damage":0,"enemies":"Colosseum Slavers","floor":29,"turns":1},{"damage":14,"enemies":"Centurion and Healer","floor":31,"turns":5},{"damage":16,"enemies":"Collector","floor":33,"turns":6},{"damage":6,"enemies":"Orb Walker","floor":35,"turns":4},{"damage":16,"enemies":"3 Shapes","floor":36,"turns":6},{"damage":8,"enemies":"Writhing Mass","floor":39,"turns":6},{"damage":48,"enemies":"Reptomancer","floor":41,"turns":7},{"damage":28,"enemies":"Giant Head","floor":45,"turns":8},{"damage":18,"enemies":"Spire Growth","floor":47,"turns":5},{"damage":13,"enemies":"Transient","floor":48,"turns":5},{"damage":85,"enemies":"Time Eater","floor":50,"turns":10}],"seed_played":"2083613806097672338","potions_obtained":[{"floor":1,"key":"SpeedPotion"},{"floor":4,"key":"SmokeBomb"},{"floor":14,"key":"Regen Potion"},{"floor":27,"key":"Fire Potion"},{"floor":31,"key":"Strength Potion"},{"floor":33,"key":"SpeedPotion"},{"floor":35,"key":"FearPotion"},{"floor":39,"key":"Block Potion"},{"floor":41,"key":"AttackPotion"}],"is_trial":false,"path_per_floor":["M","?","M","M","M","R","E","R","T","R","$","E","R","M","R","B",null,"M","?","M","?","M","R","E","$","T","E","$","?","?","M","R","B",null,"M","M","?","$","M","R","E","R","T","$","E","R","M","M","R","B"],"character_chosen":"IRONCLAD","items_purchased":["Metallicize","Red Skull"],"campfire_rested":6,"item_purchase_floors":[11,25],"current_hp_per_floor":[67,67,72,70,67,67,43,43,43,43,43,23,45,41,63,51,69,64,64,65,65,54,54,25,25,25,16,16,22,22,14,51,41,67,67,61,61,61,59,59,17,55,55,55,37,76,64,57,83,0],"gold":16,"neow_bonus":"TRANSFORM_CARD","is_prod":false,"is_daily":false,"chose_seed":false,"campfire_upgraded":5,"win_rate":0,"timestamp":1569532444,"path_taken":["M","?","M","M","?","R","E","R","T","R","$","E","R","M","R","BOSS","M","?","M","?","?","R","E","$","T","E","?","?","?","M","R","BOSS","M","M","?","?","M","R","E","R","T","$","E","R","M","?","R","BOSS"],"build_version":"2019-07-17","purchased_purges":1,"victory":false,"max_hp_per_floor":[75,75,75,75,75,75,75,75,75,75,75,75,75,75,75,75,75,75,75,75,75,75,75,75,75,75,75,75,75,75,75,75,75,75,75,79,79,79,79,79,79,79,79,79,83,83,83,83,83,83],"card_choices":[{"not_picked":["Sword Boomerang","Heavy Blade"],"picked":"Spot Weakness","floor":1},{"not_picked":["Power Through","Infernal Blade"],"picked":"Sword Boomerang","floor":3},{"not_picked":["Havoc","Iron Wave"],"picked":"Inflame","floor":4},{"not_picked":["Clash","Body Slam"],"picked":"Headbutt","floor":5},{"not_picked":["Fire Breathing","Reckless Charge"],"picked":"Metallicize","floor":7},{"not_picked":["Twin Strike","Feel No Pain","Inflame"],"picked":"SKIP","floor":12},{"not_picked":["Twin Strike","Headbutt"],"picked":"Metallicize","floor":14},{"not_picked":["Juggernaut","Exhume"],"picked":"Demon Form","floor":16},{"not_picked":["Flame Barrier","Rage"],"picked":"Anger","floor":18},{"not_picked":["Carnage+1","Pommel Strike","Entrench"],"picked":"SKIP","floor":20},{"not_picked":["Pommel Strike","Burning Pact+1","Flex"],"picked":"SKIP","floor":22},{"not_picked":["Rage","Wild Strike"],"picked":"True Grit+1","floor":24},{"not_picked":["Searing Blow+1","Flex+1","Fire Breathing+1"],"picked":"SKIP","floor":27},{"not_picked":["Clash+1","Metallicize"],"picked":"Power Through","floor":31},{"not_picked":["Demon Form","Double Tap"],"picked":"Feed+1","floor":33},{"not_picked":["True Grit"],"picked":"SKIP","floor":35},{"not_picked":["Rupture"],"picked":"SKIP","floor":36},{"not_picked":["Perfected Strike+1"],"picked":"SKIP","floor":39},{"not_picked":[],"picked":"Flame Barrier","floor":41},{"not_picked":[],"picked":"Iron Wave+1","floor":45},{"not_picked":[],"picked":"Clothesline+1","floor":47},{"not_picked":["Warcry"],"picked":"SKIP","floor":48}],"player_experience":1086845,"relics_obtained":[{"floor":7,"key":"Vajra"},{"floor":9,"key":"Kunai"},{"floor":12,"key":"Nunchaku"},{"floor":24,"key":"Molten Egg 2"},{"floor":26,"key":"Regal Pillow"},{"floor":27,"key":"Boot"},{"floor":41,"key":"Letter Opener"},{"floor":43,"key":"Pen Nib"},{"floor":45,"key":"Blue Candle"}],"event_choices":[{"damage_healed":0,"gold_gain":0,"player_choice":"Upgraded","damage_taken":0,"max_hp_gain":0,"max_hp_loss":0,"event_name":"Upgrade Shrine","floor":2,"gold_loss":0,"cards_upgraded":["Bash"]},{"damage_healed":0,"gold_gain":0,"player_choice":"Ignored","damage_taken":0,"max_hp_gain":0,"max_hp_loss":0,"event_name":"Vampires","floor":19,"gold_loss":0},{"cards_removed":["Strike_R"],"damage_healed":0,"gold_gain":0,"player_choice":"Purged","damage_taken":0,"max_hp_gain":0,"max_hp_loss":0,"event_name":"Purifier","floor":21,"gold_loss":0},{"damage_healed":0,"gold_gain":0,"player_choice":"Fight","damage_taken":0,"max_hp_gain":0,"max_hp_loss":0,"event_name":"Colosseum","floor":29,"gold_loss":0},{"damage_healed":0,"gold_gain":0,"player_choice":"Fled From Nobs","damage_taken":0,"max_hp_gain":0,"max_hp_loss":0,"event_name":"Colosseum","floor":29,"gold_loss":0},{"damage_healed":0,"gold_gain":99,"player_choice":"Stole From Cult","damage_taken":0,"max_hp_gain":0,"max_hp_loss":0,"event_name":"Nest","floor":30,"gold_loss":0},{"damage_healed":0,"gold_gain":0,"player_choice":"Ignored","damage_taken":0,"max_hp_gain":0,"max_hp_loss":0,"event_name":"Golden Shrine","floor":37,"gold_loss":0}],"is_beta":false,"boss_relics":[{"not_picked":["Philosopher\u0027s Stone","Black Star"],"picked":"Ectoplasm"},{"not_picked":["Lizard Tail","Coffee Dripper"],"picked":"Busted Crown"}],"items_purged_floors":[11],"is_endless":false,"potions_floor_spawned":[1,4,14,16,18,27,31,33,35,39,41],"killed_by":"Time Eater","ascension_level":14}