{"gold_per_floor":[118,118,137,62,81,81,231,231,306,306,306,306,306,379,379,452,452,468,468,108,119,135,135,135,72,122,122,138,154,172,172,172,250,250,270,270,283,120,120,120],"floor_reached":41,"playtime":2944,"items_purged":["Strike_B","Strike_B","Defend_B","Strike_B"],"score":1074,"play_id":"f8f0c1cf-a73f-49ba-afb5-eaf106316dfa","local_time":"20190918231043","is_ascension_mode":true,"campfire_choices":[{"data":"Leap","floor":6.0,"key":"SMITH"},{"data":"Zap","floor":8.0,"key":"SMITH"},{"data":"Darkness","floor":10.0,"key":"SMITH"},{"data":"Conserve Battery","floor":12.0,"key":"SMITH"},{"data":"Defend_B","floor":15.0,"key":"SMITH"},{"data":"Redo","floor":23.0,"key":"SMITH"},{"data":"Hologram","floor":27.0,"key":"SMITH"},{"data":"Echo Form","floor":32,"key":"SMITH"}],"neow_cost":"NONE","seed_source_timestamp":421000371246100,"circlet_count":0,"master_deck":["AscendersBane","Defend_B+1","Defend_B","Dualcast+1","Darkness+1","Leap+1","Conserve Battery+1","Echo Form+1","Redo+1","Steam","Hologram+1","Leap","Undo","Machine Learning","Conserve Battery+1","BootSequence","Scrape"],"special_seed":0,"relics":["Cracked Core","Bag of Preparation","Darkstone Periapt","Meat on the Bone","Empty Cage","Membership Card","Juzu Bracelet","Busted Crown"],"potions_floor_usage":[29,40],"damage_taken":[{"damage":6.0,"enemies":"Jaw Worm","floor":1.0,"turns":4.0},{"damage":11.0,"enemies":"2 Louse","floor":3.0,"turns":3.0},{"damage":1.0,"enemies":"Small Slimes","floor":5.0,"turns":4.0},{"damage":55.0,"enemies":"Hexaghost","floor":16.0,"turns":12.0},{"damage":8.0,"enemies":"Shell Parasite","floor":18.0,"turns":5.0},{"damage":9.0,"enemies":"2 Thieves","floor":21.0,"turns":4.0},{"damage":8.0,"enemies":"Shelled Parasite and Fungi","floor":22.0,"turns":7.0},{"damage":13.0,"enemies":"Snecko","floor":28.0,"turns":4.0},{"damage":13,"enemies":"Sentry and Sphere","floor":29,"turns":5},{"damage":13,"enemies":"Centurion and Healer","floor":30,"turns":5},{"damage":31,"enemies":"Automaton","floor":33,"turns":11},{"damage":33,"enemies":"3 Darklings","floor":35,"turns":7},{"damage":1,"enemies":"Orb Walker","floor":37,"turns":5},{"damage":38,"enemies":"Awakened One","floor":40,"turns":37}],"seed_played":"-7042611481208091678","potions_obtained":[{"floor":1.0,"key":"SkillPotion"},{"floor":28.0,"key":"Weak Potion"},{"floor":30,"key":"SkillPotion"}],"is_trial":false,"path_per_floor":["M","?","M","$","M","R","?","R","T","R","?","R","?","T","R","B",null,"M","?","$","M","M","R","?","$","T","R","M","M","M","?","R","B",null,"M","?","M","$","?","B",null],"character_chosen":"DEFECT","items_purchased":["Membership Card","Steam","Core Surge","BootSequence","Scrape"],"campfire_rested":0,"item_purchase_floors":[20,20,20,38,38],"current_hp_per_floor":[58,58,47,47,46,46,46,46,46,46,39,39,62,62,62,19,58,50,30,30,33,37,37,37,37,37,37,36,35,34,34,34,15,61,40,40,39,39,39,13],"gold":120,"neow_bonus":"RANDOM_COMMON_RELIC","is_prod":false,"is_daily":false,"chose_seed":false,"campfire_upgraded":8,"win_rate":0,"timestamp":1568815843,"path_taken":["M","?","M","$","M","R","?","R","T","R","?","R","?","?","R","BOSS","M","?","$","M","M","R","?","?","T","R","M","M","M","?","R","BOSS","M","?","M","$","?","BOSS"],"build_version":"2019-07-17","purchased_purges":4,"victory":true,"max_hp_per_floor":[71,71,71,71,71,71,71,71,71,71,71,71,71,71,71,71,71,71,76,76,76,76,76,76,76,76,76,76,76,76,76,76,76,76,76,76,76,76,76,76],"card_choices":[{"not_picked":["Stack","Force Field"],"picked":"Darkness","floor":1.0},{"not_picked":["Stack","Hello World"],"picked":"Leap","floor":3.0},{"not_picked":["Turbo","Self Repair"],"picked":"Conserve Battery","floor":5.0},{"not_picked":["Buffer","Seek"],"picked":"Echo Form","floor":16.0},{"not_picked":["Steam","Ball Lightning"],"picked":"Redo","floor":18.0},{"not_picked":["Reprogram","Ball Lightning","Stack"],"picked":"SKIP","floor":21.0},{"not_picked":["Creative AI","Streamline"],"picked":"Hologram","floor":22.0},{"not_picked":["Turbo","Go for the Eyes","Tempest"],"picked":"SKIP","floor":28.0},{"not_picked":["Ball Lightning","White Noise"],"picked":"Leap","floor":29},{"not_picked":["Defragment","Barrage"],"picked":"Undo","floor":30},{"not_picked":["All For One","Fission"],"picked":"Machine Learning","floor":33},{"not_picked":[],"picked":"Conserve Battery+1","floor":35},{"not_picked":["Defragment"],"picked":"SKIP","floor":37}],"player_experience":417444,"relics_obtained":[{"floor":9.0,"key":"Darkstone Periapt"},{"floor":14.0,"key":"Meat on the Bone"},{"floor":26.0,"key":"Juzu Bracelet"}],"event_choices":[{"damage_healed":0.0,"max_hp_gain":0.0,"max_hp_loss":0.0,"gold_gain":0.0,"event_name":"Living Wall","player_choice":"Grow","floor":2.0,"gold_loss":0.0,"damage_taken":0.0,"cards_upgraded":["Dualcast"]},{"damage_healed":0.0,"max_hp_gain":0.0,"max_hp_loss":0.0,"gold_gain":150.0,"event_name":"Liars Game","player_choice":"AGREE","floor":7.0,"gold_loss":0.0,"damage_taken":0.0,"cards_obtained":["Doubt"]},{"cards_removed":["Strike_B"],"damage_healed":0.0,"max_hp_gain":0.0,"max_hp_loss":0.0,"gold_gain":0.0,"event_name":"Golden Wing","player_choice":"Card Removal","floor":11.0,"gold_loss":0.0,"damage_taken":7.0},{"damage_healed":23.0,"max_hp_gain":0.0,"max_hp_loss":0.0,"gold_gain":0.0,"event_name":"Big Fish","player_choice":"Banana","floor":13.0,"gold_loss":0.0,"damage_taken":0.0},{"damage_healed":0.0,"max_hp_gain":5.0,"max_hp_loss":0.0,"gold_gain":0.0,"event_name":"Forgotten Altar","player_choice":"Shed Blood","floor":19.0,"gold_loss":0.0,"damage_taken":25.0},{"damage_healed":0.0,"max_hp_gain":0.0,"max_hp_loss":0.0,"gold_gain":0.0,"event_name":"Vampires","player_choice":"Ignored","floor":24.0,"gold_loss":0.0,"damage_taken":0.0},{"cards_removed":["Defend_B"],"damage_healed":0,"gold_gain":0,"player_choice":"Elegance","damage_taken":0,"max_hp_gain":0,"max_hp_loss":0,"event_name":"Back to Basics","floor":31,"gold_loss":0},{"cards_removed":["Core Surge"],"damage_healed":0,"gold_gain":0,"player_choice":"Removed Attack","damage_taken":0,"max_hp_gain":0,"max_hp_loss":0,"event_name":"Falling","floor":36,"gold_loss":0},{"damage_healed":0,"gold_gain":0,"player_choice":"Took Portal","damage_taken":0,"max_hp_gain":0,"max_hp_loss":0,"event_name":"SecretPortal","floor":39,"gold_loss":0}],"is_beta":false,"boss_relics":[{"not_picked":["Tiny House","Coffee Dripper"],"picked":"Empty Cage"},{"not_picked":["Fusion Hammer","Cursed Key"],"picked":"Busted Crown"}],"items_purged_floors":[4,20,25,38],"is_endless":false,"potions_floor_spawned":[1,28,30,37],"ascension_level":18}