{"gold_per_floor":[116,131,131,5,0,330,347,347,425,425,444,475,492,118,118,194,194,213,245,160,54,70,98,98,128,178,190,190,190,190,204,204,278,328,344,344,344,344],"floor_reached":38,"playtime":2502,"items_purged":["Strike_G"],"score":893,"play_id":"addc1a6e-8b6f-4d9d-a4d1-e9e7bcd0d676","local_time":"20190917232159","is_ascension_mode":true,"campfire_choices":[{"data":"Noxious Fumes","floor":8,"key":"SMITH"},{"floor":10,"key":"REST"},{"data":"Well Laid Plans","floor":15,"key":"SMITH"},{"floor":24,"key":"REST"},{"data":"After Image","floor":30,"key":"SMITH"},{"floor":32,"key":"REST"}],"neow_cost":"NONE","seed_source_timestamp":8770856543107,"circlet_count":0,"master_deck":["AscendersBane","Strike_G","Strike_G","Defend_G","Defend_G","Defend_G","Defend_G","Defend_G","Survivor","Neutralize","Sucker Punch","Endless Agony+1","Noxious Fumes+1","Footwork","Cloak And Dagger","Dash","Well Laid Plans+1","Backflip","Footwork","Corpse Explosion","Deadly Poison","PiercingWail","Footwork","Cloak And Dagger+1","Escape Plan","After Image+1","Flechettes","Adrenaline","Leg Sweep+1","Trip"],"relics":["Ring of the Snake","PreservedInsect","Centennial Puzzle","Old Coin","Bottled Flame","Bronze Scales","ClockworkSouvenir","Philosopher\u0027s Stone","Red Mask","Snake Skull","Lantern","Gambling Chip","Strawberry","Tiny House"],"potions_floor_usage":[6,19,23,23,38,38],"damage_taken":[{"damage":0,"enemies":"Jaw Worm","floor":1,"turns":5},{"damage":0,"enemies":"2 Louse","floor":2,"turns":4},{"damage":16,"enemies":"Lagavulin","floor":6,"turns":7},{"damage":0,"enemies":"Small Slimes","floor":7,"turns":5},{"damage":3,"enemies":"3 Louse","floor":11,"turns":4},{"damage":0,"enemies":"Gremlin Nob","floor":12,"turns":3},{"damage":1,"enemies":"Large Slime","floor":13,"turns":7},{"damage":10,"enemies":"Hexaghost","floor":16,"turns":10},{"damage":0,"enemies":"Chosen","floor":18,"turns":5},{"damage":10,"enemies":"Masked Bandits","floor":19,"turns":4},{"damage":0,"enemies":"Spheric Guardian","floor":22,"turns":6},{"damage":31,"enemies":"Slavers","floor":23,"turns":3},{"damage":10,"enemies":"Gremlin Leader","floor":25,"turns":6},{"damage":0,"enemies":"Snake Plant","floor":27,"turns":4},{"damage":0,"enemies":"3 Cultists","floor":31,"turns":4},{"damage":1,"enemies":"Champ","floor":33,"turns":13},{"damage":0,"enemies":"Orb Walker","floor":35,"turns":5},{"damage":95,"enemies":"2 Orb Walkers","floor":38,"turns":5}],"seed_played":"-3465003812832363036","potions_obtained":[{"floor":2,"key":"EssenceOfSteel"},{"floor":6,"key":"SkillPotion"},{"floor":16,"key":"Regen Potion"},{"floor":19,"key":"Weak Potion"},{"floor":25,"key":"LiquidBronze"},{"floor":34,"key":"Energy Potion"}],"is_trial":false,"path_per_floor":["M","M","?","$","?","E","M","R","T","R","M","E","M","$","R","B",null,"M","?","?","$","M","E","R","E","T","M","?","?","R","M","R","B",null,"M","?","?","?"],"character_chosen":"THE_SILENT","items_purchased":["Regen Potion","Noxious Fumes","ClockworkSouvenir","Footwork","PiercingWail","Footwork"],"campfire_rested":3,"item_purchase_floors":[4,4,14,14,21,21],"current_hp_per_floor":[59,59,24,24,24,23,23,23,23,42,39,39,38,38,38,28,57,57,47,47,47,47,25,44,34,41,41,41,41,41,41,62,61,75,75,70,70,0],"gold":344,"neow_bonus":"RANDOM_COMMON_RELIC","is_prod":false,"is_daily":false,"chose_seed":false,"campfire_upgraded":3,"win_rate":0,"timestamp":1568755319,"path_taken":["M","M","?","?","?","E","M","R","T","R","M","E","M","$","R","BOSS","M","?","?","$","M","E","R","E","T","M","?","?","R","M","R","BOSS","M","?","?","?"],"build_version":"2019-07-17","purchased_purges":1,"victory":false,"max_hp_per_floor":[66,66,66,66,66,66,66,66,66,66,66,66,66,66,66,66,66,66,66,66,66,66,66,66,66,73,73,73,73,73,73,73,73,78,78,78,74,74],"card_choices":[{"not_picked":["Prepared","Bane"],"picked":"Sucker Punch","floor":1},{"not_picked":["Cloak And Dagger","Dodge and Roll"],"picked":"Endless Agony","floor":2},{"not_picked":["Night Terror","PiercingWail"],"picked":"Footwork","floor":6},{"not_picked":["Backflip","Dagger Throw"],"picked":"Cloak And Dagger","floor":7},{"not_picked":["Acrobatics","Deflect"],"picked":"Dash","floor":11},{"not_picked":["All Out Attack","Envenom"],"picked":"Well Laid Plans","floor":12},{"not_picked":["Flying Knee","Deadly Poison"],"picked":"Backflip","floor":13},{"not_picked":["Tools of the Trade","Wraith Form v2"],"picked":"Corpse Explosion","floor":16},{"not_picked":["Quick Slash","Skewer"],"picked":"Deadly Poison","floor":18},{"not_picked":["Finisher","Outmaneuver","Slice"],"picked":"SKIP","floor":22},{"not_picked":["Underhanded Strike","Outmaneuver"],"picked":"Cloak And Dagger+1","floor":23},{"not_picked":["Flechettes","Distraction","Calculated Gamble"],"picked":"SKIP","floor":25},{"not_picked":["Dagger Throw","Blade Dance+1"],"picked":"Escape Plan","floor":27},{"not_picked":["Quick Slash","Slice","Finisher"],"picked":"SKIP","floor":31},{"not_picked":["Corpse Explosion","A Thousand Cuts"],"picked":"Adrenaline","floor":33},{"not_picked":["Acrobatics","Underhanded Strike"],"picked":"Leg Sweep+1","floor":35},{"not_picked":["Bandage Up","Good Instincts"],"picked":"Trip","floor":36}],"player_experience":1059479,"relics_obtained":[{"floor":6,"key":"Old Coin"},{"floor":9,"key":"Bottled Flame"},{"floor":12,"key":"Bronze Scales"},{"floor":19,"key":"Red Mask"},{"floor":23,"key":"Lantern"},{"floor":25,"key":"Gambling Chip"},{"floor":26,"key":"Strawberry"}],"event_choices":[{"damage_healed":0,"gold_gain":0,"player_choice":"Success","damage_taken":35,"relics_obtained":["Centennial Puzzle"],"max_hp_gain":0,"max_hp_loss":0,"event_name":"Scrap Ooze","floor":3,"gold_loss":0},{"damage_healed":0,"gold_gain":0,"player_choice":"Left Gold","damage_taken":0,"max_hp_gain":0,"max_hp_loss":0,"event_name":"World of Goop","floor":5,"gold_loss":5},{"damage_healed":0,"gold_gain":0,"player_choice":"Fought Bandits","damage_taken":0,"max_hp_gain":0,"max_hp_loss":0,"event_name":"Masked Bandits","floor":19,"gold_loss":0},{"damage_healed":0,"gold_gain":0,"player_choice":"Obtained Relic","damage_taken":0,"relics_obtained":["Snake Skull"],"max_hp_gain":0,"max_hp_loss":0,"event_name":"Addict","floor":20,"gold_loss":85},{"damage_healed":0,"gold_gain":0,"player_choice":"Ignored","damage_taken":0,"max_hp_gain":0,"max_hp_loss":0,"event_name":"The Mausoleum","floor":28,"gold_loss":0},{"damage_healed":0,"gold_gain":0,"cards_transformed":["Strike_G","Strike_G"],"player_choice":"Became Test Subject","damage_taken":0,"max_hp_gain":0,"max_hp_loss":0,"event_name":"Drug Dealer","floor":29,"gold_loss":0,"cards_obtained":["After Image","Flechettes"]},{"damage_healed":0,"gold_gain":0,"player_choice":"Memory 2","damage_taken":5,"max_hp_gain":0,"max_hp_loss":0,"event_name":"SensoryStone","floor":36,"gold_loss":0},{"damage_healed":0,"gold_gain":0,"player_choice":"Max HP","damage_taken":0,"max_hp_gain":0,"max_hp_loss":4,"event_name":"Winding Halls","floor":37,"gold_loss":0},{"damage_healed":0,"gold_gain":0,"player_choice":"Fight","damage_taken":0,"max_hp_gain":0,"max_hp_loss":0,"event_name":"Mysterious Sphere","floor":38,"gold_loss":0}],"is_beta":false,"boss_relics":[{"not_picked":["Busted Crown","Lizard Tail"],"picked":"Philosopher\u0027s Stone"},{"not_picked":["Pandora\u0027s Box","HoveringKite"],"picked":"Tiny House"}],"items_purged_floors":[14],"is_endless":false,"potions_floor_spawned":[2,6,11,16,18,19,25],"killed_by":"2 Orb Walkers","ascension_level":18}