{"gold_per_floor":[114,130,140,158,174,174,187,215,215,228,248,248,248,3,3,102,102,112,129,139,64,64],"floor_reached":22,"playtime":2783,"items_purged":[],"score":307,"play_id":"6f4729d1-dbed-4376-bc70-f2a2b78b4996","local_time":"20190915181232","is_ascension_mode":true,"campfire_choices":[{"data":"Recycle","floor":6,"key":"SMITH"},{"floor":12,"key":"REST"},{"data":"Creative AI","floor":15,"key":"SMITH"}],"neow_cost":"NONE","seed_source_timestamp":144133803442000,"circlet_count":0,"master_deck":["AscendersBane","Strike_B","Strike_B","Strike_B","Defend_B","Defend_B","Defend_B","Defend_B","Zap","Dualcast","Hologram+1","Sweeping Beam","Creative AI+1","Melter","Recycle+1","Chill","Conserve Battery","Self Repair","Go for the Eyes","Skim","Electrodynamics","Seek","Reprogram+1","Undo","Scrape+1"],"relics":["Cracked Core","NeowsBlessing","Sundial","Juzu Bracelet","Inserter"],"potions_floor_usage":[7,16],"damage_taken":[{"damage":0,"enemies":"Small Slimes","floor":1,"turns":1},{"damage":0,"enemies":"Cultist","floor":2,"turns":1},{"damage":0,"enemies":"Jaw Worm","floor":3,"turns":1},{"damage":10,"enemies":"2 Fungi Beasts","floor":4,"turns":3},{"damage":0,"enemies":"3 Louse","floor":5,"turns":2},{"damage":7,"enemies":"Lots of Slimes","floor":7,"turns":2},{"damage":29,"enemies":"3 Sentries","floor":8,"turns":9},{"damage":10,"enemies":"Exordium Wildlife","floor":10,"turns":6},{"damage":4,"enemies":"Looter","floor":11,"turns":3},{"damage":18,"enemies":"The Guardian","floor":16,"turns":11},{"damage":3,"enemies":"Chosen","floor":18,"turns":6},{"damage":39,"enemies":"Shell Parasite","floor":19,"turns":9},{"damage":12,"enemies":"Snecko","floor":20,"turns":7},{"damage":28,"enemies":"Snake Plant","floor":22,"turns":5}],"seed_played":"-6215529903417772148","potions_obtained":[{"floor":1,"key":"SneckoOil"},{"floor":2,"key":"Explosive Potion"},{"floor":10,"key":"Energy Potion"},{"floor":11,"key":"SneckoOil"},{"floor":20,"key":"Strength Potion"}],"is_trial":false,"path_per_floor":["M","M","M","M","M","R","M","E","T","M","M","R","?","$","R","B",null,"M","M","M","?","M"],"character_chosen":"DEFECT","items_purchased":["Skim","Electrodynamics"],"campfire_rested":1,"item_purchase_floors":[14,14],"current_hp_per_floor":[68,68,68,58,58,58,51,22,22,12,15,37,37,37,37,26,63,60,28,23,23,0],"gold":64,"neow_bonus":"THREE_ENEMY_KILL","is_prod":false,"is_daily":false,"chose_seed":false,"campfire_upgraded":2,"win_rate":0,"timestamp":1568538752,"path_taken":["M","M","M","M","M","R","M","E","T","M","M","R","?","$","R","BOSS","M","M","M","?","M"],"build_version":"2019-07-17","purchased_purges":0,"victory":false,"max_hp_per_floor":[75,75,75,75,75,75,75,75,75,75,75,75,75,75,75,75,75,75,75,75,75,75],"card_choices":[{"not_picked":["Hello World","Beam Cell"],"picked":"Hologram","floor":1},{"not_picked":["FTL","Compile Driver"],"picked":"Sweeping Beam","floor":2},{"not_picked":["Beam Cell","Redo"],"picked":"Creative AI","floor":3},{"not_picked":["Barrage","Gash"],"picked":"Melter","floor":4},{"not_picked":["Scrape","Cold Snap"],"picked":"Recycle","floor":5},{"not_picked":["Hello World","Coolheaded"],"picked":"Chill","floor":7},{"not_picked":["Gash","Sweeping Beam"],"picked":"Conserve Battery","floor":8},{"not_picked":["Redo","Gash"],"picked":"Self Repair","floor":10},{"not_picked":["Genetic Algorithm","Coolheaded"],"picked":"Go for the Eyes","floor":11},{"not_picked":["Reboot","All For One"],"picked":"Seek","floor":16},{"not_picked":["Steam","Aggregate"],"picked":"Reprogram+1","floor":18},{"not_picked":["Hello World","Steam"],"picked":"Undo","floor":19},{"not_picked":["Rip and Tear","Stack"],"picked":"Scrape+1","floor":20}],"player_experience":320054,"relics_obtained":[{"floor":8,"key":"Sundial"},{"floor":9,"key":"Juzu Bracelet"}],"event_choices":[{"damage_healed":0,"gold_gain":0,"player_choice":"Forge","damage_taken":0,"max_hp_gain":0,"max_hp_loss":0,"event_name":"Accursed Blacksmith","floor":13,"gold_loss":0,"cards_upgraded":["Hologram"]},{"cards_removed":["Strike_B"],"damage_healed":0,"gold_gain":0,"player_choice":"Gave Gold","damage_taken":0,"max_hp_gain":0,"max_hp_loss":0,"event_name":"Beggar","floor":21,"gold_loss":75}],"is_beta":false,"boss_relics":[{"not_picked":["Philosopher\u0027s Stone","White Beast Statue"],"picked":"Inserter"}],"items_purged_floors":[],"is_endless":false,"potions_floor_spawned":[1,2,5,10,11,20],"killed_by":"Snake Plant","ascension_level":12}