{"gold_per_floor":[113,188,34,34,53,80,93,119,119,119,16,36,52,78,78,178,178,198,213,213,227,10,40,40,75,152,152],"floor_reached":27,"playtime":2137,"items_purged":["Strike_B"],"score":312,"play_id":"ea336d61-1dcd-43db-8626-b419bb2320e7","local_time":"20190805224231","is_ascension_mode":true,"campfire_choices":[{"data":"Sunder","floor":10,"key":"SMITH"},{"data":"Consume","floor":15,"key":"SMITH"},{"floor":24,"key":"REST"}],"neow_cost":"NONE","seed_source_timestamp":184973672737,"circlet_count":0,"master_deck":["Strike_B","Strike_B","Defend_B+1","Defend_B","Defend_B","Defend_B","Zap","Dualcast","Steam+1","Sunder+1","Cold Snap","Consume+1","Gash","Cold Snap","Melter","Echo Form","Buffer","Steam+1","Hologram","Pain","Defragment","Go for the Eyes","Undo"],"relics":["Cracked Core","Blood Vial","Happy Flower","Art of War","Letter Opener","Vajra","Anchor","Philosopher\u0027s Stone","WarpedTongs","War Paint","Ginger","Matryoshka"],"potions_floor_usage":[8,8,16,23,25,25],"damage_taken":[{"damage":1,"enemies":"Cultist","floor":1,"turns":3},{"damage":0,"enemies":"2 Louse","floor":5,"turns":2},{"damage":15,"enemies":"3 Sentries","floor":6,"turns":8},{"damage":0,"enemies":"Small Slimes","floor":7,"turns":2},{"damage":2,"enemies":"Gremlin Nob","floor":8,"turns":3},{"damage":2,"enemies":"Blue Slaver","floor":12,"turns":2},{"damage":0,"enemies":"2 Fungi Beasts","floor":13,"turns":1},{"damage":19,"enemies":"3 Sentries","floor":14,"turns":5},{"damage":8,"enemies":"Hexaghost","floor":16,"turns":9},{"damage":0,"enemies":"Spheric Guardian","floor":18,"turns":1},{"damage":22,"enemies":"3 Byrds","floor":19,"turns":5},{"damage":16,"enemies":"Shelled Parasite and Fungi","floor":21,"turns":5},{"damage":17,"enemies":"Slavers","floor":23,"turns":6},{"damage":35,"enemies":"Gremlin Leader","floor":25,"turns":6},{"damage":15,"enemies":"Chosen and Byrds","floor":27,"turns":7}],"seed_played":"-7352114451296199026","potions_obtained":[{"floor":5,"key":"Weak Potion"},{"floor":7,"key":"FearPotion"},{"floor":19,"key":"AttackPotion"},{"floor":23,"key":"AttackPotion"},{"floor":25,"key":"FocusPotion"}],"is_trial":false,"path_per_floor":["M","?","$","?","M","E","M","E","T","R","$","M","M","E","R","B",null,"M","M","?","M","$","E","R","E","T","M"],"character_chosen":"DEFECT","items_purchased":["Happy Flower","Gash","Weak Potion","Defragment","Go for the Eyes","Block Potion"],"campfire_rested":1,"item_purchase_floors":[3,11,11,22,22,22],"current_hp_per_floor":[74,63,63,63,65,52,54,54,54,54,54,54,56,39,39,33,75,75,53,53,39,39,24,46,13,13,0],"gold":152,"neow_bonus":"RANDOM_COMMON_RELIC","is_prod":false,"is_daily":false,"chose_seed":false,"campfire_upgraded":2,"win_rate":0,"timestamp":1565037751,"path_taken":["M","?","$","?","M","E","M","E","T","R","$","?","M","E","R","BOSS","M","M","?","M","$","E","R","E","T","M"],"build_version":"2019-07-17","purchased_purges":1,"victory":false,"max_hp_per_floor":[75,75,75,75,75,75,75,75,75,75,75,75,75,75,75,75,75,75,75,75,75,75,75,75,75,75,75],"card_choices":[{"not_picked":["Hologram","Self Repair"],"picked":"Steam","floor":1},{"not_picked":["Fusion","Redo"],"picked":"Sunder","floor":5},{"not_picked":["Meteor Strike","Scrape","Hologram"],"picked":"SKIP","floor":6},{"not_picked":["Hello World","Blizzard"],"picked":"Cold Snap","floor":7},{"not_picked":["Aggregate","Hello World"],"picked":"Consume","floor":8},{"not_picked":["Hologram","Rebound"],"picked":"Cold Snap","floor":12},{"not_picked":["Self Repair","Ball Lightning"],"picked":"Melter","floor":13},{"not_picked":["Hologram","Fusion"],"picked":"Echo Form","floor":14},{"not_picked":["Multi-Cast","Biased Cognition"],"picked":"Buffer","floor":16},{"not_picked":["Recycle","Conserve Battery"],"picked":"Steam+1","floor":18},{"not_picked":["Aggregate","Turbo"],"picked":"Hologram","floor":19},{"not_picked":["Fusion","Ball Lightning","Compile Driver"],"picked":"SKIP","floor":21},{"not_picked":["Steam","Leap","Compile Driver"],"picked":"SKIP","floor":23},{"not_picked":["Hologram","Tempest"],"picked":"Undo","floor":25}],"player_experience":722545,"relics_obtained":[{"floor":6,"key":"Art of War"},{"floor":8,"key":"Letter Opener"},{"floor":9,"key":"Vajra"},{"floor":14,"key":"Anchor"},{"floor":23,"key":"War Paint"},{"floor":25,"key":"Ginger"},{"floor":26,"key":"Matryoshka"}],"event_choices":[{"damage_healed":0,"gold_gain":75,"player_choice":"Gather Gold","damage_taken":11,"max_hp_gain":0,"max_hp_loss":0,"event_name":"World of Goop","floor":2,"gold_loss":0},{"cards_removed":["Strike_B"],"damage_healed":0,"gold_gain":0,"player_choice":"Purged","damage_taken":0,"max_hp_gain":0,"max_hp_loss":0,"event_name":"Purifier","floor":4,"gold_loss":0},{"damage_healed":0,"gold_gain":0,"player_choice":"Rummage","damage_taken":0,"relics_obtained":["WarpedTongs"],"max_hp_gain":0,"max_hp_loss":0,"event_name":"Accursed Blacksmith","floor":20,"gold_loss":0,"cards_obtained":["Pain"]}],"is_beta":false,"boss_relics":[{"not_picked":["Fusion Hammer","Velvet Choker"],"picked":"Philosopher\u0027s Stone"}],"items_purged_floors":[22],"is_endless":false,"potions_floor_spawned":[5,7,19,23,25],"killed_by":"Chosen and Byrds","ascension_level":3}