{"path_per_floor":["M","M","M","M","M","R","$","R","T","M","M","M","M","M","R","B",null,"M","M","M","$","M","R","$","M","T","?","M","R","M"],"character_chosen":"DEFECT","items_purchased":["Defragment","Strawberry"],"gold_per_floor":[109,129,146,163,177,177,67,67,145,163,174,191,210,228,228,332,332,352,363,377,127,138,138,13,31,31,31,50,50,60,60],"floor_reached":31,"campfire_rested":4,"playtime":1815,"item_purchase_floors":[7,21],"current_hp_per_floor":[69,69,63,21,15,37,37,37,37,25,19,33,23,19,41,10,75,75,66,35,42,17,41,41,25,25,25,32,56,37,0],"items_purged":["Strike_B","Fission","Ball Lightning"],"gold":60,"score":239,"play_id":"2f784083-df91-4279-b982-dfe4b60cab00","local_time":"20180619210748","is_prod":false,"is_daily":false,"chose_seed":false,"is_ascension_mode":false,"campfire_upgraded":1,"win_rate":0,"timestamp":1529435268,"campfire_choices":[{"floor":6,"key":"REST"},{"data":"Defragment","floor":8,"key":"SMITH"},{"floor":15,"key":"REST"},{"floor":23,"key":"REST"},{"floor":29,"key":"REST"}],"path_taken":["M","M","M","M","M","R","$","R","T","M","M","M","M","M","R","BOSS","M","M","?","$","M","R","$","M","T","?","M","R","M","M"],"build_version":"2018-06-14v2","seed_source_timestamp":20414341593116,"purchased_purges":3,"victory":false,"master_deck":["Zap","Dualcast","Melter","Hologram","White Noise","Chaos","Defragment+1","Self Repair","Ball Lightning","Multi-Cast","Capacitor","Conserve Battery","White Noise","Sunder","Steam","Tempest","Meteor Strike","Consume+1"],"max_hp_per_floor":[75,75,75,75,75,75,75,75,75,75,75,75,75,75,75,75,75,75,75,75,82,82,82,82,82,82,82,82,82,82,82],"relics":["Cracked Core","Bottled Flame","Pandora\u0027s Box","Strawberry","The Courier"],"card_choices":[{"not_picked":["Reprogram","Go for the Eyes"],"picked":"Melter","floor":1},{"not_picked":["Gash","Sweeping Beam","Force Field"],"picked":"SKIP","floor":2},{"not_picked":["Barrage","Compile Driver"],"picked":"Hologram","floor":3},{"not_picked":["Hologram","Scrape"],"picked":"White Noise","floor":4},{"not_picked":["Stack","Steam Power"],"picked":"Chaos","floor":5},{"not_picked":["Cold Snap","Gash","Stack"],"picked":"SKIP","floor":10},{"not_picked":["Reboot","Lockon"],"picked":"Self Repair","floor":11},{"not_picked":["Double Energy","Coolheaded"],"picked":"Ball Lightning","floor":12},{"not_picked":["Self Repair","Barrage","Gash"],"picked":"SKIP","floor":13},{"not_picked":["Beam Cell","BootSequence","White Noise"],"picked":"SKIP","floor":14},{"not_picked":["Echo Form","Hyperbeam"],"picked":"Multi-Cast","floor":16},{"not_picked":["Barrage","Cold Snap","Steam"],"picked":"SKIP","floor":18},{"not_picked":["Darkness","Compile Driver","Blizzard"],"picked":"SKIP","floor":19},{"not_picked":["Sweeping Beam+1","Stack","Steam+1"],"picked":"SKIP","floor":20},{"not_picked":["Meteor Strike","Stack","Compile Driver+1"],"picked":"SKIP","floor":22},{"not_picked":["Stack","Compile Driver+1"],"picked":"Meteor Strike","floor":22},{"not_picked":["Ball Lightning","Melter","Conserve Battery"],"picked":"SKIP","floor":25},{"not_picked":["White Noise","Steam","Aggregate+1"],"picked":"SKIP","floor":28},{"not_picked":["Gash","Redo"],"picked":"Consume+1","floor":30}],"player_experience":246319,"potions_floor_usage":[4,11,20,22],"damage_taken":[{"damage":6,"enemies":"Cultist","floor":1,"turns":3},{"damage":0,"enemies":"2 Louse","floor":2,"turns":2},{"damage":6,"enemies":"Jaw Worm","floor":3,"turns":2},{"damage":42,"enemies":"Exordium Thugs","floor":4,"turns":5},{"damage":6,"enemies":"Exordium Wildlife","floor":5,"turns":3},{"damage":12,"enemies":"Looter","floor":10,"turns":4},{"damage":6,"enemies":"Large Slime","floor":11,"turns":3},{"damage":0,"enemies":"3 Louse","floor":12,"turns":3},{"damage":17,"enemies":"Looter","floor":13,"turns":4},{"damage":11,"enemies":"2 Fungi Beasts","floor":14,"turns":4},{"damage":38,"enemies":"The Guardian","floor":16,"turns":11},{"damage":0,"enemies":"Spheric Guardian","floor":18,"turns":1},{"damage":16,"enemies":"Shell Parasite","floor":19,"turns":4},{"damage":38,"enemies":"3 Cultists","floor":20,"turns":5},{"damage":25,"enemies":"Cultist and Chosen","floor":22,"turns":5},{"damage":23,"enemies":"Snecko","floor":25,"turns":4},{"damage":0,"enemies":"Sentry and Sphere","floor":28,"turns":3},{"damage":26,"enemies":"Snake Plant","floor":30,"turns":4},{"damage":45,"enemies":"Slaver and Parasite","floor":31,"turns":3}],"relics_obtained":[{"floor":9,"key":"Bottled Flame"},{"floor":26,"key":"The Courier"}],"event_choices":[{"event_name":"Vampires","player_choice":"Ignored","floor":27,"damage_taken":0}],"boss_relics":[{"not_picked":["Busted Crown","Runic Pyramid"],"picked":"Pandora\u0027s Box"}],"items_purged_floors":[7,21,24],"is_endless":false,"potions_floor_spawned":[1,5,12,16,19,20,28,30],"seed_played":"1990624599734168228","killed_by":"Slaver and Parasite","ascension_level":0,"potions_obtained":[{"floor":1,"key":"Swift Potion"},{"floor":5,"key":"Fire Potion"},{"floor":12,"key":"Strength Potion"},{"floor":16,"key":"SteroidPotion"},{"floor":19,"key":"Poison Potion"},{"floor":20,"key":"Ancient Potion"},{"floor":28,"key":"GamblersBrew"}],"is_trial":false}