{"gold_per_floor":[118,129,149,224,244,244,262,280,280,299,312,312,339,350,350,350],"floor_reached":16,"playtime":432,"items_purged":[],"score":173,"play_id":"0b5f62d9-e535-41b1-88f9-0a27d956249a","local_time":"20180817004315","is_ascension_mode":true,"campfire_choices":[{"data":"Sunder","floor":6,"key":"SMITH"},{"floor":15,"key":"REST"}],"neow_cost":"NONE","seed_source_timestamp":127320943299189,"circlet_count":0,"master_deck":["Strike_B","Strike_B","Strike_B","Strike_B","Defend_B+1","Defend_B","Defend_B","Defend_B","Zap","Dualcast","AscendersBane","BootSequence+1","Sunder+1","White Noise","Go for the Eyes","Conserve Battery","Ball Lightning","Chill","BootSequence"],"relics":["Cracked Core","NeowsBlessing","Bottled Lightning","Vajra"],"potions_floor_usage":[10,13],"damage_taken":[{"damage":0,"enemies":"2 Louse","floor":1,"turns":1},{"damage":0,"enemies":"Small Slimes","floor":2,"turns":1},{"damage":0,"enemies":"Jaw Worm","floor":3,"turns":1},{"damage":2,"enemies":"Exordium Wildlife","floor":5,"turns":4},{"damage":4,"enemies":"Red Slaver","floor":7,"turns":2},{"damage":0,"enemies":"Blue Slaver","floor":8,"turns":4},{"damage":0,"enemies":"Looter","floor":10,"turns":2},{"damage":0,"enemies":"3 Louse","floor":11,"turns":2},{"damage":29,"enemies":"Gremlin Nob","floor":13,"turns":4},{"damage":6,"enemies":"Large Slime","floor":14,"turns":5},{"damage":31,"enemies":"Slime Boss","floor":16,"turns":3}],"seed_played":"-2101589622124740886","potions_obtained":[{"floor":2,"key":"Fire Potion"},{"floor":5,"key":"FearPotion"},{"floor":8,"key":"LiquidBronze"},{"floor":13,"key":"GamblersBrew"},{"floor":14,"key":"Poison Potion"}],"is_trial":false,"path_per_floor":["M","M","M","?","M","R","M","M","T","M","M","?","E","M","R"],"character_chosen":"DEFECT","items_purchased":[],"campfire_rested":1,"item_purchase_floors":[],"current_hp_per_floor":[68,68,68,57,55,55,51,51,51,51,51,36,7,1,23,0],"gold":350,"neow_bonus":"THREE_ENEMY_KILL","is_prod":false,"is_daily":false,"chose_seed":false,"campfire_upgraded":1,"win_rate":0,"timestamp":1534434195,"path_taken":["M","M","M","?","M","R","M","M","T","M","M","?","E","M","R","BOSS"],"build_version":"2018-08-09","purchased_purges":0,"victory":false,"max_hp_per_floor":[75,75,75,75,75,75,75,75,75,75,75,75,75,75,75,75],"card_choices":[{"not_picked":["Redo","Rip and Tear","Heatsinks"],"picked":"SKIP","floor":1},{"not_picked":["Steam","Conserve Battery"],"picked":"BootSequence","floor":2},{"not_picked":["Barrage","Stack"],"picked":"Sunder","floor":3},{"not_picked":["Blizzard","Steam"],"picked":"White Noise","floor":5},{"not_picked":["Reinforced Body","Compile Driver"],"picked":"Go for the Eyes","floor":7},{"not_picked":["Meteor Strike","Redo","Compile Driver"],"picked":"SKIP","floor":8},{"not_picked":["Genetic Algorithm","Cold Snap"],"picked":"Conserve Battery","floor":10},{"not_picked":["Skim","Go for the Eyes"],"picked":"Ball Lightning","floor":11},{"not_picked":["Force Field","Streamline"],"picked":"Chill","floor":13},{"not_picked":["Go for the Eyes","Skim"],"picked":"BootSequence","floor":14}],"player_experience":235240,"relics_obtained":[{"floor":9,"key":"Bottled Lightning"},{"floor":13,"key":"Vajra"}],"event_choices":[{"event_name":"World of Goop","player_choice":"Gather Gold","floor":4,"damage_taken":0},{"event_name":"Shining Light","player_choice":"Entered Light","floor":12,"damage_taken":0}],"is_beta":false,"boss_relics":[],"items_purged_floors":[],"is_endless":false,"potions_floor_spawned":[2,5,8,13,14],"killed_by":"Slime Boss","ascension_level":12}