{"gold_per_floor":[219,235,254,269,37,37,37,50,73,100,100,117,128,153,153,256,256,274,291,305,305,321,335,191,209,209,229,229,178,191,222,222,323,323,335,352,368,368,94,94,129,139,139,168,168,43,60,160,160,160],"floor_reached":51,"playtime":3666,"items_purged":["Strike_R","Strike_R","Parasite"],"score":806,"play_id":"b0a75e51-b98e-435f-88f4-d824c9c68f72","local_time":"20190926012854","is_ascension_mode":true,"campfire_choices":[{"data":"Armaments","floor":6.0,"key":"SMITH"},{"data":"Battle Trance","floor":11.0,"key":"SMITH"},{"data":"Enlightenment","floor":15.0,"key":"SMITH"},{"data":"Bludgeon","floor":28.0,"key":"SMITH"},{"data":"True Grit","floor":32.0,"key":"SMITH"},{"floor":40.0,"key":"REST"},{"floor":45,"key":"REST"},{"data":"True Grit","floor":49,"key":"SMITH"}],"neow_cost":"NONE","seed_source_timestamp":285503923767400,"circlet_count":0,"master_deck":["Strike_R","Strike_R","Strike_R","Defend_R","Defend_R","Defend_R","Defend_R","Bash","Cleave","Shockwave","Armaments+1","Enlightenment+1","Battle Trance+1","Impervious","Carnage","Bludgeon+1","Seeing Red+1","Clothesline+1","Carnage","Flame Barrier","True Grit+1","Armaments+1","Feed","Sword Boomerang+1","Evolve","Inflame","Warcry+1","Panacea","True Grit+1","Clothesline+1","Shockwave"],"special_seed":0,"relics":["Burning Blood","PreservedInsect","Centennial Puzzle","Red Skull","Happy Flower","Runic Pyramid","Singing Bowl","Juzu Bracelet","Orrery","Oddly Smooth Stone","Pen Nib","Sundial","Boot","Magic Flower"],"potions_floor_usage":[44,50],"damage_taken":[{"damage":2.0,"enemies":"Small Slimes","floor":1.0,"turns":4.0},{"damage":6.0,"enemies":"Cultist","floor":2.0,"turns":3.0},{"damage":0.0,"enemies":"2 Louse","floor":3.0,"turns":2.0},{"damage":11.0,"enemies":"Blue Slaver","floor":4.0,"turns":5.0},{"damage":2.0,"enemies":"Large Slime","floor":8.0,"turns":6.0},{"damage":4.0,"enemies":"Gremlin Nob","floor":10.0,"turns":3.0},{"damage":8.0,"enemies":"Lots of Slimes","floor":12.0,"turns":3.0},{"damage":0.0,"enemies":"Red Slaver","floor":13.0,"turns":4.0},{"damage":13.0,"enemies":"Lagavulin","floor":14.0,"turns":3.0},{"damage":22.0,"enemies":"The Guardian","floor":16.0,"turns":11.0},{"damage":13.0,"enemies":"Shell Parasite","floor":18.0,"turns":5.0},{"damage":14.0,"enemies":"3 Byrds","floor":19.0,"turns":6.0},{"damage":1.0,"enemies":"Snake Plant","floor":20.0,"turns":2.0},{"damage":0.0,"enemies":"Snecko","floor":22.0,"turns":3.0},{"damage":7.0,"enemies":"Shelled Parasite and Fungi","floor":23.0,"turns":3.0},{"damage":8.0,"enemies":"Cultist and Chosen","floor":25.0,"turns":5.0},{"damage":0.0,"enemies":"Sentry and Sphere","floor":27.0,"turns":3.0},{"damage":0.0,"enemies":"Centurion and Healer","floor":30.0,"turns":5.0},{"damage":9.0,"enemies":"Slavers","floor":31.0,"turns":4.0},{"damage":26.0,"enemies":"Collector","floor":33.0,"turns":10.0},{"damage":32.0,"enemies":"3 Darklings","floor":35.0,"turns":9.0},{"damage":8.0,"enemies":"3 Shapes","floor":36.0,"turns":7.0},{"damage":34.0,"enemies":"Writhing Mass","floor":37.0,"turns":7.0},{"damage":29.0,"enemies":"Giant Head","floor":41.0,"turns":7.0},{"damage":25.0,"enemies":"Jaw Worm Horde","floor":42.0,"turns":5.0},{"damage":3,"enemies":"Reptomancer","floor":44,"turns":3},{"damage":11,"enemies":"3 Darklings","floor":47,"turns":5},{"damage":14,"enemies":"Mind Bloom Boss Battle","floor":48,"turns":8},{"damage":56,"enemies":"Time Eater","floor":50,"turns":9}],"seed_played":"-6761141425934703217","potions_obtained":[{"floor":3.0,"key":"SkillPotion"},{"floor":4.0,"key":"SpeedPotion"},{"floor":7.0,"key":"SpeedPotion"},{"floor":7.0,"key":"Swift Potion"},{"floor":22.0,"key":"PowerPotion"},{"floor":36.0,"key":"Regen Potion"},{"floor":37.0,"key":"Fruit Juice"},{"floor":42.0,"key":"Strength Potion"}],"is_trial":false,"path_per_floor":["M","M","M","M","$","R","?","M","T","E","R","M","M","E","R","B",null,"M","M","M","?","M","M","$","M","T","M","R","$","M","E","R","B",null,"M","M","M","?","$","R","E","M","T","E","R","$","M","?","R","B",null],"character_chosen":"IRONCLAD","items_purchased":["PreservedInsect","Enlightenment","Flame Barrier","True Grit","Oddly Smooth Stone","True Grit"],"campfire_rested":2,"item_purchase_floors":[5,5,24,29,39,39],"current_hp_per_floor":[80,80,80,75,75,75,75,79,79,80,80,78,80,73,73,57,80,73,65,70,70,76,75,75,73,73,81,81,81,84,81,81,61,88,64,68,61,55,55,87,64,51,51,60,96,96,95,89,89,42],"gold":160,"neow_bonus":"HUNDRED_GOLD","is_prod":false,"is_daily":false,"chose_seed":false,"campfire_upgraded":6,"win_rate":0,"timestamp":1569428934,"path_taken":["M","M","M","M","$","R","?","M","T","E","R","M","M","E","R","BOSS","M","M","M","?","M","M","$","M","T","M","R","$","M","E","R","BOSS","M","M","M","?","$","R","E","M","T","E","R","$","M","?","R","BOSS"],"build_version":"2019-07-17","purchased_purges":3,"victory":true,"max_hp_per_floor":[80,80,80,80,80,80,80,80,80,80,80,80,80,80,80,80,80,80,80,80,80,80,80,80,80,80,82,82,82,84,84,84,84,88,90,96,105,109,109,109,109,115,115,121,121,118,122,124,124,124],"card_choices":[{"not_picked":["Thunderclap","Pommel Strike"],"picked":"Cleave","floor":1.0},{"not_picked":["Feel No Pain","Bloodletting"],"picked":"Shockwave","floor":2.0},{"not_picked":["Inflame","Hemokinesis"],"picked":"Armaments","floor":3.0},{"not_picked":["Hemokinesis","Warcry","Blood for Blood"],"picked":"SKIP","floor":4.0},{"not_picked":["Thunderclap","Pommel Strike"],"picked":"Battle Trance","floor":8.0},{"not_picked":["Battle Trance","Pummel","Warcry"],"picked":"SKIP","floor":10.0},{"not_picked":["Pommel Strike","Headbutt"],"picked":"Impervious","floor":12.0},{"not_picked":["Inflame","Shrug It Off"],"picked":"Carnage","floor":13.0},{"not_picked":["Inflame","Iron Wave","Sword Boomerang"],"picked":"SKIP","floor":14.0},{"not_picked":["Limit Break","Dark Embrace"],"picked":"Bludgeon","floor":16.0},{"not_picked":["Warcry","Metallicize","Clash"],"picked":"SKIP","floor":18.0},{"not_picked":["Second Wind","Shrug It Off"],"picked":"Seeing Red+1","floor":19.0},{"not_picked":["Burning Pact+1","Feel No Pain+1","Pummel+1"],"picked":"SKIP","floor":20.0},{"not_picked":["Pommel Strike","Iron Wave+1"],"picked":"Clothesline+1","floor":22.0},{"not_picked":["Burning Pact","Anger+1"],"picked":"Carnage","floor":23.0},{"not_picked":["Perfected Strike","Body Slam+1","Warcry"],"picked":"SKIP","floor":25.0},{"not_picked":["Clash","Anger+1","Exhume"],"picked":"Singing Bowl","floor":27.0},{"not_picked":["Twin Strike+1","Carnage","Spot Weakness"],"picked":"Singing Bowl","floor":30.0},{"not_picked":["Pommel Strike","Iron Wave"],"picked":"Armaments+1","floor":31.0},{"not_picked":["Reaper","Limit Break"],"picked":"Feed","floor":33.0},{"not_picked":["Warcry","Rage"],"picked":"Sword Boomerang+1","floor":34.0},{"not_picked":["Clash","Havoc","Armaments"],"picked":"Singing Bowl","floor":34.0},{"not_picked":["Whirlwind","Dual Wield"],"picked":"Evolve","floor":34.0},{"not_picked":["Blood for Blood","Spot Weakness"],"picked":"Inflame","floor":34.0},{"not_picked":["Rupture+1","Combust","Disarm"],"picked":"Singing Bowl","floor":34.0},{"not_picked":["Clash","Anger","Sword Boomerang+1"],"picked":"Singing Bowl","floor":35.0},{"not_picked":["Twin Strike","Anger+1","Warcry+1"],"picked":"Singing Bowl","floor":36.0},{"not_picked":["Hemokinesis+1","Battle Trance+1"],"picked":"Warcry+1","floor":37.0},{"not_picked":["PanicButton","Dark Shackles","Flash of Steel"],"picked":"Singing Bowl","floor":38.0},{"not_picked":["Forethought","Impatience","Transmutation"],"picked":"Singing Bowl","floor":38.0},{"not_picked":["Deep Breath","Jack Of All Trades"],"picked":"Panacea","floor":38.0},{"not_picked":["Offering","Flame Barrier+1"],"picked":"Clothesline+1","floor":41.0},{"not_picked":["Spot Weakness","Carnage","Cleave"],"picked":"Singing Bowl","floor":42.0},{"not_picked":["Flex","Iron Wave+1","Sword Boomerang+1"],"picked":"Singing Bowl","floor":44},{"not_picked":["Infernal Blade","True Grit"],"picked":"Shockwave","floor":47},{"not_picked":["Cleave+1","Shrug It Off+1","Heavy Blade"],"picked":"Singing Bowl","floor":48}],"player_experience":486403,"relics_obtained":[{"floor":9.0,"key":"Centennial Puzzle"},{"floor":10.0,"key":"Red Skull"},{"floor":14.0,"key":"Happy Flower"},{"floor":26.0,"key":"Singing Bowl"},{"floor":31.0,"key":"Juzu Bracelet"},{"floor":41.0,"key":"Pen Nib"},{"floor":43.0,"key":"Sundial"},{"floor":44,"key":"Boot"},{"floor":48,"key":"Magic Flower"}],"event_choices":[{"damage_healed":0.0,"max_hp_gain":0.0,"max_hp_loss":0.0,"gold_gain":0.0,"event_name":"Lab","player_choice":"Got Potions","floor":7.0,"gold_loss":0.0,"damage_taken":0.0},{"damage_healed":0.0,"max_hp_gain":0.0,"max_hp_loss":0.0,"gold_gain":0.0,"event_name":"Ghosts","player_choice":"Ignored","floor":21.0,"gold_loss":0.0,"damage_taken":0.0},{"damage_healed":0.0,"max_hp_gain":0.0,"max_hp_loss":0.0,"gold_gain":0.0,"event_name":"SensoryStone","player_choice":"Memory 3","floor":38.0,"gold_loss":0.0,"damage_taken":10.0},{"damage_healed":0,"gold_gain":0,"player_choice":"Fight","damage_taken":0,"max_hp_gain":0,"max_hp_loss":0,"event_name":"MindBloom","floor":48,"gold_loss":0}],"is_beta":false,"boss_relics":[{"not_picked":["Mark of Pain","Runic Dome"],"picked":"Runic Pyramid"},{"not_picked":["Snecko Eye","Velvet Choker"],"picked":"Orrery"}],"items_purged_floors":[24,39,46],"is_endless":false,"potions_floor_spawned":[3,4,8,10,14,18,22,23,25,33,36,37,42],"ascension_level":1}