{"path_per_floor":["M","M","M","?","M","E","?","$","T","?","M","M","M","?","R","B",null,"M","$","M","M","?","R","?","M","T","$"],"character_chosen":"THE_SILENT","items_purchased":["Noxious Fumes","Sadistic Nature","Apotheosis"],"gold_per_floor":[119,130,150,150,160,187,187,40,340,340,355,374,391,391,391,488,488,508,201,211,226,226,226,226,242,267,71,71],"floor_reached":28,"campfire_rested":2,"playtime":2827,"current_hp_per_floor":[70,69,69,69,53,22,22,22,22,15,11,9,7,7,28,35,70,58,58,32,24,8,29,29,7,7,7,0],"items_purged":["Strike_G","Strike_G"],"gold":71,"score":233,"play_id":"53f0a382-07c4-45bc-859c-67bd506beea5","local_time":"20180511212601","is_prod":false,"is_daily":false,"chose_seed":false,"is_ascension_mode":true,"campfire_upgraded":0,"timestamp":1526099161,"path_taken":["M","M","M","?","M","E","?","$","T","?","?","M","?","?","R","BOSS","M","?","M","M","?","R","?","?","T","$","M"],"build_version":"2018-05-10","seed_source_timestamp":0,"purchased_purges":2,"victory":false,"master_deck":["Defend_G","Defend_G","Defend_G","Defend_G","Strike_G","Strike_G","Strike_G","Survivor","Neutralize","Acrobatics","Setup","All Out Attack","Regret","Caltrops","Dash","Noxious Fumes","Caltrops","Bouncing Flask","Blur","Tools of the Trade","Infinite Blades","Sadistic Nature","Underhanded Strike","Dodge and Roll+1","Apotheosis"],"max_hp_per_floor":[70,70,70,70,70,70,70,70,70,70,70,70,70,70,70,70,70,70,70,70,70,70,70,70,70,70,70,70],"relics":["Velvet Choker","Shovel","Mummified Hand","Dodecahedron","Old Coin","Pantograph","Lizard Tail","Enchiridion","Ancient Tea Set"],"card_choices":[{"not_picked":["Bane","Sucker Punch"],"picked":"Acrobatics","floor":1.0},{"not_picked":["Underhanded Strike","Backflip"],"picked":"Setup","floor":2.0},{"not_picked":["Malaise","Quick Slash"],"picked":"All Out Attack","floor":3.0},{"not_picked":["Quick Slash","Underhanded Strike"],"picked":"Caltrops","floor":5.0},{"not_picked":["Catalyst","Quick Slash"],"picked":"Dash","floor":6.0},{"not_picked":["Acrobatics","Slice"],"picked":"Caltrops","floor":11.0},{"not_picked":["Acrobatics","Expertise"],"picked":"Bouncing Flask","floor":12.0},{"not_picked":["Burst","Die Die Die"],"picked":"Tools of the Trade","floor":16.0},{"not_picked":["Malaise","Dagger Throw"],"picked":"Infinite Blades","floor":18.0},{"not_picked":["Poisoned Stab","Quick Slash"],"picked":"Underhanded Strike","floor":20.0},{"not_picked":["Outmaneuver","Terror"],"picked":"Dodge and Roll","floor":21}],"player_experience":359127,"potions_floor_usage":[21,21],"damage_taken":[{"damage":0.0,"enemies":"Small Slimes","floor":1.0,"turns":3.0},{"damage":1.0,"enemies":"Jaw Worm","floor":2.0,"turns":4.0},{"damage":0.0,"enemies":"Cultist","floor":3.0,"turns":4.0},{"damage":16.0,"enemies":"Large Slime","floor":5.0,"turns":9.0},{"damage":31.0,"enemies":"Gremlin Nob","floor":6.0,"turns":6.0},{"damage":4.0,"enemies":"Exordium Wildlife","floor":11.0,"turns":3.0},{"damage":2.0,"enemies":"Looter","floor":12.0,"turns":4.0},{"damage":2.0,"enemies":"Blue Slaver","floor":13.0,"turns":4.0},{"damage":18.0,"enemies":"The Guardian","floor":16.0,"turns":9.0},{"damage":12.0,"enemies":"3 Byrds","floor":18.0,"turns":4.0},{"damage":26.0,"enemies":"Spheric Guardian","floor":20.0,"turns":6.0},{"damage":43,"enemies":"Slaver and Parasite","floor":21,"turns":6},{"damage":22,"enemies":"Snecko","floor":25,"turns":6},{"damage":9,"enemies":"3 Cultists","floor":28,"turns":3}],"event_choices":[{"event_name":"Big Fish","player_choice":"Box","floor":4.0,"damage_taken":0.0},{"event_name":"Dead Adventurer","player_choice":"Searched \u00272\u0027 times","floor":7.0,"damage_taken":0.0},{"event_name":"Scrap Ooze","player_choice":"success","floor":10.0,"damage_taken":7.0},{"event_name":"Living Wall","player_choice":"Change","floor":14.0,"damage_taken":0.0},{"event_name":"Cursed Tome","player_choice":"Obtained Book","floor":22,"damage_taken":0},{"event_name":"The Woman in Blue","player_choice":"Bought 0 Potions","floor":24,"damage_taken":0}],"boss_relics":[],"potions_floor_spawned":[2,11,13,16,20],"seed_played":"-8275057654928130662","killed_by":"3 Cultists","ascension_level":1,"is_trial":false}