{"gold_per_floor":[109,124,141,157,57,85,85,143,168,168,197,197,219,234,234,336,336,353,353,278,304,6,31,31,31,113,86,0,31,49,49],"floor_reached":31,"playtime":1230,"items_purged":["Strike_R"],"score":291,"play_id":"ede42a9e-40c4-4854-9200-5d272fa015e5","local_time":"20190322041141","is_ascension_mode":false,"campfire_choices":[{"data":"Bash","floor":10,"key":"SMITH"},{"data":"Rampage","floor":15,"key":"SMITH"},{"data":"Limit Break","floor":24,"key":"SMITH"}],"neow_cost":"NONE","seed_source_timestamp":45694620812828,"circlet_count":0,"master_deck":["Strike_R","Strike_R","Strike_R","Defend_R","Defend_R","Defend_R","Defend_R","Bash+1","Cleave","Anger","Ghostly Armor","Armaments+1","Whirlwind","Impervious","Rampage+1","Juggernaut","J.A.X.","Limit Break+1","Headbutt+1","Spot Weakness"],"relics":["Burning Blood","Happy Flower","Tiny Chest","Potion Belt","Odd Mushroom","Eternal Feather","Regal Pillow","Vajra","Blood Vial","PreservedInsect","Dodecahedron","Smiling Mask"],"potions_floor_usage":[2,16,29,29,30,31,31],"damage_taken":[{"damage":14,"enemies":"Jaw Worm","floor":1,"turns":4},{"damage":0,"enemies":"2 Louse","floor":2,"turns":1},{"damage":4,"enemies":"Small Slimes","floor":3,"turns":3},{"damage":6,"enemies":"2 Fungi Beasts","floor":4,"turns":4},{"damage":20,"enemies":"3 Sentries","floor":6,"turns":8},{"damage":16,"enemies":"Lagavulin","floor":8,"turns":10},{"damage":22,"enemies":"3 Sentries","floor":11,"turns":7},{"damage":5,"enemies":"The Mushroom Lair","floor":13,"turns":4},{"damage":0,"enemies":"Looter","floor":14,"turns":3},{"damage":19,"enemies":"Slime Boss","floor":16,"turns":11},{"damage":26,"enemies":"Shell Parasite","floor":18,"turns":8},{"damage":54,"enemies":"Slavers","floor":23,"turns":9},{"damage":34,"enemies":"2 Thieves","floor":27,"turns":5},{"damage":13,"enemies":"Gremlin Leader","floor":29,"turns":5},{"damage":9,"enemies":"Centurion and Healer","floor":30,"turns":5},{"damage":21,"enemies":"Slavers","floor":31,"turns":3}],"seed_played":"-1306770980723763348","potions_obtained":[{"floor":0,"key":"Explosive Potion"},{"floor":0,"key":"EssenceOfSteel"},{"floor":0,"key":"GamblersBrew"},{"floor":2,"key":"Dexterity Potion"},{"floor":3,"key":"Energy Potion"},{"floor":6,"key":"Fire Potion"},{"floor":14,"key":"Ancient Potion"},{"floor":16,"key":"EssenceOfSteel"},{"floor":23,"key":"Swift Potion"},{"floor":29,"key":"SkillPotion"}],"is_trial":false,"path_per_floor":["M","M","M","M","$","E","?","E","T","R","E","?","?","M","R","B",null,"M","?","?","T","$","E","R","?","T","M","?","E","M","E"],"character_chosen":"IRONCLAD","items_purchased":["Armaments","Vajra","Blood Vial"],"campfire_rested":0,"item_purchase_floors":[5,22,22],"current_hp_per_floor":[72,78,80,80,80,66,66,56,56,56,40,40,41,47,47,34,80,60,60,60,60,60,14,23,49,49,23,23,18,17,0],"gold":49,"neow_bonus":"THREE_SMALL_POTIONS","is_prod":false,"is_daily":false,"chose_seed":false,"campfire_upgraded":3,"win_rate":0,"timestamp":1553238701,"path_taken":["M","M","M","M","$","E","?","E","T","R","E","?","?","M","R","BOSS","M","?","?","?","$","E","R","?","T","M","?","E","M","E"],"build_version":"2019-01-23","purchased_purges":1,"victory":false,"max_hp_per_floor":[80,80,80,80,80,80,80,80,80,80,80,80,80,80,80,80,80,80,80,80,80,80,80,80,80,80,80,80,80,80,80],"card_choices":[{"not_picked":["Corruption","Pummel"],"picked":"Cleave","floor":1},{"not_picked":["Heavy Blade","Sentinel","Wild Strike"],"picked":"SKIP","floor":2},{"not_picked":["Ghostly Armor","Headbutt"],"picked":"Anger","floor":3},{"not_picked":["Havoc","Reckless Charge"],"picked":"Ghostly Armor","floor":4},{"not_picked":["Sentinel","Hemokinesis"],"picked":"Whirlwind","floor":6},{"not_picked":["Blood for Blood","Body Slam","Power Through"],"picked":"SKIP","floor":8},{"not_picked":["Searing Blow","Power Through"],"picked":"Impervious","floor":11},{"not_picked":["Anger","Body Slam"],"picked":"Rampage","floor":14},{"not_picked":["Berserk","Exhume"],"picked":"Juggernaut","floor":16},{"not_picked":["Intimidate","Heavy Blade","Clash"],"picked":"SKIP","floor":18},{"not_picked":["Body Slam+1","Shrug It Off"],"picked":"Limit Break","floor":23},{"not_picked":["Corruption","Intimidate"],"picked":"Headbutt+1","floor":27},{"not_picked":["True Grit","Sever Soul","Body Slam"],"picked":"SKIP","floor":29},{"not_picked":["Warcry","True Grit"],"picked":"Spot Weakness","floor":30}],"player_experience":348805,"relics_obtained":[{"floor":6,"key":"Happy Flower"},{"floor":8,"key":"Tiny Chest"},{"floor":11,"key":"Potion Belt"},{"floor":13,"key":"Odd Mushroom"},{"floor":21,"key":"Regal Pillow"},{"floor":23,"key":"PreservedInsect"},{"floor":26,"key":"Dodecahedron"},{"floor":29,"key":"Smiling Mask"}],"event_choices":[{"damage_healed":0,"gold_gain":0,"player_choice":"Grow","damage_taken":0,"max_hp_gain":0,"max_hp_loss":0,"event_name":"Living Wall","floor":7,"gold_loss":0,"cards_upgraded":["Armaments"]},{"damage_healed":0,"gold_gain":0,"player_choice":"Ignored","damage_taken":0,"max_hp_gain":0,"max_hp_loss":0,"event_name":"Liars Game","floor":12,"gold_loss":0},{"damage_healed":0,"gold_gain":0,"player_choice":"Fought Mushrooms","damage_taken":0,"max_hp_gain":0,"max_hp_loss":0,"event_name":"Mushrooms","floor":13,"gold_loss":0},{"damage_healed":0,"gold_gain":0,"player_choice":"Obtain J.A.X.","damage_taken":0,"max_hp_gain":0,"max_hp_loss":0,"event_name":"Drug Dealer","floor":19,"gold_loss":0,"cards_obtained":["J.A.X."]},{"cards_removed":["Strike_R"],"damage_healed":0,"gold_gain":0,"player_choice":"Gave Gold","damage_taken":0,"max_hp_gain":0,"max_hp_loss":0,"event_name":"Beggar","floor":20,"gold_loss":75},{"damage_healed":26,"gold_gain":0,"player_choice":"Heal","damage_taken":0,"max_hp_gain":0,"max_hp_loss":0,"event_name":"The Library","floor":25,"gold_loss":0},{"damage_healed":0,"gold_gain":0,"player_choice":"Paid Fearfully","damage_taken":0,"max_hp_gain":0,"max_hp_loss":0,"event_name":"Masked Bandits","floor":28,"gold_loss":86}],"is_beta":false,"boss_relics":[{"not_picked":["Tiny House","Coffee Dripper"],"picked":"Eternal Feather"}],"items_purged_floors":[5],"is_endless":false,"potions_floor_spawned":[2,3,6,14,16,23,29],"killed_by":"Slavers","ascension_level":0}