{"gold_per_floor":[118,118,118,138,157,157,183,201,201,201,220,120,142,162,162,262,262,279,292,182,182,194,225,225,150,150,183,183,218,118,131,131,226,226,239,239,256,275,285,310,322,322,322,332,332,332,20,35,35,35],"floor_reached":51,"playtime":7239,"items_purged":["Strike_R","Defend_R","Writhe"],"score":794,"play_id":"cd33b661-2eca-4969-a109-114fe99dceee","local_time":"20181214210502","is_ascension_mode":false,"campfire_choices":[{"data":"Bash","floor":6,"key":"SMITH"},{"data":"Whirlwind","floor":15,"key":"SMITH"},{"data":"Pommel Strike","floor":24,"key":"SMITH"},{"data":"Armaments","floor":28,"key":"SMITH"},{"data":"Uppercut","floor":32,"key":"SMITH"},{"floor":45,"key":"REST"},{"floor":49,"key":"REST"}],"neow_cost":"NONE","seed_source_timestamp":2334712476752528,"circlet_count":0,"master_deck":["Strike_R+1","Strike_R+1","Defend_R","Bash+1","Shrug It Off","Armaments+1","Corruption","Uppercut+1","Whirlwind+1","Flex","Barricade","Havoc","Pommel Strike+1","Rampage","Dark Embrace","Entrench","Carnage","Carnage","Blood for Blood","Blood for Blood","Juggernaut+1","Burning Pact","Searing Blow+1","Searing Blow+1","Heavy Blade+1","Clothesline","Anger","Metallicize+1","Parasite","Demon Form+1"],"relics":["Cursed Key","Singing Bowl","The Courier","Odd Mushroom","Snecko Eye","Frozen Egg 2","Ancient Tea Set","Red Mask","Sundial","Empty Cage","Ornamental Fan","Dead Branch","Nunchaku"],"potions_floor_usage":[13,13,16,23,39,40,40,48,50],"damage_taken":[{"damage":2,"enemies":"2 Louse","floor":1,"turns":3},{"damage":0,"enemies":"Jaw Worm","floor":4,"turns":2},{"damage":0,"enemies":"Cultist","floor":5,"turns":2},{"damage":9,"enemies":"Gremlin Nob","floor":7,"turns":4},{"damage":0,"enemies":"Looter","floor":8,"turns":3},{"damage":2,"enemies":"Blue Slaver","floor":11,"turns":2},{"damage":11,"enemies":"The Mushroom Lair","floor":13,"turns":5},{"damage":0,"enemies":"3 Louse","floor":14,"turns":1},{"damage":35,"enemies":"Hexaghost","floor":16,"turns":11},{"damage":0,"enemies":"2 Thieves","floor":18,"turns":2},{"damage":0,"enemies":"Spheric Guardian","floor":19,"turns":3},{"damage":0,"enemies":"Snake Plant","floor":22,"turns":4},{"damage":0,"enemies":"Gremlin Leader","floor":23,"turns":4},{"damage":0,"enemies":"Masked Bandits","floor":27,"turns":2},{"damage":15,"enemies":"Book of Stabbing","floor":29,"turns":4},{"damage":0,"enemies":"Centurion and Healer","floor":31,"turns":3},{"damage":7,"enemies":"Champ","floor":33,"turns":6},{"damage":5,"enemies":"3 Shapes","floor":35,"turns":2},{"damage":6,"enemies":"Orb Walker","floor":37,"turns":3},{"damage":0,"enemies":"3 Darklings","floor":38,"turns":2},{"damage":22,"enemies":"Spire Growth","floor":39,"turns":3},{"damage":0,"enemies":"Reptomancer","floor":40,"turns":3},{"damage":18,"enemies":"Maw","floor":41,"turns":4},{"damage":46,"enemies":"Sphere and 2 Shapes","floor":44,"turns":5},{"damage":4,"enemies":"3 Darklings","floor":48,"turns":3},{"damage":7,"enemies":"Awakened One","floor":50,"turns":7}],"seed_played":"-2779834276235615534","potions_obtained":[{"floor":4,"key":"SpeedPotion"},{"floor":11,"key":"BloodPotion"},{"floor":13,"key":"SteroidPotion"},{"floor":22,"key":"SkillPotion"},{"floor":23,"key":"Regen Potion"},{"floor":31,"key":"Explosive Potion"},{"floor":35,"key":"Dexterity Potion"},{"floor":44,"key":"EssenceOfSteel"}],"is_trial":false,"path_per_floor":["M","?","?","M","M","R","E","M","T","?","M","$","?","M","R","B",null,"M","M","$","?","M","E","R","?","T","?","R","E","$","M","R","B",null,"M","?","M","M","M","E","M","?","T","M","R","?","$","M","R","B",null],"character_chosen":"IRONCLAD","items_purchased":["Havoc","Carnage","Nunchaku","Poison Potion","SteroidPotion"],"campfire_rested":2,"item_purchase_floors":[12,20,47,47,47],"current_hp_per_floor":[78,62,62,62,62,62,53,53,53,79,77,77,74,74,74,39,80,82,82,82,82,84,86,86,86,86,88,88,73,73,73,73,66,85,82,82,76,78,65,65,47,47,47,1,27,27,27,25,52,45],"gold":35,"neow_bonus":"BOSS_RELIC","is_prod":false,"is_daily":false,"chose_seed":false,"campfire_upgraded":5,"win_rate":0,"timestamp":1544846702,"path_taken":["M","?","?","?","M","R","E","M","T","?","M","$","?","M","R","BOSS","M","M","$","?","M","E","R","?","T","?","R","E","$","M","R","BOSS","M","?","M","?","M","E","M","?","T","?","R","?","$","M","R","BOSS"],"build_version":"2018-12-13","purchased_purges":3,"victory":true,"max_hp_per_floor":[80,80,80,80,80,80,80,80,80,80,80,80,80,80,80,80,80,82,82,82,82,84,86,86,86,86,88,88,88,88,88,88,88,85,87,87,87,89,89,89,89,89,89,89,89,89,89,91,91,91],"card_choices":[{"not_picked":["Thunderclap","Anger"],"picked":"Shrug It Off","floor":1},{"not_picked":["Sever Soul","Feel No Pain"],"picked":"Corruption","floor":4},{"not_picked":["Warcry","Anger"],"picked":"Uppercut","floor":5},{"not_picked":["Pommel Strike","Sword Boomerang"],"picked":"Whirlwind","floor":7},{"not_picked":["Heavy Blade","Armaments"],"picked":"Flex","floor":8},{"not_picked":["Warcry","Thunderclap"],"picked":"Barricade","floor":11},{"not_picked":["Body Slam","Spot Weakness"],"picked":"Pommel Strike","floor":13},{"not_picked":["Perfected Strike","Headbutt"],"picked":"Rampage","floor":14},{"not_picked":["Fiend Fire","Berserk"],"picked":"Dark Embrace","floor":16},{"not_picked":["Pommel Strike","Reckless Charge","Cleave"],"picked":"Singing Bowl","floor":18},{"not_picked":["Body Slam","Warcry"],"picked":"Entrench","floor":19},{"not_picked":["Wild Strike","Cleave","Clash"],"picked":"Singing Bowl","floor":22},{"not_picked":["Havoc","Cleave+1","Warcry"],"picked":"Singing Bowl","floor":23},{"not_picked":["Twin Strike","Sword Boomerang+1","Perfected Strike"],"picked":"Singing Bowl","floor":27},{"not_picked":["Fiend Fire","Thunderclap"],"picked":"Blood for Blood","floor":29},{"not_picked":["Uppercut","Thunderclap"],"picked":"Blood for Blood","floor":31},{"not_picked":["Fiend Fire","Reaper"],"picked":"Juggernaut+1","floor":33},{"not_picked":["Twin Strike+1","Anger+1","Disarm"],"picked":"Singing Bowl","floor":35},{"not_picked":["Intimidate","Thunderclap"],"picked":"Searing Blow+1","floor":37},{"not_picked":["True Grit","Headbutt","Body Slam"],"picked":"Singing Bowl","floor":38},{"not_picked":["Perfected Strike+1","Clothesline"],"picked":"Searing Blow+1","floor":39},{"not_picked":["Perfected Strike","Carnage"],"picked":"Heavy Blade+1","floor":40},{"not_picked":["Body Slam","Fire Breathing+1"],"picked":"Clothesline","floor":41},{"not_picked":["Infernal Blade+1","Body Slam+1"],"picked":"Demon Form+1","floor":44},{"not_picked":["Sword Boomerang","Flex+1","Clash+1"],"picked":"Singing Bowl","floor":48}],"player_experience":255216,"relics_obtained":[{"floor":7,"key":"Singing Bowl"},{"floor":9,"key":"The Courier"},{"floor":13,"key":"Odd Mushroom"},{"floor":23,"key":"Frozen Egg 2"},{"floor":26,"key":"Ancient Tea Set"},{"floor":27,"key":"Red Mask"},{"floor":29,"key":"Sundial"},{"floor":40,"key":"Ornamental Fan"},{"floor":43,"key":"Dead Branch"}],"event_choices":[{"damage_healed":0,"gold_gain":0,"player_choice":"Entered Light","damage_taken":16,"max_hp_gain":0,"max_hp_loss":0,"event_name":"Shining Light","floor":2,"gold_loss":0,"cards_upgraded":["Strike_R","Strike_R"]},{"damage_healed":0,"gold_gain":0,"cards_transformed":["Strike_R"],"player_choice":"Transformed","damage_taken":0,"max_hp_gain":0,"max_hp_loss":0,"event_name":"Transmorgrifier","floor":3,"gold_loss":0,"cards_obtained":["Armaments"]},{"damage_healed":26,"gold_gain":0,"player_choice":"Banana","damage_taken":0,"max_hp_gain":0,"max_hp_loss":0,"event_name":"Big Fish","floor":10,"gold_loss":0},{"damage_healed":0,"gold_gain":0,"player_choice":"Fought Mushrooms","damage_taken":0,"max_hp_gain":0,"max_hp_loss":0,"event_name":"Mushrooms","floor":13,"gold_loss":0},{"damage_healed":0,"gold_gain":0,"player_choice":"Read","damage_taken":0,"max_hp_gain":0,"max_hp_loss":0,"event_name":"The Library","floor":21,"gold_loss":0,"cards_obtained":["Carnage"]},{"cards_removed":["Strike_R"],"damage_healed":0,"gold_gain":0,"player_choice":"Gave Gold","damage_taken":0,"max_hp_gain":0,"max_hp_loss":0,"event_name":"Beggar","floor":25,"gold_loss":75},{"damage_healed":0,"gold_gain":0,"player_choice":"Fought Bandits","damage_taken":0,"max_hp_gain":0,"max_hp_loss":0,"event_name":"Masked Bandits","floor":27,"gold_loss":0},{"damage_healed":0,"gold_gain":0,"cards_transformed":["Defend_R"],"player_choice":"Transformed","damage_taken":0,"max_hp_gain":0,"max_hp_loss":0,"event_name":"Transmorgrifier","floor":36,"gold_loss":0,"cards_obtained":["Burning Pact"]},{"damage_healed":0,"gold_gain":0,"player_choice":"2 cards matched","damage_taken":0,"max_hp_gain":0,"max_hp_loss":0,"event_name":"Match and Keep!","floor":42,"gold_loss":0,"cards_obtained":["Anger","Metallicize"]},{"damage_healed":0,"gold_gain":0,"player_choice":"Ignored","damage_taken":0,"max_hp_gain":0,"max_hp_loss":0,"event_name":"Mysterious Sphere","floor":46,"gold_loss":0}],"is_beta":true,"boss_relics":[{"not_picked":["Philosopher\u0027s Stone","Runic Dome"],"picked":"Snecko Eye"},{"not_picked":["Runic Cube","Fusion Hammer"],"picked":"Empty Cage"}],"items_purged_floors":[12,20,30],"is_endless":false,"potions_floor_spawned":[4,11,13,22,23,31,35,44],"ascension_level":0}