{"gold_per_floor":[118,118,135,135,147,203,173,173,198,198,242,312,353,369,369,369],"floor_reached":16,"playtime":1063,"items_purged":[],"score":153,"play_id":"d9483cb1-d50e-4614-9572-ab06fc9635da","local_time":"20190411220729","is_ascension_mode":true,"campfire_choices":[{"floor":8,"key":"REST"},{"floor":15,"key":"REST"}],"neow_cost":"NONE","seed_source_timestamp":24079164580029,"circlet_count":0,"master_deck":["Defend_G+1","Defend_G","Defend_G+1","Defend_G","Defend_G","Strike_G","Strike_G","Strike_G","Strike_G","Strike_G","Survivor","Neutralize","Sucker Punch","Deflect","Skewer","Dagger Spray","Leg Sweep","Dash","Cloak And Dagger","Cloak And Dagger"],"relics":["Ring of the Snake","Tiny Chest","War Paint","Golden Idol","Anchor","Strawberry","Orichalcum"],"potions_floor_usage":[6,11,11,12],"damage_taken":[{"damage":0,"enemies":"2 Louse","floor":1,"turns":3},{"damage":1,"enemies":"Jaw Worm","floor":3,"turns":4},{"damage":5,"enemies":"Small Slimes","floor":5,"turns":5},{"damage":25,"enemies":"3 Sentries","floor":6,"turns":13},{"damage":0,"enemies":"Looter","floor":7,"turns":4},{"damage":25,"enemies":"Lagavulin","floor":11,"turns":9},{"damage":15,"enemies":"Gremlin Nob","floor":12,"turns":5},{"damage":7,"enemies":"3 Sentries","floor":13,"turns":10},{"damage":1,"enemies":"Blue Slaver","floor":14,"turns":4},{"damage":45,"enemies":"The Guardian","floor":16,"turns":19}],"seed_played":"5401420178200355736","potions_obtained":[{"floor":0,"key":"SneckoOil"},{"floor":0,"key":"PowerPotion"},{"floor":0,"key":"GhostInAJar"},{"floor":3,"key":"Poison Potion"},{"floor":6,"key":"Fire Potion"}],"is_trial":false,"path_per_floor":["M","?","M","?","M","E","M","R","T","?","E","?","E","M","R","B"],"character_chosen":"THE_SILENT","items_purchased":[],"campfire_rested":2,"item_purchase_floors":[],"current_hp_per_floor":[63,63,62,62,57,32,32,53,53,53,28,20,13,12,33,0],"gold":369,"neow_bonus":"THREE_SMALL_POTIONS","is_prod":false,"is_daily":false,"chose_seed":false,"campfire_upgraded":0,"win_rate":0,"timestamp":1555031249,"path_taken":["M","?","M","?","M","E","?","R","T","?","E","?","E","M","R","BOSS"],"build_version":"2019-01-23","purchased_purges":0,"victory":false,"max_hp_per_floor":[70,70,70,70,70,70,70,70,70,65,65,72,72,72,72,72],"card_choices":[{"not_picked":["Dodge and Roll","Catalyst"],"picked":"Sucker Punch","floor":1},{"not_picked":["Concentrate","Poisoned Stab"],"picked":"Deflect","floor":3},{"not_picked":["Outmaneuver","Envenom","Accuracy"],"picked":"SKIP","floor":5},{"not_picked":["All Out Attack","Blade Dance"],"picked":"Skewer","floor":6},{"not_picked":["Deadly Poison","Deflect"],"picked":"Dagger Spray","floor":7},{"not_picked":["Quick Slash","Accuracy"],"picked":"Leg Sweep","floor":11},{"not_picked":["Tactician","Cloak And Dagger"],"picked":"Dash","floor":12},{"not_picked":["Expertise","Escape Plan"],"picked":"Cloak And Dagger","floor":13},{"not_picked":["All Out Attack","Concentrate"],"picked":"Cloak And Dagger","floor":14}],"player_experience":610154,"relics_obtained":[{"floor":6,"key":"Tiny Chest"},{"floor":9,"key":"War Paint"},{"floor":11,"key":"Anchor"},{"floor":12,"key":"Strawberry"},{"floor":13,"key":"Orichalcum"}],"event_choices":[{"damage_healed":0,"gold_gain":0,"player_choice":"Ignored","damage_taken":0,"max_hp_gain":0,"max_hp_loss":0,"event_name":"Liars Game","floor":2,"gold_loss":0},{"damage_healed":0,"gold_gain":0,"player_choice":"Fled","damage_taken":0,"max_hp_gain":0,"max_hp_loss":0,"event_name":"Scrap Ooze","floor":4,"gold_loss":0},{"damage_healed":0,"gold_gain":0,"player_choice":"Lose Max HP","damage_taken":0,"relics_obtained":["Golden Idol"],"max_hp_gain":0,"max_hp_loss":5,"event_name":"Golden Idol","floor":10,"gold_loss":0},{"damage_healed":0,"gold_gain":0,"player_choice":"Searched \u00271\u0027 times","damage_taken":0,"max_hp_gain":0,"max_hp_loss":0,"event_name":"Dead Adventurer","floor":12,"gold_loss":0}],"is_beta":false,"boss_relics":[],"items_purged_floors":[],"is_endless":false,"potions_floor_spawned":[3,6],"killed_by":"The Guardian","ascension_level":6}