{"gold_per_floor":[118,43,54,54,116,142,156,172,220,150,161,178,189,217,217,292,292,308,30,42,54,72,104,104,4,4,4,35,45,45,345,345,345],"floor_reached":33,"playtime":1243,"items_purged":["Parasite","Strike_R","Strike_R"],"score":493,"play_id":"425eda0b-bd5f-495a-914f-328f3a66fff4","local_time":"20181023142928","is_ascension_mode":true,"campfire_choices":[{"floor":15.0,"key":"REST"},{"data":"Uppercut","floor":24.0,"key":"SMITH"},{"data":"Clothesline","floor":27.0,"key":"SMITH"},{"data":"Shockwave","floor":32.0,"key":"SMITH"}],"neow_cost":"CURSE","seed_source_timestamp":0,"circlet_count":0,"master_deck":["Strike_R","Strike_R+1","Strike_R+1","Defend_R","Defend_R","Defend_R","Defend_R","Bash","AscendersBane","Bludgeon","Shrug It Off","Headbutt","Twin Strike","Shrug It Off","Spot Weakness","True Grit","Clothesline+1","Impervious","Reaper","Uppercut+1","Clothesline+1","Shockwave+1","Heavy Blade","Blood for Blood"],"special_seed":0,"relics":["Burning Blood","Mercury Hourglass","Red Skull","Blood Vial","Snecko Eye","Membership Card","Darkstone Periapt","Meat on the Bone","Question Card","MutagenicStrength","Old Coin"],"potions_floor_usage":[33],"damage_taken":[{"damage":12.0,"enemies":"Jaw Worm","floor":1.0,"turns":2.0},{"damage":1.0,"enemies":"Cultist","floor":3.0,"turns":3.0},{"damage":39.0,"enemies":"3 Sentries","floor":6.0,"turns":10.0},{"damage":7.0,"enemies":"Small Slimes","floor":7.0,"turns":2.0},{"damage":0.0,"enemies":"Exordium Wildlife","floor":8.0,"turns":3.0},{"damage":0.0,"enemies":"Large Slime","floor":11.0,"turns":3.0},{"damage":0.0,"enemies":"Blue Slaver","floor":12.0,"turns":2.0},{"damage":6.0,"enemies":"Lots of Slimes","floor":13.0,"turns":3.0},{"damage":22.0,"enemies":"Lagavulin","floor":14.0,"turns":4.0},{"damage":26.0,"enemies":"Slime Boss","floor":16.0,"turns":11.0},{"damage":1.0,"enemies":"3 Byrds","floor":18.0,"turns":4.0},{"damage":0.0,"enemies":"Chosen","floor":20.0,"turns":4.0},{"damage":18.0,"enemies":"Snake Plant","floor":21.0,"turns":3.0},{"damage":15.0,"enemies":"Centurion and Healer","floor":22.0,"turns":5.0},{"damage":8.0,"enemies":"Gremlin Leader","floor":23.0,"turns":3.0},{"damage":14.0,"enemies":"Book of Stabbing","floor":28.0,"turns":4.0},{"damage":3.0,"enemies":"Sentry and Sphere","floor":29.0,"turns":3.0},{"damage":84,"enemies":"Collector","floor":33,"turns":7}],"seed_played":"-8935772796764529744","potions_obtained":[{"floor":1.0,"key":"SpeedPotion"},{"floor":6.0,"key":"AttackPotion"},{"floor":18.0,"key":"FearPotion"},{"floor":22.0,"key":"AttackPotion"},{"floor":28.0,"key":"Regen Potion"}],"is_trial":false,"path_per_floor":["M","$","M","?","?","E","M","M","T","$","M","M","M","E","R","B",null,"M","$","M","M","M","E","R","$","T","R","E","M","?","T","R"],"character_chosen":"IRONCLAD","items_purchased":["Spot Weakness","Membership Card","Uppercut","Blood for Blood"],"campfire_rested":1,"item_purchase_floors":[10,19,19,25],"current_hp_per_floor":[66,66,71,56,56,23,22,28,28,28,34,40,40,24,47,29,65,77,77,77,65,58,58,58,58,58,58,58,69,69,69,69,0],"gold":345,"neow_bonus":"THREE_RARE_CARDS","is_prod":false,"is_daily":false,"chose_seed":false,"campfire_upgraded":3,"win_rate":0,"timestamp":1540297768,"path_taken":["M","$","M","?","?","E","M","M","T","?","M","?","M","E","R","BOSS","M","$","M","?","M","E","R","$","T","R","E","M","?","?","R","BOSS"],"build_version":"2018-10-18","purchased_purges":3,"victory":false,"max_hp_per_floor":[80,77,77,77,77,77,77,77,77,77,77,77,77,77,77,77,77,77,77,77,77,77,77,77,77,77,77,77,77,77,77,77,77],"card_choices":[{"not_picked":["Berserk","Impervious"],"picked":"Bludgeon","floor":0.0},{"not_picked":["Sword Boomerang","Fire Breathing"],"picked":"Shrug It Off","floor":1.0},{"not_picked":["Sword Boomerang","Clash"],"picked":"Headbutt","floor":3.0},{"not_picked":["Warcry","Heavy Blade","Dual Wield"],"picked":"SKIP","floor":6.0},{"not_picked":["Warcry","Carnage"],"picked":"Twin Strike","floor":7.0},{"not_picked":["Perfected Strike","Twin Strike"],"picked":"Shrug It Off","floor":8.0},{"not_picked":["Hemokinesis","Cleave"],"picked":"True Grit","floor":11.0},{"not_picked":["Fire Breathing","Heavy Blade"],"picked":"Clothesline","floor":12.0},{"not_picked":["Reckless Charge","Headbutt"],"picked":"Impervious","floor":13.0},{"not_picked":["True Grit","Wild Strike","Headbutt"],"picked":"SKIP","floor":14.0},{"not_picked":["Double Tap","Limit Break"],"picked":"Reaper","floor":16.0},{"not_picked":["Reckless Charge","Havoc","Ghostly Armor"],"picked":"SKIP","floor":18.0},{"not_picked":["Cleave+1","Reckless Charge"],"picked":"Clothesline+1","floor":20.0},{"not_picked":["Feel No Pain","Thunderclap"],"picked":"Shockwave","floor":21.0},{"not_picked":["Twin Strike","Armaments"],"picked":"Heavy Blade","floor":22.0},{"not_picked":["Feel No Pain","Evolve","Rupture+1"],"picked":"SKIP","floor":23.0},{"not_picked":["Brutality","Twin Strike","Headbutt"],"picked":"SKIP","floor":28.0},{"not_picked":["Armaments","Clothesline","Spot Weakness","Pommel Strike"],"picked":"SKIP","floor":29.0}],"player_experience":606675,"relics_obtained":[{"floor":6.0,"key":"Mercury Hourglass"},{"floor":9.0,"key":"Red Skull"},{"floor":14.0,"key":"Blood Vial"},{"floor":23.0,"key":"Darkstone Periapt"},{"floor":26.0,"key":"Meat on the Bone"},{"floor":28.0,"key":"Question Card"},{"floor":31.0,"key":"Old Coin"}],"event_choices":[{"damage_healed":0.0,"max_hp_gain":0.0,"max_hp_loss":0.0,"gold_gain":0.0,"event_name":"Shining Light","player_choice":"Entered Light","floor":4.0,"gold_loss":0.0,"damage_taken":15.0,"cards_upgraded":["Strike_R","Strike_R"]},{"damage_healed":0.0,"max_hp_gain":0.0,"max_hp_loss":0.0,"gold_gain":62.0,"event_name":"Golden Wing","player_choice":"Gained Gold","floor":5.0,"gold_loss":0.0,"damage_taken":0.0},{"damage_healed":0.0,"max_hp_gain":0.0,"max_hp_loss":0.0,"gold_gain":0.0,"event_name":"Drug Dealer","player_choice":"Inject Mutagens","floor":30.0,"gold_loss":0.0,"damage_taken":0.0,"relics_obtained":["MutagenicStrength"]}],"is_beta":false,"boss_relics":[{"not_picked":["Pandora\u0027s Box","Black Star"],"picked":"Snecko Eye"}],"items_purged_floors":[2,19,25],"is_endless":false,"potions_floor_spawned":[1,6,11,18,22,28],"killed_by":"Collector","ascension_level":13}