{"gold_per_floor":[118,137,147,147,165,190,190,205,205,234,248,248,265,284,284,387,387,400,412,430,127,127],"floor_reached":22,"playtime":1443,"items_purged":["Strike_R"],"score":202,"play_id":"a808945b-9e6a-448f-9bc4-080aa67b004b","local_time":"20190319034641","is_ascension_mode":true,"campfire_choices":[{"data":"Barricade","floor":7,"key":"SMITH"},{"floor":12,"key":"REST"},{"floor":15,"key":"REST"}],"neow_cost":"NONE","seed_source_timestamp":23091333308148,"circlet_count":0,"master_deck":["Strike_R","Strike_R","Strike_R","Defend_R","Defend_R","Defend_R","Bash+1","Spot Weakness","Whirlwind","Headbutt","Flex","Thunderclap","Rampage","Immolate","Intimidate+1","Headbutt"],"relics":["Burning Blood","Smiling Mask","Pantograph","Odd Mushroom","Empty Cage","Matryoshka"],"potions_floor_usage":[6,6,8,11,22],"damage_taken":[{"damage":6,"enemies":"Jaw Worm","floor":1,"turns":3},{"damage":2,"enemies":"2 Louse","floor":2,"turns":2},{"damage":9,"enemies":"Small Slimes","floor":3,"turns":3},{"damage":20,"enemies":"Red Slaver","floor":5,"turns":4},{"damage":27,"enemies":"3 Sentries","floor":6,"turns":6},{"damage":23,"enemies":"Lots of Slimes","floor":8,"turns":3},{"damage":21,"enemies":"The Mushroom Lair","floor":10,"turns":3},{"damage":11,"enemies":"Blue Slaver","floor":11,"turns":4},{"damage":10,"enemies":"Looter","floor":13,"turns":3},{"damage":16,"enemies":"Large Slime","floor":14,"turns":3},{"damage":58,"enemies":"The Guardian","floor":16,"turns":8},{"damage":47,"enemies":"Shell Parasite","floor":18,"turns":5},{"damage":2,"enemies":"3 Byrds","floor":19,"turns":4},{"damage":23,"enemies":"Snecko","floor":20,"turns":5},{"damage":27,"enemies":"Sentry and Sphere","floor":22,"turns":3}],"seed_played":"6022109457246865350","potions_obtained":[{"floor":1,"key":"PowerPotion"},{"floor":3,"key":"Explosive Potion"},{"floor":6,"key":"Regen Potion"},{"floor":10,"key":"PowerPotion"},{"floor":20,"key":"Fire Potion"}],"is_trial":false,"path_per_floor":["?","?"],"character_chosen":"IRONCLAD","items_purchased":["Matryoshka"],"campfire_rested":2,"item_purchase_floors":[21],"current_hp_per_floor":[80,80,77,70,56,35,35,27,27,12,7,31,27,17,41,14,80,39,43,26,26,0],"gold":127,"neow_bonus":"UPGRADE_CARD","is_prod":false,"is_daily":false,"chose_seed":false,"campfire_upgraded":1,"win_rate":0,"timestamp":1552942001,"path_taken":["M","M","M","?","M","E","R","M","T","?","M","R","M","M","R","BOSS","M","M","M","$","M"],"build_version":"2019-01-23","purchased_purges":1,"victory":false,"max_hp_per_floor":[80,80,80,80,80,80,80,80,80,80,80,80,80,80,80,80,80,80,80,80,80,80],"card_choices":[{"not_picked":["Shrug It Off","Bloodletting"],"picked":"Spot Weakness","floor":1},{"not_picked":["Clothesline","Havoc"],"picked":"Whirlwind","floor":2},{"not_picked":["Clothesline","Wild Strike"],"picked":"Headbutt","floor":3},{"not_picked":["Ghostly Armor","Sever Soul","Body Slam"],"picked":"SKIP","floor":5},{"not_picked":["Whirlwind","Disarm"],"picked":"Barricade","floor":6},{"not_picked":["Twin Strike","True Grit"],"picked":"Flex","floor":8},{"not_picked":["Second Wind","Anger","Clothesline"],"picked":"SKIP","floor":11},{"not_picked":["Warcry","Burning Pact"],"picked":"Thunderclap","floor":13},{"not_picked":["Havoc","Clothesline"],"picked":"Rampage","floor":14},{"not_picked":["Offering","Bludgeon"],"picked":"Immolate","floor":16},{"not_picked":["Twin Strike","Metallicize"],"picked":"Intimidate+1","floor":18},{"not_picked":["Shrug It Off","Power Through+1"],"picked":"Headbutt","floor":19},{"not_picked":["Bloodletting+1","Power Through","Headbutt+1"],"picked":"SKIP","floor":20}],"player_experience":77088,"relics_obtained":[{"floor":6,"key":"Smiling Mask"},{"floor":9,"key":"Pantograph"},{"floor":10,"key":"Odd Mushroom"}],"event_choices":[{"cards_removed":["Defend_R"],"damage_healed":0,"gold_gain":0,"player_choice":"Card Removal","damage_taken":7,"max_hp_gain":0,"max_hp_loss":0,"event_name":"Golden Wing","floor":4,"gold_loss":0},{"damage_healed":0,"gold_gain":0,"player_choice":"Fought Mushrooms","damage_taken":0,"max_hp_gain":0,"max_hp_loss":0,"event_name":"Mushrooms","floor":10,"gold_loss":0}],"is_beta":false,"boss_relics":[{"not_picked":["Orrery","Mark of Pain"],"picked":"Empty Cage"}],"items_purged_floors":[21],"is_endless":false,"potions_floor_spawned":[1,3,6,10,20],"killed_by":"Sentry and Sphere","ascension_level":1}