{"gold_per_floor":[113,113,129,54,54,88,88,113,125,14,39,62,19,34,34,113,113,129,144,155,55,70,70,102,102,102,102,114,114,114,124,124,202,202,220,233,0,14,14,14,34,49,49,49,66,93,93,112,112,112],"floor_reached":50,"playtime":2335,"items_purged":["Strike_R","Strike_R"],"score":981,"play_id":"d413928d-e4ef-40a8-9501-76be6537e99d","local_time":"20181220143844","is_ascension_mode":true,"campfire_choices":[{"data":"Armaments","floor":7.0,"key":"SMITH"},{"data":"Headbutt","floor":15.0,"key":"SMITH"},{"data":"True Grit","floor":23.0,"key":"SMITH"},{"data":"Limit Break","floor":25.0,"key":"SMITH"},{"data":"Metallicize","floor":27.0,"key":"SMITH"},{"data":"Juggernaut","floor":30.0,"key":"SMITH"},{"floor":32.0,"key":"REST"},{"data":"Feel No Pain","floor":40.0,"key":"SMITH"},{"data":"Rupture","floor":44.0,"key":"SMITH"},{"data":"Bash","floor":47.0,"key":"SMITH"},{"floor":49.0,"key":"REST"}],"neow_cost":"TEN_PERCENT_HP_LOSS","seed_source_timestamp":0,"circlet_count":0,"master_deck":["AscendersBane","Strike_R","Strike_R","Strike_R","Defend_R","Defend_R","Defend_R","Defend_R","Bash+1","Headbutt+1","Clothesline","Armaments+1","Pommel Strike","Juggernaut+1","Body Slam+1","Metallicize+1","True Grit+1","Inflame+1","Limit Break+1","Doubt","Warcry+1","Feel No Pain+1","Brutality","Juggernaut+1","Rupture+1","Injury","Parasite","Pain"],"special_seed":0,"relics":["Burning Blood","Bird Faced Urn","FaceOfCleric","StoneCalendar","Bronze Scales","MawBank","Meat on the Bone","Torii","Cursed Key","PreservedInsect","Mummified Hand","Nilry\u0027s Codex","Busted Crown","Red Mask","The Courier","Dream Catcher"],"potions_floor_usage":[50,50,50,50],"damage_taken":[{"damage":9.0,"enemies":"Jaw Worm","floor":1.0,"turns":5.0},{"damage":1.0,"enemies":"Cultist","floor":3.0,"turns":3.0},{"damage":44.0,"enemies":"Gremlin Nob","floor":6.0,"turns":5.0},{"damage":25.0,"enemies":"3 Sentries","floor":8.0,"turns":7.0},{"damage":1.0,"enemies":"Small Slimes","floor":11.0,"turns":5.0},{"damage":9.0,"enemies":"3 Louse","floor":12.0,"turns":5.0},{"damage":9.0,"enemies":"2 Fungi Beasts","floor":14.0,"turns":4.0},{"damage":32.0,"enemies":"Slime Boss","floor":16.0,"turns":7.0},{"damage":0.0,"enemies":"Chosen","floor":18.0,"turns":3.0},{"damage":19.0,"enemies":"Shell Parasite","floor":19.0,"turns":5.0},{"damage":12.0,"enemies":"Snecko","floor":20.0,"turns":4.0},{"damage":30.0,"enemies":"Sentry and Sphere","floor":22.0,"turns":6.0},{"damage":27.0,"enemies":"Gremlin Leader","floor":24.0,"turns":8.0},{"damage":20.0,"enemies":"Snake Plant","floor":28.0,"turns":4.0},{"damage":1.0,"enemies":"Centurion and Healer","floor":31.0,"turns":6.0},{"damage":38.0,"enemies":"Champ","floor":33.0,"turns":9.0},{"damage":44.0,"enemies":"3 Darklings","floor":35.0,"turns":5.0},{"damage":7.0,"enemies":"3 Shapes","floor":36.0,"turns":7.0},{"damage":14.0,"enemies":"Sphere and 2 Shapes","floor":38.0,"turns":5.0},{"damage":49.0,"enemies":"Jaw Worm Horde","floor":41.0,"turns":4.0},{"damage":31.0,"enemies":"3 Darklings","floor":42.0,"turns":5.0},{"damage":15.0,"enemies":"Writhing Mass","floor":45.0,"turns":5.0},{"damage":60.0,"enemies":"Spire Growth","floor":48.0,"turns":5.0},{"damage":76,"enemies":"Awakened One","floor":50,"turns":6}],"seed_played":"-806396467741885048","potions_obtained":[{"floor":1.0,"key":"LiquidBronze"},{"floor":14.0,"key":"GamblersBrew"},{"floor":16.0,"key":"Dexterity Potion"},{"floor":19.0,"key":"SkillPotion"},{"floor":24.0,"key":"GamblersBrew"},{"floor":33.0,"key":"SkillPotion"},{"floor":35.0,"key":"EntropicBrew"},{"floor":36.0,"key":"SteroidPotion"}],"is_trial":false,"path_per_floor":["M","?","M","$","T","E","R","E","T","?","M","M","$","M","R","B",null,"M","M","M","$","M","R","E","R","T","R","M","?","R","M","R","B",null,"M","M","?","M","?","R","M","M","T","R","M","T","R","M","R","B"],"character_chosen":"IRONCLAD","items_purchased":["Fire Potion"],"campfire_rested":2,"item_purchase_floors":[13],"current_hp_per_floor":[65,65,69,69,69,32,32,14,14,14,32,42,42,52,52,39,66,73,63,62,62,55,55,51,51,51,51,56,35,35,59,82,58,77,52,64,64,67,67,67,51,53,53,53,61,61,61,36,63,0],"gold":112,"neow_bonus":"ONE_RARE_RELIC","is_prod":false,"is_daily":false,"chose_seed":false,"campfire_upgraded":9,"win_rate":0,"timestamp":1545313124,"path_taken":["M","?","M","$","?","E","R","E","T","?","M","M","$","M","R","BOSS","M","?","M","?","M","R","E","R","T","R","?","?","R","M","R","BOSS","M","M","?","M","?","R","M","M","T","R","?","?","R","M","R","BOSS"],"build_version":"2018-12-13","purchased_purges":2,"victory":false,"max_hp_per_floor":[68,68,69,69,69,70,70,71,71,71,72,73,73,74,74,75,75,76,77,78,78,79,79,80,80,80,80,81,81,81,82,82,83,83,84,85,85,86,86,86,87,88,88,88,89,89,89,90,90,90],"card_choices":[{"not_picked":["Rampage","Warcry"],"picked":"Headbutt","floor":1.0},{"not_picked":["Headbutt","Anger"],"picked":"Clothesline","floor":3.0},{"not_picked":["Berserk","Intimidate"],"picked":"Armaments","floor":6.0},{"not_picked":["Flex","Clash","Anger"],"picked":"SKIP","floor":8.0},{"not_picked":["Corruption","Anger","Seeing Red"],"picked":"SKIP","floor":11.0},{"not_picked":["Reckless Charge","Burning Pact","Dual Wield"],"picked":"SKIP","floor":12.0},{"not_picked":["Searing Blow","Exhume"],"picked":"Pommel Strike","floor":14.0},{"not_picked":["Reaper","Barricade"],"picked":"Juggernaut","floor":16.0},{"not_picked":["Reckless Charge+1","Thunderclap"],"picked":"Body Slam+1","floor":18.0},{"not_picked":["Flex","Combust"],"picked":"Metallicize","floor":19.0},{"not_picked":["Body Slam","Warcry"],"picked":"True Grit","floor":20.0},{"not_picked":["True Grit","Headbutt"],"picked":"Inflame+1","floor":22.0},{"not_picked":["Thunderclap","Whirlwind"],"picked":"Limit Break","floor":24.0},{"not_picked":["Cleave","Rampage"],"picked":"Warcry+1","floor":28.0},{"not_picked":["Clothesline+1","Clash"],"picked":"Feel No Pain","floor":31.0},{"not_picked":["Immolate","Impervious"],"picked":"Brutality","floor":33.0},{"not_picked":["Headbutt"],"picked":"SKIP","floor":35.0},{"not_picked":["Cleave"],"picked":"SKIP","floor":36.0},{"not_picked":["Cleave"],"picked":"SKIP","floor":38.0},{"not_picked":["Clothesline"],"picked":"SKIP","floor":41.0},{"not_picked":[],"picked":"Rupture","floor":42.0},{"not_picked":["Flex"],"picked":"SKIP","floor":45.0},{"not_picked":["Whirlwind"],"picked":"SKIP","floor":48.0}],"player_experience":995878,"relics_obtained":[{"floor":5.0,"key":"StoneCalendar"},{"floor":6.0,"key":"Bronze Scales"},{"floor":8.0,"key":"MawBank"},{"floor":9.0,"key":"Meat on the Bone"},{"floor":24.0,"key":"PreservedInsect"},{"floor":26.0,"key":"Mummified Hand"},{"floor":29.0,"key":"Nilry\u0027s Codex"},{"floor":43.0,"key":"The Courier"},{"floor":46.0,"key":"Dream Catcher"}],"event_choices":[{"damage_healed":0.0,"max_hp_gain":0.0,"max_hp_loss":0.0,"gold_gain":0.0,"event_name":"FaceTrader","player_choice":"Trade","floor":2.0,"gold_loss":0.0,"damage_taken":0.0,"relics_obtained":["FaceOfCleric"]},{"damage_healed":0.0,"max_hp_gain":0.0,"max_hp_loss":0.0,"gold_gain":0.0,"event_name":"WeMeetAgain","player_choice":"Paid Gold","floor":10.0,"gold_loss":123.0,"damage_taken":0.0,"relics_obtained":["Torii"]},{"damage_healed":0.0,"max_hp_gain":0.0,"max_hp_loss":0.0,"gold_gain":0.0,"event_name":"Cursed Tome","player_choice":"Obtained Book","floor":29.0,"gold_loss":0.0,"damage_taken":21.0},{"damage_healed":0.0,"max_hp_gain":0.0,"max_hp_loss":0.0,"gold_gain":0.0,"event_name":"Tomb of Lord Red Mask","player_choice":"Paid","floor":37.0,"gold_loss":233.0,"damage_taken":0.0,"relics_obtained":["Red Mask"]},{"damage_healed":0.0,"max_hp_gain":0.0,"max_hp_loss":0.0,"gold_gain":0.0,"event_name":"Duplicator","player_choice":"Copied","floor":39.0,"gold_loss":0.0,"damage_taken":0.0,"cards_obtained":["Juggernaut"]}],"is_beta":false,"boss_relics":[{"not_picked":["Lizard Tail","Pandora\u0027s Box"],"picked":"Cursed Key"},{"not_picked":["Philosopher\u0027s Stone","Sozu"],"picked":"Busted Crown"}],"items_purged_floors":[4,21],"is_endless":false,"potions_floor_spawned":[1,14,16,19,20,24,33,35,36,38],"killed_by":"Awakened One","ascension_level":17}