{"gold_per_floor":[114,114,364,377,395,395,405,405,474,251,126,126,153,167,167,269,269,288,288,288,163,175,175],"floor_reached":23,"playtime":3781,"items_purged":["Regret","Strike_R","Defend_R"],"score":217,"play_id":"e05ca6f8-3a0f-447d-9a22-6ac3f3dc102b","local_time":"20180722162636","is_ascension_mode":true,"campfire_choices":[{"data":"Armaments","floor":6.0,"key":"SMITH"},{"data":"True Grit","floor":8.0,"key":"SMITH"},{"data":"Juggernaut","floor":15.0,"key":"SMITH"}],"neow_cost":"NONE","seed_source_timestamp":0,"circlet_count":0,"master_deck":["Strike_R","Strike_R","Strike_R","Defend_R","Defend_R","Defend_R","Bash","Reckless Charge","Armaments+1","Juggernaut+1","True Grit+1","Feel No Pain","Whirlwind+1","Iron Wave+1","Burning Pact","Wild Strike+1","Juggernaut","Body Slam+1","Iron Wave+1"],"special_seed":0,"relics":["Burning Blood","Art of War","Molten Egg 2","Ancient Tea Set","Lizard Tail"],"potions_floor_usage":[],"damage_taken":[{"damage":20.0,"enemies":"Small Slimes","floor":1.0,"turns":5.0},{"damage":11.0,"enemies":"2 Louse","floor":4.0,"turns":2.0},{"damage":2.0,"enemies":"Cultist","floor":5.0,"turns":4.0},{"damage":13.0,"enemies":"Red Slaver","floor":7.0,"turns":4.0},{"damage":7.0,"enemies":"3 Sentries","floor":13.0,"turns":7.0},{"damage":17.0,"enemies":"Lots of Slimes","floor":14.0,"turns":2.0},{"damage":29.0,"enemies":"The Guardian","floor":16.0,"turns":8.0},{"damage":19.0,"enemies":"Spheric Guardian","floor":18.0,"turns":4.0},{"damage":43.0,"enemies":"2 Thieves","floor":22.0,"turns":5.0},{"damage":81,"enemies":"Gremlin Leader","floor":23,"turns":4}],"seed_played":"-5829138857392909803","potions_obtained":[{"floor":1.0,"key":"Poison Potion"},{"floor":4.0,"key":"Weak Potion"},{"floor":14.0,"key":"EssenceOfSteel"}],"is_trial":false,"path_per_floor":["M","?","?","M","M","R","M","R","T","$","$","?","E","M","R","B",null,"M","?","?","$","M"],"character_chosen":"IRONCLAD","items_purchased":["Feel No Pain","Whirlwind+1","Iron Wave+1"],"campfire_rested":0,"item_purchase_floors":[10,10,11],"current_hp_per_floor":[66,71,71,66,70,70,63,63,63,63,63,56,55,44,44,21,85,72,64,64,64,27,0],"gold":175,"neow_bonus":"RANDOM_COMMON_RELIC","is_prod":false,"is_daily":false,"chose_seed":false,"campfire_upgraded":3,"win_rate":0,"timestamp":1532301996,"path_taken":["M","?","?","M","M","R","?","R","T","?","$","?","E","M","R","BOSS","M","?","?","$","M","E"],"build_version":"2018-07-19v2","purchased_purges":3,"victory":false,"max_hp_per_floor":[80,85,85,85,85,85,85,85,85,85,85,85,85,85,85,85,85,85,85,85,85,85,85],"card_choices":[{"not_picked":["Infernal Blade","Shrug It Off"],"picked":"Reckless Charge","floor":1.0},{"not_picked":["Heavy Blade","Wild Strike"],"picked":"Armaments","floor":4.0},{"not_picked":["Warcry","Armaments"],"picked":"Juggernaut","floor":5.0},{"not_picked":["Fire Breathing","Heavy Blade"],"picked":"True Grit","floor":7.0},{"not_picked":["Power Through","Sever Soul+1"],"picked":"Burning Pact","floor":13.0},{"not_picked":["Shrug It Off","Headbutt+1"],"picked":"Wild Strike+1","floor":14.0},{"not_picked":["Exhume","Fiend Fire+1"],"picked":"Juggernaut","floor":16.0},{"not_picked":["Flex","Second Wind","Twin Strike+1"],"picked":"SKIP","floor":18.0},{"not_picked":["Hemokinesis+1","Armaments"],"picked":"Iron Wave+1","floor":22.0}],"player_experience":645000,"relics_obtained":[{"floor":9.0,"key":"Molten Egg 2"},{"floor":13.0,"key":"Ancient Tea Set"}],"event_choices":[{"event_name":"Big Fish","player_choice":"Donut","floor":2.0,"damage_taken":0.0},{"event_name":"Golden Shrine","player_choice":"Desecrate","floor":3.0,"damage_taken":0.0},{"event_name":"Golden Wing","player_choice":"Card Removal","floor":12.0,"damage_taken":0.0},{"event_name":"Wheel of Change","player_choice":"Damage","floor":19.0,"damage_taken":0.0},{"event_name":"The Library","player_choice":"Read","floor":20.0,"damage_taken":0.0}],"is_beta":false,"boss_relics":[{"not_picked":["Snecko Eye","Pandora\u0027s Box"],"picked":"Lizard Tail"}],"items_purged_floors":[10,11,21],"is_endless":false,"potions_floor_spawned":[1,4,14],"killed_by":"Gremlin Leader","ascension_level":3}