{"gold_per_floor":[112,132,132,146,156,187,187,221,296,313,313,344,7,18,18,18],"floor_reached":16,"playtime":575,"items_purged":["Strike_G"],"score":214,"play_id":"a5d32596-cdba-42fc-a0be-534641b243e4","local_time":"20190427043340","is_ascension_mode":true,"campfire_choices":[{"data":"Malaise","floor":7,"key":"SMITH"},{"floor":11,"key":"REST"},{"floor":15,"key":"REST"}],"neow_cost":"NONE","seed_source_timestamp":47563868720257,"circlet_count":0,"master_deck":["AscendersBane","Defend_G","Defend_G","Defend_G","Defend_G","Defend_G","Strike_G","Strike_G","Strike_G","Strike_G","Survivor","Neutralize","Quick Slash","Predator","Malaise+1","Flying Knee","Bane","Poisoned Stab","Footwork","Crippling Poison","Glass Knife+1","Noxious Fumes","Predator+1","Backflip"],"relics":["Ring of the Snake","NeowsBlessing","Molten Egg 2","Ice Cream","Bottled Tornado","Bronze Scales"],"potions_floor_usage":[5,6,8,10,12,14,14],"damage_taken":[{"damage":0,"enemies":"Small Slimes","floor":1,"turns":1},{"damage":0,"enemies":"Cultist","floor":2,"turns":1},{"damage":0,"enemies":"2 Louse","floor":4,"turns":1},{"damage":3,"enemies":"Blue Slaver","floor":5,"turns":5},{"damage":8,"enemies":"Gremlin Nob","floor":6,"turns":3},{"damage":28,"enemies":"3 Sentries","floor":8,"turns":10},{"damage":2,"enemies":"Red Slaver","floor":10,"turns":3},{"damage":24,"enemies":"Gremlin Nob","floor":12,"turns":4},{"damage":4,"enemies":"Exordium Thugs","floor":14,"turns":5},{"damage":19,"enemies":"Slime Boss","floor":16,"turns":7}],"seed_played":"-7444104983164507939","potions_obtained":[{"floor":4,"key":"EntropicBrew"},{"floor":6,"key":"AttackPotion"},{"floor":8,"key":"Block Potion"}],"is_trial":false,"path_per_floor":["M","M","?","M","M","E","R","E","T","M","R","E","$","M","R","B"],"character_chosen":"THE_SILENT","items_purchased":["Noxious Fumes","Predator+1","Backflip","Swift Potion","Block Potion"],"campfire_rested":2,"item_purchase_floors":[13,13,13,13,13],"current_hp_per_floor":[59,59,59,59,56,48,48,20,20,18,37,13,13,9,28,9],"gold":18,"neow_bonus":"THREE_ENEMY_KILL","is_prod":false,"is_daily":false,"chose_seed":false,"campfire_upgraded":1,"win_rate":0,"timestamp":1556350420,"path_taken":["M","M","?","M","M","E","R","E","T","M","R","E","$","M","R","BOSS"],"build_version":"2019-01-23","purchased_purges":1,"victory":false,"max_hp_per_floor":[66,66,66,66,66,66,66,66,66,66,66,66,66,66,66,66],"card_choices":[{"not_picked":["Prepared","Backflip"],"picked":"Quick Slash","floor":1},{"not_picked":["Accuracy","Sucker Punch"],"picked":"Predator","floor":2},{"not_picked":["Blade Dance","Acrobatics"],"picked":"Bane","floor":4},{"not_picked":["PiercingWail","Dagger Spray"],"picked":"Poisoned Stab","floor":5},{"not_picked":["Setup","Cloak And Dagger"],"picked":"Footwork","floor":6},{"not_picked":["Heel Hook+1","Burst"],"picked":"Crippling Poison","floor":8},{"not_picked":["Underhanded Strike+1","Prepared","Flechettes+1"],"picked":"SKIP","floor":10},{"not_picked":["Flechettes+1","Dagger Throw+1"],"picked":"Glass Knife+1","floor":12},{"not_picked":["Slice+1","Prepared","Blade Dance"],"picked":"SKIP","floor":14}],"player_experience":770700,"relics_obtained":[{"floor":6,"key":"Molten Egg 2"},{"floor":8,"key":"Ice Cream"},{"floor":9,"key":"Bottled Tornado"},{"floor":12,"key":"Bronze Scales"}],"event_choices":[{"damage_healed":0,"gold_gain":0,"player_choice":"2 cards matched","damage_taken":0,"max_hp_gain":0,"max_hp_loss":0,"event_name":"Match and Keep!","floor":3,"gold_loss":0,"cards_obtained":["Malaise","Flying Knee"]}],"is_beta":false,"boss_relics":[],"items_purged_floors":[13],"is_endless":false,"potions_floor_spawned":[4,5,6,8],"killed_by":"Slime Boss","ascension_level":15}