{"gold_per_floor":[110,128,128,303,18,48,48,60,87,87,97,110,129,163,163,264,264,281,281,21,37,50,80,98,130,130,130,150,162,175,187,187,288,288,308,408,408,73,85,85,112,112,112,112,128,2,14,28,28,28],"floor_reached":51,"playtime":9368,"items_purged":["Doubt","Strike_B","Strike_B","Defend_B"],"score":663,"play_id":"87f48095-c412-4660-885b-63e24e079795","local_time":"20190426213858","is_ascension_mode":false,"campfire_choices":[{"data":"Chill","floor":7.0,"key":"SMITH"},{"data":"Zap","floor":10.0,"key":"SMITH"},{"data":"Dualcast","floor":15.0,"key":"SMITH"},{"floor":32.0,"key":"REST"},{"floor":40,"key":"DIG"},{"floor":42,"key":"DIG"},{"floor":49,"key":"REST"}],"neow_cost":"NONE","seed_source_timestamp":0,"circlet_count":0,"master_deck":["Strike_B","Strike_B+1","Defend_B","Defend_B+1","Defend_B","Zap+1","Dualcast+1","BootSequence+1","BootSequence","Cold Snap","Chill+1","Ball Lightning","Cold Snap","FTL+1","Electrodynamics+1","Glacier","Consume+1","Loop","Consume","Sunder","Echo Form","Capacitor","Go for the Eyes","Master of Strategy","Glacier","Bandage Up","Mind Blast","Dark Shackles"],"special_seed":0,"relics":["White Beast Statue","Potion Belt","Oddly Smooth Stone","Omamori","Strawberry","Nunchaku","Fusion Hammer","Membership Card","War Paint","Red Mask","Mercury Hourglass","Cursed Key","Shovel","Art of War","Toy Ornithopter","Whetstone","Meat on the Bone","Incense Burner","Shuriken"],"potions_floor_usage":[36,41,41,47,48,50,50,50,50,50],"damage_taken":[{"damage":5.0,"enemies":"Jaw Worm","floor":1.0,"turns":5.0},{"damage":0.0,"enemies":"Small Slimes","floor":2.0,"turns":4.0},{"damage":11.0,"enemies":"3 Sentries","floor":6.0,"turns":12.0},{"damage":0.0,"enemies":"2 Louse","floor":8.0,"turns":4.0},{"damage":0.0,"enemies":"Exordium Thugs","floor":11.0,"turns":5.0},{"damage":0.0,"enemies":"3 Louse","floor":12.0,"turns":4.0},{"damage":0.0,"enemies":"2 Fungi Beasts","floor":13.0,"turns":4.0},{"damage":1.0,"enemies":"Lagavulin","floor":14.0,"turns":8.0},{"damage":2.0,"enemies":"Slime Boss","floor":16.0,"turns":10.0},{"damage":8.0,"enemies":"Spheric Guardian","floor":18.0,"turns":4.0},{"damage":5.0,"enemies":"3 Byrds","floor":21.0,"turns":3.0},{"damage":10.0,"enemies":"Cultist and Chosen","floor":22.0,"turns":8.0},{"damage":26.0,"enemies":"Gremlin Leader","floor":23.0,"turns":7.0},{"damage":0.0,"enemies":"Centurion and Healer","floor":24.0,"turns":3.0},{"damage":1.0,"enemies":"Masked Bandits","floor":25.0,"turns":4.0},{"damage":0.0,"enemies":"3 Cultists","floor":28.0,"turns":5.0},{"damage":10.0,"enemies":"Shelled Parasite and Fungi","floor":29.0,"turns":6.0},{"damage":16.0,"enemies":"Centurion and Healer","floor":30.0,"turns":5.0},{"damage":0.0,"enemies":"Chosen and Byrds","floor":31.0,"turns":4.0},{"damage":25.0,"enemies":"Automaton","floor":33.0,"turns":11.0},{"damage":0,"enemies":"3 Darklings","floor":35,"turns":5},{"damage":25,"enemies":"Mind Bloom Boss Battle","floor":36,"turns":7},{"damage":4,"enemies":"Orb Walker","floor":39,"turns":4},{"damage":20,"enemies":"Giant Head","floor":41,"turns":13},{"damage":19,"enemies":"Jaw Worm Horde","floor":45,"turns":5},{"damage":13,"enemies":"3 Darklings","floor":47,"turns":4},{"damage":0,"enemies":"Writhing Mass","floor":48,"turns":7},{"damage":13,"enemies":"Time Eater","floor":50,"turns":15}],"seed_played":"-3563706185780665614","potions_obtained":[{"floor":1.0,"key":"Swift Potion"},{"floor":2.0,"key":"Dexterity Potion"},{"floor":6.0,"key":"Swift Potion"},{"floor":8.0,"key":"SteroidPotion"},{"floor":11.0,"key":"SkillPotion"},{"floor":12.0,"key":"Fruit Juice"},{"floor":13.0,"key":"SkillPotion"},{"floor":14.0,"key":"SkillPotion"},{"floor":16.0,"key":"Energy Potion"},{"floor":18.0,"key":"Ancient Potion"},{"floor":21.0,"key":"SkillPotion"},{"floor":22.0,"key":"Ancient Potion"},{"floor":23.0,"key":"Strength Potion"},{"floor":24.0,"key":"Block Potion"},{"floor":25.0,"key":"FocusPotion"},{"floor":28.0,"key":"Regen Potion"},{"floor":29.0,"key":"Swift Potion"},{"floor":30.0,"key":"Fruit Juice"},{"floor":31.0,"key":"GamblersBrew"},{"floor":33.0,"key":"Block Potion"},{"floor":35,"key":"EntropicBrew"},{"floor":36,"key":"Strength Potion"},{"floor":39,"key":"Weak Potion"},{"floor":41,"key":"GamblersBrew"},{"floor":45,"key":"Energy Potion"},{"floor":47,"key":"FocusPotion"},{"floor":48,"key":"SpeedPotion"}],"is_trial":false,"path_per_floor":["M","M","?","?","$","E","R","M","T","R","M","M","M","E","R","B",null,"M","?","$","M","M","E","M","?","T","?","M","M","M","M","R","B",null,"M","?","?","$","M","R","E","R","T","?","M","$","M","M","R","B",null],"character_chosen":"DEFECT","items_purchased":["Oddly Smooth Stone","Cold Snap","Membership Card","Art of War","Master of Strategy","Toy Ornithopter","Weak Potion","SpeedPotion"],"campfire_rested":2,"item_purchase_floors":[5,5,20,38,38,38,46,46],"current_hp_per_floor":[70,70,58,58,58,47,47,47,54,54,54,59,59,58,58,56,87,79,79,79,74,64,38,38,37,37,66,66,56,45,45,72,62,92,92,67,67,67,63,63,53,53,53,43,40,40,44,53,79,74],"gold":28,"neow_bonus":"BOSS_RELIC","is_prod":false,"is_daily":false,"chose_seed":false,"campfire_upgraded":3,"win_rate":0.0,"timestamp":1556329138,"path_taken":["M","M","?","?","$","E","R","M","T","R","M","M","M","E","R","BOSS","M","?","?","?","M","E","M","?","T","?","M","M","?","M","R","BOSS","M","?","?","$","M","R","E","R","T","?","M","$","M","?","R","BOSS"],"build_version":"2019-01-23","purchased_purges":4,"victory":true,"max_hp_per_floor":[75,75,75,75,75,75,75,75,82,82,82,87,87,87,87,87,87,87,87,87,87,87,87,87,87,87,87,87,87,92,92,92,92,92,92,92,87,87,87,87,87,87,87,87,87,87,87,87,87,87],"card_choices":[{"not_picked":["Gash","Sweeping Beam"],"picked":"BootSequence","floor":1.0},{"not_picked":["Stack","Leap"],"picked":"BootSequence","floor":2.0},{"not_picked":["Undo","Stack"],"picked":"Chill","floor":6.0},{"not_picked":["Sweeping Beam","Streamline"],"picked":"Ball Lightning","floor":8.0},{"not_picked":["Auto Shields","Gash"],"picked":"Cold Snap","floor":11.0},{"not_picked":["Sweeping Beam","Gash","Stack"],"picked":"SKIP","floor":12.0},{"not_picked":["Sweeping Beam","Tempest"],"picked":"FTL","floor":13.0},{"not_picked":["Blizzard","Amplify","Hologram"],"picked":"SKIP","floor":14.0},{"not_picked":["Biased Cognition","Amplify"],"picked":"Electrodynamics","floor":16.0},{"not_picked":["Ball Lightning","Barrage"],"picked":"Glacier","floor":18.0},{"not_picked":["Go for the Eyes+1","Steam"],"picked":"Consume+1","floor":21.0},{"not_picked":["Auto Shields","Stack+1"],"picked":"Loop","floor":22.0},{"not_picked":["Sweeping Beam+1","Chaos+1"],"picked":"Consume","floor":23.0},{"not_picked":["Steam","Coolheaded"],"picked":"Sunder","floor":24.0},{"not_picked":["Chaos","Doom and Gloom","All For One"],"picked":"SKIP","floor":28.0},{"not_picked":["Redo","Rebound","Coolheaded"],"picked":"SKIP","floor":29.0},{"not_picked":["Static Discharge","Ball Lightning","Coolheaded"],"picked":"SKIP","floor":30.0},{"not_picked":["Fission","Rebound+1","Doom and Gloom"],"picked":"SKIP","floor":31.0},{"not_picked":["Seek","Meteor Strike"],"picked":"Echo Form","floor":33.0},{"not_picked":["Streamline","Sunder+1"],"picked":"Capacitor","floor":35},{"not_picked":["Stack","Conserve Battery"],"picked":"Go for the Eyes","floor":36},{"not_picked":["Coolheaded","Hologram"],"picked":"Glacier","floor":39},{"not_picked":["Auto Shields","Reprogram","Coolheaded+1"],"picked":"SKIP","floor":41},{"not_picked":["Swift Strike","Dramatic Entrance"],"picked":"Bandage Up","floor":44},{"not_picked":["Good Instincts","Dramatic Entrance"],"picked":"Mind Blast","floor":44},{"not_picked":["Master of Strategy","Transmutation"],"picked":"Dark Shackles","floor":44},{"not_picked":["Ball Lightning","Fusion","Redo+1"],"picked":"SKIP","floor":45},{"not_picked":["Lockon+1","Beam Cell+1","Hologram"],"picked":"SKIP","floor":47},{"not_picked":["Self Repair+1","Auto Shields+1","Compile Driver"],"picked":"SKIP","floor":48}],"player_experience":209860,"relics_obtained":[{"floor":6.0,"key":"Omamori"},{"floor":9.0,"key":"Strawberry"},{"floor":14.0,"key":"Nunchaku"},{"floor":23.0,"key":"War Paint"},{"floor":25.0,"key":"Red Mask"},{"floor":26.0,"key":"Mercury Hourglass"},{"floor":36,"key":"Shovel"},{"floor":40,"key":"Whetstone"},{"floor":41,"key":"Meat on the Bone"},{"floor":42,"key":"Incense Burner"},{"floor":43,"key":"Shuriken"}],"event_choices":[{"damage_healed":0.0,"max_hp_gain":0.0,"max_hp_loss":0.0,"gold_gain":0.0,"event_name":"Scrap Ooze","player_choice":"Success","floor":3.0,"gold_loss":0.0,"damage_taken":12.0,"relics_obtained":["Potion Belt"]},{"damage_healed":0.0,"max_hp_gain":0.0,"max_hp_loss":0.0,"gold_gain":175.0,"event_name":"Liars Game","player_choice":"AGREE","floor":4.0,"gold_loss":0.0,"damage_taken":0.0,"cards_obtained":["Doubt"]},{"damage_healed":0.0,"max_hp_gain":0.0,"max_hp_loss":0.0,"gold_gain":0.0,"event_name":"Upgrade Shrine","player_choice":"Upgraded","floor":19.0,"gold_loss":0.0,"damage_taken":0.0,"cards_upgraded":["Electrodynamics"]},{"damage_healed":0.0,"max_hp_gain":0.0,"max_hp_loss":0.0,"gold_gain":0.0,"event_name":"Masked Bandits","player_choice":"Fought Bandits","floor":25.0,"gold_loss":0.0,"damage_taken":0.0},{"damage_healed":29.0,"max_hp_gain":0.0,"max_hp_loss":0.0,"gold_gain":0.0,"event_name":"The Library","player_choice":"Heal","floor":27.0,"gold_loss":0.0,"damage_taken":0.0},{"damage_healed":0,"gold_gain":0,"player_choice":"Fight","damage_taken":0,"max_hp_gain":0,"max_hp_loss":0,"event_name":"MindBloom","floor":36,"gold_loss":0},{"damage_healed":0,"gold_gain":0,"player_choice":"Max HP","damage_taken":0,"max_hp_gain":0,"max_hp_loss":5,"event_name":"Winding Halls","floor":37,"gold_loss":0},{"damage_healed":0,"gold_gain":0,"player_choice":"Memory 3","damage_taken":10,"max_hp_gain":0,"max_hp_loss":0,"event_name":"SensoryStone","floor":44,"gold_loss":0}],"is_beta":false,"boss_relics":[{"not_picked":["Astrolabe","Inserter"],"picked":"Fusion Hammer"},{"not_picked":["Pandora\u0027s Box","Calling Bell"],"picked":"Cursed Key"}],"items_purged_floors":[5,20,38,46],"is_endless":false,"potions_floor_spawned":[1,2,6,8,11,12,13,14,16,18,21,22,23,24,25,28,29,30,31,33,35,36,39,41,45,47,48],"ascension_level":0}