{"gold_per_floor":[115,127,140,66,86,112,112,112,112,126,126,51,69,82,82,158,158,177,187,187,187,7,7,7],"floor_reached":24,"playtime":1238,"items_purged":["Decay","Decay"],"score":370,"play_id":"0e5206e0-3b27-4e49-9bd7-3e0ec44c0ebc","local_time":"20181121131239","is_ascension_mode":true,"campfire_choices":[{"floor":8,"key":"REST"},{"floor":15,"key":"REST"},{"data":"Infinite Blades","floor":23,"key":"SMITH"}],"neow_cost":"CURSE","seed_source_timestamp":760118502323823,"circlet_count":0,"master_deck":["AscendersBane","Defend_G","Defend_G","Defend_G","Defend_G","Defend_G","Strike_G","Strike_G","Strike_G","Survivor","Neutralize","Infinite Blades+1","Footwork","Dagger Spray","Finisher","Backstab","Flying Knee","Quick Slash","Predator","Malaise","Footwork+1","Caltrops"],"relics":["Ring of the Snake","Dead Branch","Darkstone Periapt","Sozu"],"potions_floor_usage":[6,7,16,24],"damage_taken":[{"damage":3,"enemies":"Cultist","floor":1,"turns":5},{"damage":0,"enemies":"2 Louse","floor":2,"turns":4},{"damage":14,"enemies":"Jaw Worm","floor":3,"turns":4},{"damage":21,"enemies":"Exordium Thugs","floor":5,"turns":7},{"damage":19,"enemies":"Gremlin Nob","floor":6,"turns":5},{"damage":0,"enemies":"2 Fungi Beasts","floor":7,"turns":2},{"damage":12,"enemies":"Exordium Wildlife","floor":10,"turns":4},{"damage":2,"enemies":"3 Louse","floor":13,"turns":4},{"damage":6,"enemies":"Lots of Slimes","floor":14,"turns":4},{"damage":16,"enemies":"The Guardian","floor":16,"turns":18},{"damage":7,"enemies":"Chosen","floor":18,"turns":5},{"damage":12,"enemies":"Spheric Guardian","floor":19,"turns":4},{"damage":16,"enemies":"Colosseum Slavers","floor":20,"turns":6},{"damage":32,"enemies":"Cultist and Chosen","floor":24,"turns":4}],"seed_played":"5054301619296967820","potions_obtained":[{"floor":1,"key":"SmokeBomb"},{"floor":3,"key":"Dexterity Potion"},{"floor":10,"key":"PowerPotion"},{"floor":13,"key":"LiquidBronze"},{"floor":14,"key":"Regen Potion"}],"is_trial":false,"path_per_floor":["M","M","M","$","M","E","M","R","T","M","?","$","M","M","R","B",null,"M","M","?","?","$","R","M"],"character_chosen":"THE_SILENT","items_purchased":["Backstab","Caltrops"],"campfire_rested":2,"item_purchase_floors":[4,22],"current_hp_per_floor":[56,56,42,42,21,2,2,21,21,9,9,9,7,1,20,19,54,47,35,19,25,25,25,0],"gold":7,"neow_bonus":"TRANSFORM_TWO_CARDS","is_prod":false,"is_daily":false,"chose_seed":false,"campfire_upgraded":1,"win_rate":0,"timestamp":1542802359,"path_taken":["M","M","?","$","M","E","M","R","T","M","?","?","M","M","R","BOSS","M","M","?","?","$","R","M"],"build_version":"2018-11-15","purchased_purges":2,"victory":false,"max_hp_per_floor":[66,66,66,66,66,66,66,66,66,66,66,66,66,66,66,66,66,66,66,66,72,72,72,72],"card_choices":[{"not_picked":["Acrobatics","Cloak And Dagger"],"picked":"Dagger Spray","floor":1},{"not_picked":["Cloak And Dagger","Dodge and Roll"],"picked":"Finisher","floor":2},{"not_picked":["Flechettes","Heel Hook","Underhanded Strike"],"picked":"SKIP","floor":3},{"not_picked":["Prepared","Poisoned Stab"],"picked":"Flying Knee","floor":5},{"not_picked":["Unload","Footwork"],"picked":"Quick Slash","floor":6},{"not_picked":["Flying Knee","Outmaneuver","Deadly Poison"],"picked":"SKIP","floor":10},{"not_picked":["Setup","Prepared","Poisoned Stab"],"picked":"SKIP","floor":13},{"not_picked":["Outmaneuver","Backstab"],"picked":"Predator","floor":14},{"not_picked":["Corpse Explosion","Venomology"],"picked":"Malaise","floor":16},{"not_picked":["Sucker Punch","Bane+1","Eviscerate"],"picked":"SKIP","floor":18},{"not_picked":["Slice","Outmaneuver"],"picked":"Footwork+1","floor":19}],"player_experience":840013,"relics_obtained":[{"floor":6,"key":"Dead Branch"},{"floor":9,"key":"Darkstone Periapt"}],"event_choices":[{"damage_healed":0,"gold_gain":0,"player_choice":"Ignored","damage_taken":0,"max_hp_gain":0,"max_hp_loss":0,"event_name":"Shining Light","floor":11,"gold_loss":0},{"damage_healed":0,"gold_gain":0,"player_choice":"Fight","damage_taken":0,"max_hp_gain":0,"max_hp_loss":0,"event_name":"Colosseum","floor":20,"gold_loss":0},{"damage_healed":0,"gold_gain":0,"player_choice":"Fled From Nobs","damage_taken":0,"max_hp_gain":0,"max_hp_loss":0,"event_name":"Colosseum","floor":20,"gold_loss":0},{"damage_healed":0,"gold_gain":0,"player_choice":"Smashed Altar","damage_taken":0,"max_hp_gain":0,"max_hp_loss":0,"event_name":"Forgotten Altar","floor":21,"gold_loss":0,"cards_obtained":["Decay"]}],"is_beta":false,"boss_relics":[{"not_picked":["Tiny House","Pandora\u0027s Box"],"picked":"Sozu"}],"items_purged_floors":[12,22],"is_endless":false,"potions_floor_spawned":[1,3,10,13,14,18,20],"killed_by":"Cultist and Chosen","ascension_level":17}