{"gold_per_floor":[119,131,145,145,164,191,202,202,202,235,245,245,295,306,306,381,381,394,405,405,405,330,330,330],"floor_reached":24,"playtime":815,"items_purged":["Decay"],"score":416,"play_id":"b2007d48-913b-4d46-a9f5-86ad37fc3f9b","local_time":"20190401133454","is_ascension_mode":true,"campfire_choices":[{"data":"Zap","floor":8.0,"key":"SMITH"},{"floor":12,"key":"REST"},{"data":"Sunder","floor":15,"key":"SMITH"},{"floor":23,"key":"REST"}],"neow_cost":"NONE","seed_source_timestamp":0,"circlet_count":0,"master_deck":["AscendersBane","Strike_B","Strike_B","Strike_B","Strike_B","Defend_B","Defend_B","Defend_B","Defend_B","Zap+1","Dualcast","Sunder+1","Coolheaded","Sweeping Beam","Doom and Gloom","Biased Cognition","Core Surge","Reboot","Capacitor","Consume","Cold Snap"],"special_seed":0,"relics":["Cracked Core","FaceOfCleric","Regal Pillow","Bottled Tornado","Gremlin Horn","Sozu"],"potions_floor_usage":[14,16],"damage_taken":[{"damage":1.0,"enemies":"Cultist","floor":1.0,"turns":4.0},{"damage":7.0,"enemies":"Small Slimes","floor":2.0,"turns":2.0},{"damage":2.0,"enemies":"Jaw Worm","floor":3.0,"turns":3.0},{"damage":0.0,"enemies":"3 Louse","floor":5.0,"turns":3.0},{"damage":32.0,"enemies":"Gremlin Nob","floor":6.0,"turns":4.0},{"damage":9.0,"enemies":"Red Slaver","floor":7.0,"turns":3.0},{"damage":21.0,"enemies":"3 Sentries","floor":10.0,"turns":5.0},{"damage":0,"enemies":"Lots of Slimes","floor":11,"turns":1},{"damage":18,"enemies":"Exordium Wildlife","floor":14,"turns":3},{"damage":20,"enemies":"Slime Boss","floor":16,"turns":6},{"damage":33,"enemies":"Chosen","floor":18,"turns":5},{"damage":14,"enemies":"Spheric Guardian","floor":19,"turns":4},{"damage":62,"enemies":"Book of Stabbing","floor":24,"turns":5}],"seed_played":"4971615475600326616","potions_obtained":[{"floor":2.0,"key":"SteroidPotion"},{"floor":5.0,"key":"AttackPotion"},{"floor":6.0,"key":"AttackPotion"},{"floor":11,"key":"SkillPotion"},{"floor":14,"key":"Fire Potion"}],"is_trial":false,"path_per_floor":["M","M","M","?","M","E","M","R","T","E","M","R","?","M","R","B",null,"M","M","?","?","$","R","E"],"character_chosen":"DEFECT","items_purchased":[],"campfire_rested":2,"item_purchase_floors":[],"current_hp_per_floor":[70,63,61,61,62,31,23,23,23,3,4,43,43,26,26,7,66,34,21,21,21,21,62,0],"gold":330,"neow_bonus":"TEN_PERCENT_HP_BONUS","is_prod":false,"is_daily":false,"chose_seed":false,"campfire_upgraded":2,"win_rate":0,"timestamp":1554118494,"path_taken":["M","?","M","?","M","E","M","R","T","E","?","R","?","?","R","BOSS","M","M","?","?","$","R","E"],"build_version":"2019-01-23","purchased_purges":1,"victory":false,"max_hp_per_floor":[78,78,78,78,79,80,81,81,81,82,83,83,83,84,84,85,85,86,87,87,87,87,87,87],"card_choices":[{"not_picked":["Beam Cell","Conserve Battery"],"picked":"Sunder","floor":1.0},{"not_picked":["Compile Driver","Redo"],"picked":"Coolheaded","floor":2.0},{"not_picked":["Lockon","Reprogram"],"picked":"Sweeping Beam","floor":3.0},{"not_picked":["Fusion","Compile Driver"],"picked":"Doom and Gloom","floor":5.0},{"not_picked":["Heatsinks","Beam Cell","Stack"],"picked":"SKIP","floor":6.0},{"not_picked":["Self Repair","Turbo"],"picked":"Biased Cognition","floor":7.0},{"not_picked":["Rebound","Blizzard"],"picked":"Core Surge","floor":10.0},{"not_picked":["FTL","Rebound","Melter"],"picked":"SKIP","floor":11},{"not_picked":["Coolheaded","Streamline","Scrape"],"picked":"SKIP","floor":14},{"not_picked":["Meteor Strike","Hyperbeam"],"picked":"Reboot","floor":16},{"not_picked":["Force Field","Hologram"],"picked":"Capacitor","floor":18},{"not_picked":["Reprogram","Genetic Algorithm"],"picked":"Consume","floor":19}],"player_experience":1406103,"relics_obtained":[{"floor":6.0,"key":"Regal Pillow"},{"floor":9.0,"key":"Bottled Tornado"},{"floor":10.0,"key":"Gremlin Horn"}],"event_choices":[{"damage_healed":0.0,"max_hp_gain":0.0,"max_hp_loss":0.0,"gold_gain":0.0,"event_name":"FaceTrader","player_choice":"Trade","floor":4.0,"gold_loss":0.0,"damage_taken":0.0,"relics_obtained":["FaceOfCleric"]},{"damage_healed":0,"gold_gain":50,"player_choice":"Pray","damage_taken":0,"max_hp_gain":0,"max_hp_loss":0,"event_name":"Golden Shrine","floor":13,"gold_loss":0},{"damage_healed":0,"gold_gain":0,"player_choice":"Read","damage_taken":0,"max_hp_gain":0,"max_hp_loss":0,"event_name":"The Library","floor":20,"gold_loss":0,"cards_obtained":["Cold Snap"]},{"damage_healed":0,"gold_gain":0,"player_choice":"Smashed Altar","damage_taken":0,"max_hp_gain":0,"max_hp_loss":0,"event_name":"Forgotten Altar","floor":21,"gold_loss":0,"cards_obtained":["Decay"]}],"is_beta":false,"boss_relics":[{"not_picked":["Eternal Feather","Ectoplasm"],"picked":"Sozu"}],"items_purged_floors":[22],"is_endless":false,"potions_floor_spawned":[2,5,6,11,14],"killed_by":"Book of Stabbing","ascension_level":20}