{"gold_per_floor":[115,64,74,74,90,90,115,115,167,167,197,223,223,233,233,328,328,338,263,294,48,148,182,182,209,209,225,235,269,287,322,322,426,426,441,464,509,523,523,553,279,304,304,336,336,367,387,237,237,237,237,237,135,165,165],"floor_reached":55,"playtime":1291,"items_purged":["Strike_R","Strike_R","Defend_R","Strike_R"],"score":1094,"play_id":"e0ea3228-cb10-4e9e-b98a-7bfec3570635","local_time":"20190318232947","is_ascension_mode":true,"campfire_choices":[{"data":"Limit Break","floor":6,"key":"SMITH"},{"data":"Flex","floor":8,"key":"SMITH"},{"data":"Flex","floor":13,"key":"SMITH"},{"data":"Sword Boomerang","floor":15,"key":"SMITH"},{"floor":24,"key":"REST"},{"floor":32,"key":"RECALL"},{"floor":45,"key":"REST"},{"floor":49,"key":"REST"},{"floor":52,"key":"REST"}],"neow_cost":"TEN_PERCENT_HP_LOSS","seed_source_timestamp":6566700273200,"circlet_count":0,"master_deck":["Strike_R","Defend_R+1","Defend_R+1","Bash","Limit Break+1","Sword Boomerang+1","Flex+1","Flex+1","Offering","Burning Pact+1","Disarm+1","Flex+1","Shrug It Off"],"relics":["Burning Blood","Red Skull","Art of War","Happy Flower","Gremlin Horn","Fusion Hammer","Red Mask","Bag of Preparation","Orichalcum","Dream Catcher","Omamori","Turnip","Bag of Marbles","Empty Cage","Bronze Scales","Du-Vu Doll","Lantern","Pear","War Paint","Strawberry","Pen Nib","Pantograph","Sundial"],"potions_floor_usage":[16,18,25,29,33,33,47,55,55,55],"damage_taken":[{"damage":6,"enemies":"Jaw Worm","floor":1,"turns":3},{"damage":7,"enemies":"2 Louse","floor":3,"turns":2},{"damage":6,"enemies":"Cultist","floor":5,"turns":3},{"damage":28,"enemies":"Gremlin Nob","floor":7,"turns":4},{"damage":8,"enemies":"Lagavulin","floor":12,"turns":5},{"damage":8,"enemies":"Red Slaver","floor":14,"turns":2},{"damage":26,"enemies":"Hexaghost","floor":16,"turns":6},{"damage":11,"enemies":"3 Byrds","floor":18,"turns":3},{"damage":16,"enemies":"Masked Bandits","floor":20,"turns":3},{"damage":19,"enemies":"Book of Stabbing","floor":23,"turns":3},{"damage":12,"enemies":"Gremlin Leader","floor":25,"turns":2},{"damage":0,"enemies":"Spheric Guardian","floor":27,"turns":1},{"damage":12,"enemies":"Snake Plant","floor":28,"turns":4},{"damage":6,"enemies":"Book of Stabbing","floor":29,"turns":2},{"damage":6,"enemies":"Snecko","floor":30,"turns":2},{"damage":6,"enemies":"Slavers","floor":31,"turns":2},{"damage":25,"enemies":"Automaton","floor":33,"turns":6},{"damage":6,"enemies":"3 Darklings","floor":35,"turns":1},{"damage":6,"enemies":"2 Orb Walkers","floor":37,"turns":1},{"damage":6,"enemies":"Orb Walker","floor":38,"turns":1},{"damage":6,"enemies":"Giant Head","floor":40,"turns":3},{"damage":6,"enemies":"Nemesis","floor":42,"turns":1},{"damage":13,"enemies":"Giant Head","floor":44,"turns":3},{"damage":6,"enemies":"Nemesis","floor":46,"turns":1},{"damage":8,"enemies":"Writhing Mass","floor":47,"turns":4},{"damage":6,"enemies":"Time Eater","floor":50,"turns":3},{"damage":6,"enemies":"Shield and Spear","floor":54,"turns":2},{"damage":96,"enemies":"The Heart","floor":55,"turns":3}],"seed_played":"5235366160223098760","potions_obtained":[{"floor":1,"key":"FearPotion"},{"floor":12,"key":"AttackPotion"},{"floor":14,"key":"Strength Potion"},{"floor":23,"key":"AttackPotion"},{"floor":28,"key":"PowerPotion"},{"floor":29,"key":"BloodPotion"},{"floor":31,"key":"PowerPotion"},{"floor":38,"key":"EntropicBrew"},{"floor":40,"key":"Ancient Potion"},{"floor":44,"key":"Poison Potion"}],"is_trial":false,"path_per_floor":["M","$","M","$","M","R","E","R","T","?","?","E","R","M","R","B",null,"M","$","?","$","?","E","R","E","T","M","M","E","M","E","R","B",null,"M","T","?","M","?","E","$","E","T","E","R","E","M","$","R","B",null,"R","$","E","B"],"character_chosen":"IRONCLAD","items_purchased":["Flex","Bag of Preparation","War Paint","SteroidPotion","Strength Potion"],"campfire_rested":4,"item_purchase_floors":[2,21,41,53,53],"current_hp_per_floor":[72,72,71,71,71,71,49,49,49,49,49,47,47,45,45,25,72,67,67,57,57,57,44,65,59,59,65,59,59,59,59,59,40,72,72,72,72,72,72,82,82,89,89,82,89,89,87,87,89,89,89,89,89,89,0],"gold":165,"neow_bonus":"THREE_RARE_CARDS","is_prod":false,"is_daily":false,"chose_seed":false,"campfire_upgraded":4,"win_rate":0,"timestamp":1552976987,"path_taken":["M","$","M","$","M","R","E","R","T","?","?","E","R","M","R","BOSS","M","$","?","$","?","E","R","E","T","M","?","E","M","E","R","BOSS","M","?","?","?","?","E","?","E","T","E","R","E","M","$","R","BOSS","R","$","E","BOSS"],"build_version":"2019-01-23","purchased_purges":4,"victory":false,"max_hp_per_floor":[72,72,72,72,72,72,72,72,72,72,72,72,72,72,72,72,72,72,72,72,72,72,72,72,72,72,72,72,72,72,72,72,72,72,72,72,72,72,72,82,82,89,89,89,89,89,89,89,89,89,89,89,89,89,89],"card_choices":[{"not_picked":["Brutality","Demon Form"],"picked":"Limit Break","floor":0},{"not_picked":["Flame Barrier","Clothesline"],"picked":"Sword Boomerang","floor":1},{"not_picked":["Headbutt","Warcry"],"picked":"Flex","floor":3},{"not_picked":["Ghostly Armor","Searing Blow","Clash"],"picked":"SKIP","floor":5},{"not_picked":["Clothesline","Wild Strike","Cleave"],"picked":"SKIP","floor":7},{"not_picked":["Dark Embrace","Heavy Blade","Ghostly Armor"],"picked":"SKIP","floor":12},{"not_picked":["Heavy Blade","Perfected Strike","Sword Boomerang"],"picked":"SKIP","floor":14},{"not_picked":["Bludgeon","Demon Form"],"picked":"Offering","floor":16},{"not_picked":["Body Slam","Second Wind","Sword Boomerang"],"picked":"SKIP","floor":18},{"not_picked":["Warcry","Havoc+1","Rage+1"],"picked":"SKIP","floor":23},{"not_picked":["Spot Weakness","Pommel Strike+1","Impervious"],"picked":"SKIP","floor":25},{"not_picked":["Pommel Strike+1","Clash","Seeing Red"],"picked":"SKIP","floor":27},{"not_picked":["Headbutt","Disarm+1","Sword Boomerang+1"],"picked":"SKIP","floor":28},{"not_picked":["Demon Form","Iron Wave+1","Pummel"],"picked":"SKIP","floor":29},{"not_picked":["Infernal Blade","Hemokinesis","Anger"],"picked":"SKIP","floor":30},{"not_picked":["Second Wind","Corruption","Offering"],"picked":"SKIP","floor":31},{"not_picked":["Iron Wave","Armaments","Flex+1"],"picked":"SKIP","floor":35},{"not_picked":["Spot Weakness","Clash","Evolve+1"],"picked":"SKIP","floor":38},{"not_picked":["Combust+1","Pommel Strike","Headbutt"],"picked":"SKIP","floor":40},{"not_picked":["Blood for Blood+1","Corruption","Seeing Red"],"picked":"SKIP","floor":42},{"not_picked":["Feel No Pain","Second Wind"],"picked":"Burning Pact+1","floor":44},{"not_picked":["Armaments","Cleave"],"picked":"Disarm+1","floor":46},{"not_picked":["Body Slam","Dropkick","Dark Embrace"],"picked":"SKIP","floor":47},{"not_picked":["Power Through+1","Twin Strike+1"],"picked":"Flex+1","floor":52},{"not_picked":["Pummel","Infernal Blade"],"picked":"Shrug It Off","floor":54}],"player_experience":811306,"relics_obtained":[{"floor":7,"key":"Red Skull"},{"floor":9,"key":"Art of War"},{"floor":12,"key":"Gremlin Horn"},{"floor":20,"key":"Red Mask"},{"floor":23,"key":"Orichalcum"},{"floor":25,"key":"Dream Catcher"},{"floor":26,"key":"Omamori"},{"floor":29,"key":"Turnip"},{"floor":31,"key":"Bag of Marbles"},{"floor":36,"key":"Bronze Scales"},{"floor":37,"key":"Du-Vu Doll"},{"floor":40,"key":"Pear"},{"floor":42,"key":"Strawberry"},{"floor":44,"key":"Pen Nib"},{"floor":46,"key":"Pantograph"},{"floor":54,"key":"Sundial"}],"event_choices":[{"damage_healed":0,"gold_gain":0,"player_choice":"Ignored","damage_taken":0,"max_hp_gain":0,"max_hp_loss":0,"event_name":"Liars Game","floor":10,"gold_loss":0},{"damage_healed":0,"gold_gain":30,"player_choice":"Searched \u00273\u0027 times","damage_taken":0,"relics_obtained":["Happy Flower"],"max_hp_gain":0,"max_hp_loss":0,"event_name":"Dead Adventurer","floor":11,"gold_loss":0},{"damage_healed":0,"gold_gain":0,"player_choice":"Fought Bandits","damage_taken":0,"max_hp_gain":0,"max_hp_loss":0,"event_name":"Masked Bandits","floor":20,"gold_loss":0},{"damage_healed":0,"gold_gain":100,"player_choice":"Pray","damage_taken":0,"max_hp_gain":0,"max_hp_loss":0,"event_name":"Golden Shrine","floor":22,"gold_loss":0},{"damage_healed":0,"gold_gain":0,"player_choice":"Fight","damage_taken":0,"max_hp_gain":0,"max_hp_loss":0,"event_name":"Mysterious Sphere","floor":37,"gold_loss":0},{"damage_healed":0,"gold_gain":0,"player_choice":"Gave Potion","damage_taken":0,"relics_obtained":["Lantern"],"max_hp_gain":0,"max_hp_loss":0,"event_name":"WeMeetAgain","floor":39,"gold_loss":0}],"is_beta":false,"boss_relics":[{"not_picked":["Lizard Tail","Mark of Pain"],"picked":"Fusion Hammer"},{"not_picked":["Eternal Feather","White Beast Statue"],"picked":"Empty Cage"}],"items_purged_floors":[19,21,41,48],"is_endless":false,"potions_floor_spawned":[1,12,14,23,28,29,31,38,40,44],"killed_by":"The Heart","ascension_level":1}