{"gold_per_floor":[115,126,138,157,173,173,206,238,238,238,258,292,292,306,306,402,402,419,438,438,169,185,217,237,267,267,267,283,283,283,6,6,111,111,123,143,143,162,176,207,207,0,0,100,112,112,137,151,151,151],"floor_reached":51,"playtime":1723,"items_purged":["Defend_R","Wild Strike"],"score":921,"play_id":"a36a8d60-d100-42dc-ab12-f8a4c766262c","local_time":"20190429001222","is_ascension_mode":false,"campfire_choices":[{"data":"Perfected Strike","floor":6,"key":"SMITH"},{"data":"Immolate","floor":10,"key":"SMITH"},{"data":"Bash","floor":13,"key":"SMITH"},{"data":"Offering","floor":15,"key":"SMITH"},{"data":"Whirlwind","floor":27,"key":"SMITH"},{"data":"Inflame","floor":29,"key":"SMITH"},{"data":"Double Tap","floor":32,"key":"SMITH"},{"data":"Clothesline","floor":41,"key":"SMITH"},{"data":"Perfected Strike","floor":46,"key":"SMITH"},{"data":"True Grit","floor":49,"key":"SMITH"}],"neow_cost":"PERCENT_DAMAGE","seed_source_timestamp":1429787830165100,"circlet_count":0,"master_deck":["Strike_R","Strike_R","Strike_R","Strike_R","Strike_R","Defend_R","Defend_R+1","Defend_R+1","Bash+1","Power Through","Perfected Strike+1","True Grit+1","Twin Strike","Immolate+1","Intimidate","Twin Strike","Offering+1","Immolate","True Grit+1","Whirlwind+1","Anger","Inflame+1","True Grit","Headbutt","Double Tap+1","RitualDagger","Mayhem+1","Dark Embrace+1","Headbutt+1","Dark Shackles","Violence","Magnetism+1","Clothesline+1","Perfected Strike+1","Reaper","Feel No Pain+1","Corruption+1","Perfected Strike+1","Pommel Strike+1","True Grit+1","Warcry+1"],"relics":["Burning Blood","WingedGreaves","Ancient Tea Set","War Paint","Vajra","Sozu","Self Forming Clay","Happy Flower","Kunai","Gremlin Horn","Frozen Egg 2","Philosopher\u0027s Stone","Prayer Wheel","Red Mask","Mummified Hand","Mango","Orichalcum"],"potions_floor_usage":[16,16,33],"damage_taken":[{"damage":1,"enemies":"Cultist","floor":1,"turns":3},{"damage":1,"enemies":"Jaw Worm","floor":2,"turns":5},{"damage":0,"enemies":"Small Slimes","floor":3,"turns":3},{"damage":6,"enemies":"Blue Slaver","floor":4,"turns":5},{"damage":3,"enemies":"Looter","floor":5,"turns":3},{"damage":9,"enemies":"Gremlin Nob","floor":7,"turns":3},{"damage":11,"enemies":"3 Sentries","floor":8,"turns":4},{"damage":0,"enemies":"Exordium Wildlife","floor":11,"turns":3},{"damage":14,"enemies":"Gremlin Nob","floor":12,"turns":3},{"damage":1,"enemies":"Red Slaver","floor":14,"turns":2},{"damage":6,"enemies":"Slime Boss","floor":16,"turns":3},{"damage":13,"enemies":"2 Thieves","floor":18,"turns":2},{"damage":5,"enemies":"3 Byrds","floor":19,"turns":4},{"damage":1,"enemies":"Centurion and Healer","floor":22,"turns":3},{"damage":15,"enemies":"Book of Stabbing","floor":23,"turns":3},{"damage":11,"enemies":"Snecko","floor":24,"turns":3},{"damage":19,"enemies":"Slavers","floor":25,"turns":2},{"damage":0,"enemies":"3 Cultists","floor":28,"turns":1},{"damage":24,"enemies":"Automaton","floor":33,"turns":5},{"damage":7,"enemies":"3 Shapes","floor":35,"turns":6},{"damage":8,"enemies":"Orb Walker","floor":36,"turns":2},{"damage":17,"enemies":"Transient","floor":38,"turns":5},{"damage":0,"enemies":"Sphere and 2 Shapes","floor":39,"turns":1},{"damage":12,"enemies":"Nemesis","floor":40,"turns":5},{"damage":0,"enemies":"Mind Bloom Boss Battle","floor":44,"turns":4},{"damage":17,"enemies":"Spire Growth","floor":45,"turns":3},{"damage":26,"enemies":"Reptomancer","floor":47,"turns":3},{"damage":0,"enemies":"3 Darklings","floor":48,"turns":2},{"damage":34,"enemies":"Awakened One","floor":50,"turns":6}],"seed_played":"4761491753095631245","potions_obtained":[{"floor":1,"key":"Fire Potion"},{"floor":5,"key":"PowerPotion"},{"floor":11,"key":"Explosive Potion"},{"floor":12,"key":"Weak Potion"},{"floor":14,"key":"PowerPotion"}],"is_trial":false,"path_per_floor":["M","M","M","M","M","R","E","E","T","R","M","E","R","M","R","B",null,"M","M","T","$","M","E","M","E","T","R","M","R","?","$","R","B",null,"M","M","?","M","M","E","R","?","T","?","M","R","E","M","R","B",null],"character_chosen":"IRONCLAD","items_purchased":["Happy Flower","Anger","Mayhem+1"],"campfire_rested":0,"item_purchase_floors":[21,21,31],"current_hp_per_floor":[77,82,88,88,91,91,88,83,83,83,89,81,81,86,86,86,96,89,90,90,90,95,86,81,68,68,68,74,74,68,68,68,50,96,95,93,83,72,78,72,72,72,72,102,91,91,71,92,92,72],"gold":151,"neow_bonus":"TWENTY_PERCENT_HP_BONUS","is_prod":false,"is_daily":false,"chose_seed":false,"campfire_upgraded":10,"win_rate":1,"timestamp":1556521942,"path_taken":["M","M","?","M","M","R","E","E","T","R","M","E","R","M","R","BOSS","M","M","?","$","M","E","M","E","T","R","?","R","?","$","R","BOSS","M","M","?","M","M","E","R","?","T","?","?","R","E","M","R","BOSS"],"build_version":"2019-01-23","purchased_purges":2,"victory":true,"max_hp_per_floor":[96,96,96,96,96,96,96,96,96,96,96,96,96,96,96,96,96,96,96,96,96,96,96,96,96,96,96,96,96,96,96,96,96,96,96,96,96,96,96,96,96,96,96,110,110,110,110,110,110,110],"card_choices":[{"not_picked":["Havoc","Sword Boomerang"],"picked":"Power Through","floor":1},{"not_picked":["Rampage","Corruption"],"picked":"Perfected Strike","floor":2},{"not_picked":["Havoc","Heavy Blade"],"picked":"True Grit","floor":3},{"not_picked":["Sentinel","Rupture"],"picked":"Wild Strike","floor":4},{"not_picked":["Searing Blow","Clash"],"picked":"Twin Strike","floor":5},{"not_picked":["Flex","Thunderclap"],"picked":"Immolate","floor":7},{"not_picked":["Power Through","Thunderclap"],"picked":"Intimidate","floor":8},{"not_picked":["Iron Wave","Cleave"],"picked":"Twin Strike","floor":11},{"not_picked":["Dark Embrace","Limit Break"],"picked":"Offering","floor":12},{"not_picked":["Sentinel","Reckless Charge","Thunderclap"],"picked":"SKIP","floor":14},{"not_picked":["Offering","Bludgeon"],"picked":"Immolate","floor":16},{"not_picked":["Flame Barrier","Flex"],"picked":"True Grit+1","floor":18},{"not_picked":["Clash","True Grit"],"picked":"Whirlwind","floor":19},{"not_picked":["Headbutt+1","Hemokinesis"],"picked":"Inflame","floor":22},{"not_picked":["Entrench+1","Clash","Heavy Blade"],"picked":"SKIP","floor":23},{"not_picked":["Armaments","Flex"],"picked":"True Grit","floor":24},{"not_picked":["Clash","Twin Strike"],"picked":"Headbutt","floor":25},{"not_picked":["Sword Boomerang","Entrench+1"],"picked":"Double Tap","floor":28},{"not_picked":["Immolate","Reaper"],"picked":"Dark Embrace+1","floor":33},{"not_picked":["Flex","True Grit"],"picked":"Headbutt+1","floor":35},{"not_picked":["Flex+1","Dropkick","Body Slam"],"picked":"SKIP","floor":36},{"not_picked":["Madness","Bandage Up"],"picked":"Dark Shackles","floor":37},{"not_picked":["Enlightenment","Finesse"],"picked":"Violence","floor":37},{"not_picked":["Finesse","Forethought"],"picked":"Magnetism+1","floor":37},{"not_picked":["Combust+1","Anger+1"],"picked":"Clothesline","floor":38},{"not_picked":["Pummel+1","Cleave"],"picked":"Perfected Strike+1","floor":39},{"not_picked":["Warcry","Thunderclap+1"],"picked":"Reaper","floor":40},{"not_picked":["Warcry+1","Pommel Strike+1"],"picked":"Feel No Pain+1","floor":44},{"not_picked":["Body Slam+1","Rage"],"picked":"Corruption+1","floor":45},{"not_picked":["Cleave+1","Clash"],"picked":"Perfected Strike","floor":45},{"not_picked":["Rampage+1","Immolate"],"picked":"Pommel Strike+1","floor":47},{"not_picked":["Iron Wave+1","Wild Strike"],"picked":"True Grit+1","floor":48},{"not_picked":["Heavy Blade","Pummel+1"],"picked":"Warcry+1","floor":48}],"player_experience":647777,"relics_obtained":[{"floor":7,"key":"WingedGreaves"},{"floor":8,"key":"Ancient Tea Set"},{"floor":9,"key":"War Paint"},{"floor":12,"key":"Vajra"},{"floor":20,"key":"Self Forming Clay"},{"floor":23,"key":"Kunai"},{"floor":25,"key":"Gremlin Horn"},{"floor":26,"key":"Frozen Egg 2"},{"floor":40,"key":"Prayer Wheel"},{"floor":43,"key":"Mummified Hand"},{"floor":44,"key":"Mango"},{"floor":47,"key":"Orichalcum"}],"event_choices":[{"damage_healed":0,"gold_gain":0,"player_choice":"Joined the Cult","damage_taken":6,"max_hp_gain":0,"max_hp_loss":0,"event_name":"Nest","floor":30,"gold_loss":0,"cards_obtained":["RitualDagger"]},{"damage_healed":0,"gold_gain":0,"player_choice":"Memory 3","damage_taken":10,"max_hp_gain":0,"max_hp_loss":0,"event_name":"SensoryStone","floor":37,"gold_loss":0},{"damage_healed":0,"gold_gain":0,"player_choice":"Paid","damage_taken":0,"relics_obtained":["Red Mask"],"max_hp_gain":0,"max_hp_loss":0,"event_name":"Tomb of Lord Red Mask","floor":42,"gold_loss":207},{"damage_healed":0,"gold_gain":0,"player_choice":"Fight","damage_taken":0,"max_hp_gain":0,"max_hp_loss":0,"event_name":"MindBloom","floor":44,"gold_loss":0}],"is_beta":false,"boss_relics":[{"not_picked":["Eternal Feather","Fusion Hammer"],"picked":"Sozu"},{"not_picked":["Runic Cube","Lizard Tail"],"picked":"Philosopher\u0027s Stone"}],"items_purged_floors":[21,31],"is_endless":false,"potions_floor_spawned":[1,5,11,12,14,19,24,33,35,36,39,44,45,48],"ascension_level":0}