{"gold_per_floor":[115,132,195,211,63,63,88,88,88,100,110,110,125,125,125,228,228,228,228,228,30,30,30,30,30,30,30,30,30,30,30,30,30,30,30,30,30,30,30,30,30,30,30,30,30,30,30,30,30,30],"floor_reached":51,"playtime":2018,"items_purged":[],"score":822,"play_id":"aced47b6-ec00-4c21-9141-e18379e199c6","local_time":"20190428165049","is_ascension_mode":false,"campfire_choices":[{"data":"Clothesline","floor":6,"key":"SMITH"},{"data":"Limit Break","floor":8,"key":"SMITH"},{"data":"Bash","floor":12,"key":"SMITH"},{"data":"Disarm","floor":15,"key":"SMITH"},{"data":"Inflame","floor":24,"key":"SMITH"},{"data":"Flame Barrier","floor":27,"key":"SMITH"},{"data":"Spot Weakness","floor":32,"key":"SMITH"},{"data":"Limit Break","floor":45,"key":"SMITH"},{"data":"Discovery","floor":49,"key":"SMITH"}],"neow_cost":"NONE","seed_source_timestamp":1402997515713000,"circlet_count":0,"master_deck":["Strike_R","Strike_R","Strike_R","Strike_R","Defend_R","Defend_R+1","Defend_R","Defend_R","Bash+1","Ghostly Armor","Headbutt","Clothesline+1","Disarm+1","Spot Weakness+1","Limit Break+1","Shrug It Off+1","Twin Strike","Feed","Inflame+1","Headbutt","Flame Barrier+1","Uppercut+1","Shrug It Off+1","Limit Break+1","Warcry+1","Warcry+1","True Grit+1","Master of Strategy","Discovery+1","Headbutt+1","Pommel Strike+1"],"relics":["Burning Blood","Paper Frog","Regal Pillow","Ectoplasm","ClockworkSouvenir","Pen Nib","Strawberry","Question Card","Champion Belt","MutagenicStrength","Bronze Scales","Eternal Feather","Bird Faced Urn","Kunai","War Paint","Frozen Egg 2"],"potions_floor_usage":[16,37,50,50,50],"damage_taken":[{"damage":0,"enemies":"Cultist","floor":1,"turns":3},{"damage":0,"enemies":"2 Louse","floor":2,"turns":3},{"damage":0,"enemies":"Jaw Worm","floor":4,"turns":4},{"damage":31,"enemies":"Gremlin Nob","floor":7,"turns":5},{"damage":17,"enemies":"Lots of Slimes","floor":10,"turns":5},{"damage":1,"enemies":"Exordium Wildlife","floor":11,"turns":4},{"damage":3,"enemies":"Looter","floor":13,"turns":3},{"damage":23,"enemies":"The Guardian","floor":16,"turns":12},{"damage":10,"enemies":"3 Byrds","floor":18,"turns":6},{"damage":2,"enemies":"Chosen","floor":19,"turns":3},{"damage":7,"enemies":"Snake Plant","floor":22,"turns":6},{"damage":10,"enemies":"Book of Stabbing","floor":23,"turns":6},{"damage":18,"enemies":"Gremlin Leader","floor":28,"turns":4},{"damage":3,"enemies":"Centurion and Healer","floor":31,"turns":4},{"damage":30,"enemies":"Collector","floor":33,"turns":6},{"damage":6,"enemies":"3 Darklings","floor":35,"turns":4},{"damage":9,"enemies":"3 Shapes","floor":36,"turns":5},{"damage":6,"enemies":"Sphere and 2 Shapes","floor":37,"turns":4},{"damage":8,"enemies":"Mind Bloom Boss Battle","floor":39,"turns":5},{"damage":33,"enemies":"Giant Head","floor":40,"turns":9},{"damage":6,"enemies":"Maw","floor":44,"turns":5},{"damage":14,"enemies":"Jaw Worm Horde","floor":46,"turns":4},{"damage":13,"enemies":"Reptomancer","floor":47,"turns":6},{"damage":7,"enemies":"4 Shapes","floor":48,"turns":6},{"damage":58,"enemies":"Donu and Deca","floor":50,"turns":5}],"seed_played":"1911705118676676435","potions_obtained":[{"floor":4,"key":"Regen Potion"},{"floor":7,"key":"LiquidBronze"},{"floor":10,"key":"Energy Potion"},{"floor":16,"key":"SteroidPotion"},{"floor":19,"key":"AttackPotion"},{"floor":28,"key":"SpeedPotion"},{"floor":36,"key":"Fire Potion"},{"floor":46,"key":"Regen Potion"}],"is_trial":false,"path_per_floor":["M","M","?","M","$","R","E","R","T","M","M","R","M","?","R","B",null,"M","M","?","$","M","E","R","?","T","R","E","?","T","M","R","B",null,"M","M","M","$","?","E","$","?","T","M","R","M","E","M","R","B",null],"character_chosen":"IRONCLAD","items_purchased":["Spot Weakness","Regen Potion","ClockworkSouvenir"],"campfire_rested":0,"item_purchase_floors":[5,5,21],"current_hp_per_floor":[80,80,80,80,80,80,55,55,55,44,49,49,52,52,52,35,80,79,86,78,78,80,76,76,83,83,83,74,74,74,80,80,56,102,102,102,105,105,106,84,84,74,74,76,91,88,88,92,110,107],"gold":30,"neow_bonus":"TRANSFORM_CARD","is_prod":false,"is_daily":false,"chose_seed":false,"campfire_upgraded":9,"win_rate":1,"timestamp":1556495449,"path_taken":["M","M","?","M","$","R","E","R","T","M","M","R","M","?","R","BOSS","M","M","?","$","?","E","R","?","T","R","E","?","?","M","R","BOSS","M","M","M","$","?","E","$","?","T","M","R","M","E","M","R","BOSS"],"build_version":"2019-01-23","purchased_purges":0,"victory":true,"max_hp_per_floor":[80,80,80,80,80,80,80,80,80,80,80,80,80,80,80,80,80,83,86,86,86,89,89,89,96,96,96,99,99,99,102,102,102,102,102,105,108,108,111,114,114,114,114,114,114,117,120,123,123,126],"card_choices":[{"not_picked":["Perfected Strike","Rage"],"picked":"Headbutt","floor":1},{"not_picked":["Clash","Metallicize"],"picked":"Clothesline","floor":2},{"not_picked":["Second Wind","Hemokinesis"],"picked":"Disarm","floor":4},{"not_picked":["Shrug It Off","Bludgeon"],"picked":"Limit Break","floor":7},{"not_picked":["Warcry","Reckless Charge"],"picked":"Shrug It Off","floor":10},{"not_picked":["Clash","Heavy Blade"],"picked":"Twin Strike","floor":11},{"not_picked":["Searing Blow","Havoc","Warcry"],"picked":"SKIP","floor":13},{"not_picked":["Reaper","Limit Break"],"picked":"Feed","floor":16},{"not_picked":["Corruption+1","Pommel Strike"],"picked":"Inflame","floor":18},{"not_picked":["Wild Strike+1","Thunderclap"],"picked":"Headbutt","floor":19},{"not_picked":["Pommel Strike","Blood for Blood"],"picked":"Flame Barrier","floor":22},{"not_picked":["Twin Strike","Armaments","Rage"],"picked":"SKIP","floor":23},{"not_picked":["Wild Strike","Thunderclap","Combust"],"picked":"Uppercut+1","floor":28},{"not_picked":["Headbutt","Iron Wave+1","Rupture+1"],"picked":"Shrug It Off+1","floor":31},{"not_picked":["Berserk","Fiend Fire","Demon Form"],"picked":"Limit Break","floor":33},{"not_picked":["True Grit+1","Dropkick","Clothesline+1"],"picked":"Warcry+1","floor":35},{"not_picked":["Dual Wield","Clothesline+1","Clash","Sever Soul"],"picked":"SKIP","floor":36},{"not_picked":["Clothesline","Heavy Blade","Armaments+1"],"picked":"Warcry+1","floor":37},{"not_picked":["Twin Strike+1","Armaments+1","Fire Breathing"],"picked":"True Grit+1","floor":39},{"not_picked":["Barricade","Heavy Blade","Uppercut+1","Cleave"],"picked":"SKIP","floor":40},{"not_picked":["Thinking Ahead","Mind Blast","Enlightenment"],"picked":"Master of Strategy","floor":42},{"not_picked":["Panacea","Madness","HandOfGreed"],"picked":"Discovery","floor":42},{"not_picked":["Armaments+1","Ghostly Armor","Flame Barrier","Anger+1"],"picked":"SKIP","floor":44},{"not_picked":["Clash+1","Rupture+1","Havoc+1"],"picked":"Headbutt+1","floor":46},{"not_picked":["Dual Wield+1","Fiend Fire","Spot Weakness+1"],"picked":"Pommel Strike+1","floor":47},{"not_picked":["Combust+1","Headbutt+1","True Grit+1","Armaments"],"picked":"SKIP","floor":48}],"player_experience":643840,"relics_obtained":[{"floor":7,"key":"Paper Frog"},{"floor":9,"key":"Regal Pillow"},{"floor":23,"key":"Pen Nib"},{"floor":26,"key":"Question Card"},{"floor":28,"key":"Champion Belt"},{"floor":30,"key":"Bronze Scales"},{"floor":39,"key":"Bird Faced Urn"},{"floor":40,"key":"Kunai"},{"floor":43,"key":"War Paint"},{"floor":47,"key":"Frozen Egg 2"}],"event_choices":[{"damage_healed":0,"gold_gain":63,"player_choice":"Gained Gold","damage_taken":0,"max_hp_gain":0,"max_hp_loss":0,"event_name":"Golden Wing","floor":3,"gold_loss":0},{"damage_healed":0,"gold_gain":0,"player_choice":"Ignored","damage_taken":0,"max_hp_gain":0,"max_hp_loss":0,"event_name":"Liars Game","floor":14,"gold_loss":0},{"damage_healed":0,"gold_gain":75,"player_choice":"Touch","damage_taken":8,"max_hp_gain":0,"max_hp_loss":0,"event_name":"FaceTrader","floor":20,"gold_loss":0},{"damage_healed":0,"gold_gain":0,"player_choice":"Opened","damage_taken":0,"relics_obtained":["Strawberry"],"max_hp_gain":0,"max_hp_loss":0,"event_name":"The Mausoleum","floor":25,"gold_loss":0},{"damage_healed":0,"gold_gain":0,"player_choice":"Inject Mutagens","damage_taken":0,"relics_obtained":["MutagenicStrength"],"max_hp_gain":0,"max_hp_loss":0,"event_name":"Drug Dealer","floor":29,"gold_loss":0},{"damage_healed":0,"gold_gain":0,"player_choice":"Fight","damage_taken":0,"max_hp_gain":0,"max_hp_loss":0,"event_name":"MindBloom","floor":39,"gold_loss":0},{"damage_healed":0,"gold_gain":0,"player_choice":"Memory 3","damage_taken":10,"max_hp_gain":0,"max_hp_loss":0,"event_name":"SensoryStone","floor":42,"gold_loss":0}],"is_beta":false,"boss_relics":[{"not_picked":["Tiny House","Pandora\u0027s Box"],"picked":"Ectoplasm"},{"not_picked":["Astrolabe","Coffee Dripper"],"picked":"Eternal Feather"}],"items_purged_floors":[],"is_endless":false,"potions_floor_spawned":[4,7,10,13,16,19,22,28,36,46,48],"ascension_level":0}