{"gold_per_floor":[363,375,375,30,30,30,45,45,45,76,76,92,117,117,117,248,248,261,186,186,111,105,105,105],"floor_reached":24,"playtime":3023,"items_purged":["Strike_R"],"score":272,"play_id":"94b1556f-baec-4acc-b69a-9f4ae3778291","local_time":"20190427235251","is_ascension_mode":true,"campfire_choices":[{"data":"Uppercut","floor":6,"key":"SMITH"},{"data":"Clothesline","floor":8,"key":"SMITH"},{"floor":11,"key":"REST"},{"floor":15,"key":"REST"},{"floor":23,"key":"REST"}],"neow_cost":"TEN_PERCENT_HP_LOSS","seed_source_timestamp":367993099092800,"circlet_count":0,"master_deck":["Strike_R","Strike_R","Defend_R","Defend_R","Defend_R","Defend_R","Bash","Uppercut+1","Headbutt","Feel No Pain","True Grit","Clothesline+1","Clothesline","Inflame","Metallicize","Demon Form","Shrug It Off"],"relics":["Burning Blood","HandDrill","Golden Idol","Bird Faced Urn","Torii","Velvet Choker","Pantograph"],"potions_floor_usage":[10,24],"damage_taken":[{"damage":9,"enemies":"2 Louse","floor":1,"turns":3},{"damage":9,"enemies":"Small Slimes","floor":2,"turns":3},{"damage":7,"enemies":"Jaw Worm","floor":7,"turns":4},{"damage":37,"enemies":"3 Sentries","floor":10,"turns":12},{"damage":13,"enemies":"Exordium Wildlife","floor":12,"turns":5},{"damage":9,"enemies":"Looter","floor":13,"turns":3},{"damage":50,"enemies":"The Guardian","floor":16,"turns":15},{"damage":28,"enemies":"Spheric Guardian","floor":18,"turns":6},{"damage":13,"enemies":"2 Thieves","floor":22,"turns":4},{"damage":67,"enemies":"Slavers","floor":24,"turns":5}],"seed_played":"-7905877449852980263","potions_obtained":[{"floor":2,"key":"Dexterity Potion"},{"floor":12,"key":"SneckoOil"},{"floor":13,"key":"SteroidPotion"},{"floor":18,"key":"Weak Potion"}],"is_trial":false,"path_per_floor":["M","M","?","$","?","R","M","R","T","E","R","M","M","?","R","B",null,"M","?","T","$","M","R","E"],"character_chosen":"IRONCLAD","items_purchased":["HandDrill","Feel No Pain","True Grit","Clothesline"],"campfire_rested":3,"item_purchase_floors":[4,4,4,4],"current_hp_per_floor":[69,66,66,66,48,48,47,47,47,18,39,32,31,31,52,14,58,42,42,42,42,39,60,0],"gold":105,"neow_bonus":"TWO_FIFTY_GOLD","is_prod":false,"is_daily":false,"chose_seed":false,"campfire_upgraded":2,"win_rate":0,"timestamp":1556423571,"path_taken":["M","M","?","$","?","R","M","R","T","E","R","M","M","?","R","BOSS","M","?","?","$","M","R","E"],"build_version":"2019-01-23","purchased_purges":1,"victory":false,"max_hp_per_floor":[72,72,72,72,72,72,72,72,72,72,72,72,72,72,72,72,72,72,72,72,72,72,72,72],"card_choices":[{"not_picked":["Anger","Twin Strike"],"picked":"Uppercut","floor":1},{"not_picked":["Iron Wave","Seeing Red"],"picked":"Headbutt","floor":2},{"not_picked":["Clash","Warcry"],"picked":"Clothesline","floor":7},{"not_picked":["Corruption","Havoc","Wild Strike"],"picked":"SKIP","floor":10},{"not_picked":["Wild Strike","Anger"],"picked":"Inflame","floor":12},{"not_picked":["Carnage","Iron Wave"],"picked":"Metallicize","floor":13},{"not_picked":["Immolate","Fiend Fire"],"picked":"Demon Form","floor":16},{"not_picked":["Burning Pact","Thunderclap"],"picked":"Shrug It Off","floor":18},{"not_picked":["Feel No Pain","Searing Blow","Dropkick"],"picked":"SKIP","floor":22}],"player_experience":237807,"relics_obtained":[{"floor":9,"key":"Bird Faced Urn"},{"floor":10,"key":"Torii"},{"floor":20,"key":"Pantograph"}],"event_choices":[{"cards_removed":["Strike_R"],"damage_healed":0,"gold_gain":0,"player_choice":"Forget","damage_taken":0,"max_hp_gain":0,"max_hp_loss":0,"event_name":"Living Wall","floor":3,"gold_loss":0},{"damage_healed":0,"gold_gain":0,"player_choice":"Take Damage","damage_taken":18,"relics_obtained":["Golden Idol"],"max_hp_gain":0,"max_hp_loss":0,"event_name":"Golden Idol","floor":5,"gold_loss":0},{"damage_healed":0,"gold_gain":0,"player_choice":"Ignored","damage_taken":0,"max_hp_gain":0,"max_hp_loss":0,"event_name":"Liars Game","floor":14,"gold_loss":0},{"cards_removed":["Strike_R"],"damage_healed":0,"gold_gain":0,"player_choice":"Gave Gold","damage_taken":0,"max_hp_gain":0,"max_hp_loss":0,"event_name":"Beggar","floor":19,"gold_loss":75}],"is_beta":false,"boss_relics":[{"not_picked":["Sozu","Fusion Hammer"],"picked":"Velvet Choker"}],"items_purged_floors":[21],"is_endless":false,"potions_floor_spawned":[2,12,13,18,22],"killed_by":"Slavers","ascension_level":8}