{"gold_per_floor":[113,188,188,188,188,188,223,241,241,241,257,291,291,166,166,264,264,275,275,275,22,40,72,72,100,124,144,179,179,196,214,214,214],"floor_reached":33,"playtime":1008,"items_purged":["Strike_R","Strike_R"],"score":353,"play_id":"3d50fe28-9df1-4d47-9537-908352c3e34f","local_time":"20190309225419","is_ascension_mode":true,"campfire_choices":[{"data":"Bash","floor":6,"key":"SMITH"},{"floor":10,"key":"RECALL"},{"data":"Body Slam","floor":13,"key":"SMITH"},{"data":"True Grit","floor":15,"key":"SMITH"},{"data":"Offering","floor":24,"key":"SMITH"},{"data":"Defend_R","floor":29,"key":"SMITH"},{"data":"Whirlwind","floor":32,"key":"SMITH"}],"neow_cost":"TEN_PERCENT_HP_LOSS","seed_source_timestamp":0,"circlet_count":0,"master_deck":["Strike_R","Strike_R","Strike_R","Defend_R","Defend_R","Defend_R","Defend_R+1","Bash+1","Body Slam+1","Body Slam+1","True Grit+1","Offering+1","Body Slam","Whirlwind+1"],"special_seed":0,"relics":["Burning Blood","Charon\u0027s Ashes","Question Card","Pen Nib","StoneCalendar","Coffee Dripper","Oddly Smooth Stone","Anchor","Omamori","Orichalcum","Bag of Preparation"],"potions_floor_usage":[7,7,12,12,16,23,25,25,33,33],"damage_taken":[{"damage":6,"enemies":"Cultist","floor":1,"turns":3},{"damage":14,"enemies":"3 Sentries","floor":7,"turns":8},{"damage":5,"enemies":"Small Slimes","floor":8,"turns":4},{"damage":0,"enemies":"2 Louse","floor":11,"turns":3},{"damage":11,"enemies":"Gremlin Nob","floor":12,"turns":4},{"damage":53,"enemies":"The Guardian","floor":16,"turns":12},{"damage":7,"enemies":"Shell Parasite","floor":18,"turns":3},{"damage":6,"enemies":"Chosen","floor":22,"turns":3},{"damage":12,"enemies":"Book of Stabbing","floor":23,"turns":4},{"damage":6,"enemies":"Slavers","floor":25,"turns":4},{"damage":6,"enemies":"Centurion and Healer","floor":27,"turns":4},{"damage":44,"enemies":"Book of Stabbing","floor":28,"turns":6},{"damage":16,"enemies":"Cultist and Chosen","floor":30,"turns":6},{"damage":12,"enemies":"Sentry and Sphere","floor":31,"turns":4},{"damage":16,"enemies":"Automaton","floor":33,"turns":4}],"seed_played":"-9105727673730554088","potions_obtained":[{"floor":1,"key":"EntropicBrew"},{"floor":8,"key":"Poison Potion"},{"floor":16,"key":"Explosive Potion"},{"floor":18,"key":"PowerPotion"},{"floor":23,"key":"Fire Potion"},{"floor":28,"key":"Dexterity Potion"},{"floor":31,"key":"EssenceOfSteel"}],"is_trial":false,"path_per_floor":["M","?","?","?","T","R","E","M","T","R","M","E","R","$","R","B",null,"M","?","?","$","M","E","R","E","T","M","E","R","M","M","R","B"],"character_chosen":"IRONCLAD","items_purchased":["True Grit","Oddly Smooth Stone"],"campfire_rested":0,"item_purchase_floors":[14,21],"current_hp_per_floor":[72,61,61,61,61,61,53,54,54,54,60,55,55,55,55,8,72,71,71,71,71,71,65,65,65,65,65,27,27,17,11,11,0],"gold":214,"neow_bonus":"ONE_RARE_RELIC","is_prod":false,"is_daily":false,"chose_seed":false,"campfire_upgraded":6,"win_rate":0,"timestamp":1552197259,"path_taken":["M","?","?","?","?","R","E","?","T","R","M","E","R","$","R","BOSS","M","?","?","$","M","E","R","E","T","M","E","R","M","M","R","BOSS"],"build_version":"2019-01-23","purchased_purges":2,"victory":false,"max_hp_per_floor":[72,72,72,72,72,72,72,72,72,72,72,72,72,72,72,72,72,72,72,72,72,72,72,72,72,72,72,72,72,72,72,72,72],"card_choices":[{"not_picked":["Second Wind","Armaments"],"picked":"Body Slam","floor":1},{"not_picked":["Second Wind","Headbutt","Rage","Thunderclap"],"picked":"SKIP","floor":7},{"not_picked":["Feel No Pain","Rupture","Pummel","Spot Weakness"],"picked":"SKIP","floor":8},{"not_picked":["Corruption","Carnage","Anger","Havoc"],"picked":"SKIP","floor":11},{"not_picked":["Carnage","Corruption","Clash"],"picked":"Body Slam","floor":12},{"not_picked":["Double Tap","Juggernaut","Fiend Fire"],"picked":"Offering","floor":16},{"not_picked":["Searing Blow","Warcry","Havoc","Cleave"],"picked":"SKIP","floor":18},{"not_picked":["Warcry","Bloodletting+1","Perfected Strike","Pommel Strike"],"picked":"SKIP","floor":22},{"not_picked":["Evolve","Clash","Combust","Twin Strike"],"picked":"SKIP","floor":23},{"not_picked":["Armaments","Combust+1","Thunderclap+1","Disarm"],"picked":"SKIP","floor":25},{"not_picked":["Rage+1","Carnage+1","Iron Wave+1","Thunderclap+1"],"picked":"SKIP","floor":27},{"not_picked":["Immolate","Headbutt","Combust","Wild Strike"],"picked":"SKIP","floor":28},{"not_picked":["Flex","Havoc+1","Rampage"],"picked":"Body Slam","floor":30},{"not_picked":["Carnage+1","Flex","Warcry"],"picked":"Whirlwind","floor":31}],"player_experience":796145,"relics_obtained":[{"floor":5,"key":"Question Card"},{"floor":7,"key":"Pen Nib"},{"floor":12,"key":"StoneCalendar"},{"floor":23,"key":"Anchor"},{"floor":25,"key":"Omamori"},{"floor":26,"key":"Orichalcum"},{"floor":28,"key":"Bag of Preparation"}],"event_choices":[{"damage_healed":0,"gold_gain":75,"player_choice":"Gather Gold","damage_taken":11,"max_hp_gain":0,"max_hp_loss":0,"event_name":"World of Goop","floor":2,"gold_loss":0},{"damage_healed":0,"gold_gain":0,"player_choice":"Grow","damage_taken":0,"max_hp_gain":0,"max_hp_loss":0,"event_name":"Living Wall","floor":3,"gold_loss":0,"cards_upgraded":["Body Slam"]},{"damage_healed":0,"gold_gain":0,"player_choice":"Ignored","damage_taken":0,"max_hp_gain":0,"max_hp_loss":0,"event_name":"Liars Game","floor":4,"gold_loss":0},{"damage_healed":0,"gold_gain":0,"player_choice":"Ignored","damage_taken":0,"max_hp_gain":0,"max_hp_loss":0,"event_name":"Ghosts","floor":19,"gold_loss":0},{"damage_healed":0,"gold_gain":0,"player_choice":"Ignored","damage_taken":0,"max_hp_gain":0,"max_hp_loss":0,"event_name":"The Mausoleum","floor":20,"gold_loss":0}],"is_beta":false,"boss_relics":[{"not_picked":["Calling Bell","Busted Crown"],"picked":"Coffee Dripper"}],"items_purged_floors":[14,21],"is_endless":false,"potions_floor_spawned":[1,8,16,18,23,28,31],"killed_by":"Automaton","ascension_level":1}