{"gold_per_floor":[215,233,233,243,262,292,292,321,391,391,411,181,201,216,216,312,312,327,344,355,176,356,387,406,418,418,445,445,475,475,495,495,590,590,605,619,694,706,706,724,754,754,825,844,503,532,532,542,542,542,542,542,39,70,70],"floor_reached":56,"playtime":2875,"items_purged":["Strike_B","Strike_B","Dualcast+1","Defend_B"],"score":1461,"play_id":"7e3889a0-3d1f-45bc-aa9a-2b059c41f42a","local_time":"20190423140540","is_ascension_mode":true,"campfire_choices":[{"data":"Beam Cell","floor":7,"key":"SMITH"},{"data":"Zap","floor":10,"key":"SMITH"},{"data":"Dualcast","floor":15,"key":"SMITH"},{"floor":28,"key":"DIG"},{"floor":30,"key":"DIG"},{"floor":32,"key":"REST"},{"floor":42,"key":"DIG"},{"floor":49,"key":"RECALL"},{"floor":52,"key":"DIG"}],"neow_cost":"NONE","seed_source_timestamp":93459395845900,"circlet_count":0,"master_deck":["Defend_B","Defend_B","Steam","Rebound","Beam Cell+1","Steam","Reboot","Hologram+1","FTL","Flash of Steel","Sweeping Beam","Double Energy+1","All For One+1","Go for the Eyes+1","Hologram+1","Scrape","Seek+1","Auto Shields+1","Hyperbeam","Coolheaded+1","All For One+1","Machine Learning+1","Scrape+1","Hyperbeam","Gash","Gash","Steam+1","Seek+1"],"relics":["Cracked Core","Matryoshka","Bird Faced Urn","Oddly Smooth Stone","Toxic Egg 2","Black Star","Shovel","Vajra","PreservedInsect","Cables","Potion Belt","Turnip","Ice Cream","Whetstone","Bronze Scales","Astrolabe","Regal Pillow","Ancient Tea Set","Ornamental Fan","Letter Opener","DollysMirror","Smiling Mask","Bottled Lightning","Dodecahedron","Bag of Marbles","ClockworkSouvenir","StoneCalendar","Strawberry"],"potions_floor_usage":[5,6,8,16,23,27,33,50,50,55,55],"damage_taken":[{"damage":1,"enemies":"Jaw Worm","floor":1,"turns":3},{"damage":0,"enemies":"Cultist","floor":2,"turns":3},{"damage":0,"enemies":"2 Louse","floor":4,"turns":1},{"damage":2,"enemies":"Lots of Slimes","floor":5,"turns":2},{"damage":11,"enemies":"Lagavulin","floor":6,"turns":6},{"damage":36,"enemies":"Gremlin Nob","floor":8,"turns":5},{"damage":0,"enemies":"Blue Slaver","floor":11,"turns":2},{"damage":0,"enemies":"Gremlin Gang","floor":13,"turns":4},{"damage":0,"enemies":"Red Slaver","floor":14,"turns":3},{"damage":0,"enemies":"Slime Boss","floor":16,"turns":8},{"damage":0,"enemies":"Chosen","floor":18,"turns":3},{"damage":17,"enemies":"2 Thieves","floor":19,"turns":2},{"damage":1,"enemies":"Shelled Parasite and Fungi","floor":20,"turns":4},{"damage":4,"enemies":"Book of Stabbing","floor":23,"turns":5},{"damage":0,"enemies":"Chosen and Byrds","floor":24,"turns":3},{"damage":6,"enemies":"Snake Plant","floor":25,"turns":4},{"damage":4,"enemies":"Gremlin Leader","floor":27,"turns":4},{"damage":1,"enemies":"Slavers","floor":29,"turns":3},{"damage":0,"enemies":"Snecko","floor":31,"turns":3},{"damage":16,"enemies":"Collector","floor":33,"turns":9},{"damage":8,"enemies":"3 Darklings","floor":35,"turns":3},{"damage":4,"enemies":"Orb Walker","floor":36,"turns":3},{"damage":13,"enemies":"Writhing Mass","floor":38,"turns":4},{"damage":0,"enemies":"4 Shapes","floor":40,"turns":3},{"damage":1,"enemies":"Giant Head","floor":41,"turns":5},{"damage":0,"enemies":"Jaw Worm Horde","floor":44,"turns":2},{"damage":0,"enemies":"Nemesis","floor":46,"turns":3},{"damage":8,"enemies":"Transient","floor":48,"turns":5},{"damage":46,"enemies":"Donu and Deca","floor":50,"turns":7},{"damage":0,"enemies":"Shield and Spear","floor":54,"turns":3},{"damage":70,"enemies":"The Heart","floor":55,"turns":9}],"seed_played":"-7164419047610560710","potions_obtained":[{"floor":1,"key":"Weak Potion"},{"floor":2,"key":"Explosive Potion"},{"floor":3,"key":"Block Potion"},{"floor":11,"key":"PowerPotion"},{"floor":18,"key":"Weak Potion"},{"floor":24,"key":"FocusPotion"},{"floor":27,"key":"Fruit Juice"},{"floor":36,"key":"EssenceOfSteel"},{"floor":44,"key":"Weak Potion"},{"floor":46,"key":"Dexterity Potion"}],"is_trial":false,"path_per_floor":["M","M","?","M","M","E","R","E","T","R","M","$","M","M","R","B",null,"M","M","M","$","?","E","M","M","T","E","R","E","R","M","R","B",null,"M","M","?","M","?","M","E","R","T","M","$","E","?","M","R","B",null,"R","$","E","B",null],"character_chosen":"DEFECT","items_purchased":["FTL","Flash of Steel","Scrape","Gash","DollysMirror","Steam+1","Bag of Marbles","ClockworkSouvenir","EssenceOfSteel"],"campfire_rested":1,"item_purchase_floors":[12,12,21,45,45,53,53,53,53],"current_hp_per_floor":[74,74,74,74,72,61,61,25,25,25,25,25,25,25,25,27,75,75,58,57,57,36,32,32,26,26,27,27,26,26,26,50,34,80,72,70,62,51,51,53,54,54,54,56,56,58,58,52,52,8,80,80,80,87,17],"gold":70,"neow_bonus":"HUNDRED_GOLD","is_prod":false,"is_daily":false,"chose_seed":false,"campfire_upgraded":3,"win_rate":0,"timestamp":1556053540,"path_taken":["M","M","?","M","?","E","R","E","T","R","M","$","M","M","R","BOSS","M","?","M","$","?","E","M","M","T","E","R","E","R","?","R","BOSS","M","M","?","?","?","?","E","R","T","M","$","E","?","M","R","BOSS","R","$","E","BOSS"],"build_version":"2019-01-23","purchased_purges":4,"victory":true,"max_hp_per_floor":[75,75,75,75,75,75,75,75,75,75,75,75,75,75,75,75,75,75,75,75,75,75,75,75,75,75,80,80,80,80,80,80,80,80,80,80,80,80,80,80,80,80,80,80,80,80,80,80,80,80,80,80,80,87,87],"card_choices":[{"not_picked":["Steam","Leap","Fusion"],"picked":"SKIP","floor":1},{"not_picked":["Leap","Fusion"],"picked":"Steam","floor":1},{"not_picked":["Hologram","Streamline","Rebound"],"picked":"SKIP","floor":2},{"not_picked":["Hologram","Streamline"],"picked":"Rebound","floor":2},{"not_picked":["Stack","Compile Driver"],"picked":"Beam Cell","floor":4},{"not_picked":["White Noise","Streamline","Leap"],"picked":"SKIP","floor":5},{"not_picked":["Electrodynamics","Consume"],"picked":"Steam","floor":6},{"not_picked":["Steam","Coolheaded"],"picked":"Reboot","floor":8},{"not_picked":["Compile Driver","Chill+1"],"picked":"Hologram+1","floor":11},{"not_picked":["Compile Driver","Sweeping Beam","Turbo+1"],"picked":"SKIP","floor":13},{"not_picked":["Compile Driver","Turbo+1"],"picked":"Sweeping Beam","floor":13},{"not_picked":["Defragment","Coolheaded+1"],"picked":"Double Energy+1","floor":14},{"not_picked":["Buffer","Reboot+1"],"picked":"All For One","floor":16},{"not_picked":["Compile Driver","Ball Lightning"],"picked":"Go for the Eyes","floor":18},{"not_picked":["Barrage","Ball Lightning","Capacitor"],"picked":"SKIP","floor":19},{"not_picked":["Steam+1","Skim+1"],"picked":"Hologram+1","floor":20},{"not_picked":["Fusion+1","Ball Lightning+1","Cold Snap"],"picked":"SKIP","floor":23},{"not_picked":["Conserve Battery+1","Recycle+1","Reinforced Body+1"],"picked":"SKIP","floor":24},{"not_picked":["Static Discharge","Beam Cell","Barrage+1"],"picked":"SKIP","floor":25},{"not_picked":["Redo+1","Doom and Gloom"],"picked":"Seek+1","floor":27},{"not_picked":["Redo+1","Ball Lightning+1","Coolheaded+1"],"picked":"SKIP","floor":29},{"not_picked":["Chill+1","Darkness+1"],"picked":"Auto Shields+1","floor":31},{"not_picked":["Buffer","Amplify+1"],"picked":"Hyperbeam","floor":33},{"not_picked":["Ball Lightning","Skim+1","Streamline+1"],"picked":"SKIP","floor":35},{"not_picked":["Tempest+1","Sweeping Beam+1"],"picked":"Scrape+1","floor":36},{"not_picked":["Cold Snap+1","Ball Lightning+1","Undo+1"],"picked":"SKIP","floor":38},{"not_picked":["Reprogram+1","Rebound","Auto Shields+1"],"picked":"SKIP","floor":40},{"not_picked":["Lockon","Redo+1","Steam+1"],"picked":"SKIP","floor":41},{"not_picked":["Leap+1","Rebound+1","Steam+1"],"picked":"SKIP","floor":44},{"not_picked":["Melter","Doom and Gloom","Echo Form"],"picked":"SKIP","floor":46},{"not_picked":["Sweeping Beam","Storm+1","Self Repair+1"],"picked":"SKIP","floor":48},{"not_picked":["Turbo+1","FTL"],"picked":"Seek+1","floor":54}],"player_experience":938018,"relics_obtained":[{"floor":6,"key":"Matryoshka"},{"floor":8,"key":"Bird Faced Urn"},{"floor":9,"key":"Oddly Smooth Stone"},{"floor":9,"key":"Toxic Egg 2"},{"floor":23,"key":"Shovel"},{"floor":23,"key":"Vajra"},{"floor":26,"key":"PreservedInsect"},{"floor":27,"key":"Cables"},{"floor":27,"key":"Potion Belt"},{"floor":28,"key":"Turnip"},{"floor":29,"key":"Ice Cream"},{"floor":29,"key":"Whetstone"},{"floor":30,"key":"Bronze Scales"},{"floor":41,"key":"Regal Pillow"},{"floor":41,"key":"Ancient Tea Set"},{"floor":42,"key":"Ornamental Fan"},{"floor":43,"key":"Letter Opener"},{"floor":46,"key":"Smiling Mask"},{"floor":46,"key":"Bottled Lightning"},{"floor":52,"key":"Dodecahedron"},{"floor":54,"key":"StoneCalendar"},{"floor":54,"key":"Strawberry"}],"event_choices":[{"damage_healed":0,"gold_gain":0,"player_choice":"Got Potions","damage_taken":0,"max_hp_gain":0,"max_hp_loss":0,"event_name":"Lab","floor":3,"gold_loss":0},{"damage_healed":0,"gold_gain":180,"player_choice":"GOLD GOLD ","damage_taken":21,"max_hp_gain":0,"max_hp_loss":0,"event_name":"Knowing Skull","floor":22,"potions_obtained":[],"gold_loss":0,"cards_obtained":[]},{"damage_healed":0,"gold_gain":75,"player_choice":"Touch","damage_taken":8,"max_hp_gain":0,"max_hp_loss":0,"event_name":"FaceTrader","floor":37,"gold_loss":0},{"damage_healed":0,"gold_gain":0,"player_choice":"Copied","damage_taken":0,"max_hp_gain":0,"max_hp_loss":0,"event_name":"Duplicator","floor":39,"gold_loss":0,"cards_obtained":["Hyperbeam"]},{"cards_removed":["Defend_B"],"damage_healed":0,"gold_gain":0,"player_choice":"Card Removal","damage_taken":0,"max_hp_gain":0,"max_hp_loss":0,"event_name":"Wheel of Change","floor":47,"gold_loss":0}],"is_beta":false,"boss_relics":[{"not_picked":["Snecko Eye","Inserter"],"picked":"Black Star"},{"not_picked":["White Beast Statue","Velvet Choker"],"picked":"Astrolabe"}],"items_purged_floors":[12,21,45,53],"is_endless":false,"potions_floor_spawned":[1,2,11,18,24,27,36,44,46],"ascension_level":1}