{"gold_per_floor":[110,127,127,145,220,250,267,282,282,299,309,309,7,17,17,113,113,87,87,98,115,115,141,154,154,181,181,181,201,45,62,62,159,159,177,188,198,246,266,300,300,315,361,379,412,512,512,512,512,512,512,512,33,63,63],"floor_reached":56,"playtime":4498,"items_purged":["Defend_R"],"score":1235,"play_id":"3a60a5ae-a930-4e15-b099-c2d135bdba75","local_time":"20190109235759","is_ascension_mode":false,"campfire_choices":[{"floor":15,"key":"RECALL"},{"data":"True Grit","floor":25,"key":"SMITH"},{"data":"True Grit","floor":28,"key":"SMITH"},{"data":"Shockwave","floor":32,"key":"SMITH"},{"floor":41,"key":"DIG"},{"floor":49,"key":"DIG"},{"floor":52,"key":"DIG"}],"neow_cost":"NONE","seed_source_timestamp":160247270340400,"circlet_count":0,"master_deck":["Strike_R+1","Defend_R","Defend_R","Defend_R","Bash","Metallicize+1","Clash+1","Reaper+1","Spot Weakness","Clothesline+1","Anger","Spot Weakness","Iron Wave","Battle Trance","Shrug It Off","Metallicize","Power Through","True Grit+1","Juggernaut","Rampage","Metallicize+1","Heavy Blade","Juggernaut","True Grit+1","Demon Form","Reaper","Shockwave+1","Impervious","Inflame+1","Shockwave+1","Pommel Strike+1","Shrug It Off+1","Fire Breathing+1","Disarm","Barricade","Parasite","Thunderclap+1","Pummel+1","Pommel Strike","Dark Shackles","Clothesline+1"],"relics":["Astrolabe","Strawberry","Self Forming Clay","Thread and Needle","White Beast Statue","Paper Frog","Mark of Pain","Shovel","Bottled Tornado","Shuriken","Bronze Scales","Torii","Calipers","Red Skull","Pear","Mummified Hand","Anchor","Du-Vu Doll"],"potions_floor_usage":[6,11,21,21,23,31,31,33,33,38,38,38,40,46,50,50,55,55],"damage_taken":[{"damage":2,"enemies":"Small Slimes","floor":1,"turns":5},{"damage":8,"enemies":"Jaw Worm","floor":2,"turns":4},{"damage":0,"enemies":"Cultist","floor":4,"turns":4},{"damage":2,"enemies":"Gremlin Nob","floor":6,"turns":3},{"damage":2,"enemies":"2 Fungi Beasts","floor":7,"turns":3},{"damage":0,"enemies":"Red Slaver","floor":8,"turns":3},{"damage":6,"enemies":"Exordium Wildlife","floor":10,"turns":3},{"damage":3,"enemies":"Large Slime","floor":11,"turns":5},{"damage":0,"enemies":"Exordium Thugs","floor":14,"turns":5},{"damage":3,"enemies":"The Guardian","floor":16,"turns":11},{"damage":16,"enemies":"2 Thieves","floor":18,"turns":5},{"damage":0,"enemies":"Spheric Guardian","floor":20,"turns":4},{"damage":9,"enemies":"3 Cultists","floor":21,"turns":6},{"damage":3,"enemies":"Book of Stabbing","floor":23,"turns":7},{"damage":10,"enemies":"Snake Plant","floor":24,"turns":9},{"damage":0,"enemies":"Snecko","floor":29,"turns":5},{"damage":15,"enemies":"3 Cultists","floor":31,"turns":7},{"damage":15,"enemies":"Champ","floor":33,"turns":9},{"damage":6,"enemies":"3 Shapes","floor":35,"turns":5},{"damage":1,"enemies":"3 Darklings","floor":36,"turns":7},{"damage":15,"enemies":"Writhing Mass","floor":37,"turns":6},{"damage":21,"enemies":"2 Orb Walkers","floor":38,"turns":5},{"damage":29,"enemies":"Jaw Worm Horde","floor":39,"turns":6},{"damage":5,"enemies":"Nemesis","floor":40,"turns":9},{"damage":11,"enemies":"Maw","floor":42,"turns":8},{"damage":7,"enemies":"Writhing Mass","floor":44,"turns":6},{"damage":11,"enemies":"Giant Head","floor":45,"turns":10},{"damage":19,"enemies":"Mind Bloom Boss Battle","floor":46,"turns":6},{"damage":55,"enemies":"Donu and Deca","floor":50,"turns":10},{"damage":57,"enemies":"Shield and Spear","floor":54,"turns":7},{"damage":56,"enemies":"The Heart","floor":55,"turns":11}],"seed_played":"4005269271194207523","potions_obtained":[{"floor":2,"key":"AttackPotion"},{"floor":4,"key":"Explosive Potion"},{"floor":10,"key":"Block Potion"},{"floor":18,"key":"AttackPotion"},{"floor":20,"key":"FearPotion"},{"floor":21,"key":"Strength Potion"},{"floor":23,"key":"LiquidBronze"},{"floor":24,"key":"LiquidBronze"},{"floor":31,"key":"PowerPotion"},{"floor":33,"key":"Strength Potion"},{"floor":35,"key":"Weak Potion"},{"floor":36,"key":"SmokeBomb"},{"floor":37,"key":"Regen Potion"},{"floor":38,"key":"EssenceOfSteel"},{"floor":39,"key":"Fire Potion"},{"floor":40,"key":"SteroidPotion"},{"floor":42,"key":"AttackPotion"},{"floor":46,"key":"SteroidPotion"},{"floor":54,"key":"Regen Potion"}],"is_trial":false,"path_per_floor":["M","M","?","M","?","E","M","M","T","M","M","?","$","M","R","B",null,"M","?","M","M","?","E","M","R","T","?","R","M","$","M","R","B",null,"M","M","M","?","M","E","R","M","T","M","E","?","?","?","R","B",null,"R","$","E","B",null],"character_chosen":"IRONCLAD","items_purchased":["Thread and Needle","Reaper","Mummified Hand","Anchor","Dark Shackles"],"campfire_rested":0,"item_purchase_floors":[13,30,53,53,53],"current_hp_per_floor":[80,73,57,62,51,61,81,81,81,75,84,84,84,87,87,84,87,71,71,71,80,63,60,56,56,56,56,56,64,64,71,71,92,92,92,92,77,92,63,66,66,72,72,91,89,70,70,70,70,31,92,102,102,45,25],"gold":63,"neow_bonus":"BOSS_RELIC","is_prod":false,"is_daily":false,"chose_seed":false,"campfire_upgraded":3,"win_rate":0,"timestamp":1547103479,"path_taken":["M","M","?","M","?","E","M","M","T","M","?","?","?","M","R","BOSS","M","?","?","M","?","E","M","R","T","?","R","M","$","M","R","BOSS","M","M","M","?","M","E","R","M","T","M","E","?","?","?","R","BOSS","R","$","E","BOSS"],"build_version":"2019-01-08","purchased_purges":1,"victory":true,"max_hp_per_floor":[80,80,80,80,80,87,87,87,87,87,87,87,87,87,87,87,87,87,87,87,87,92,92,92,92,92,92,92,92,92,92,92,92,92,92,92,92,92,92,92,92,92,92,92,92,92,92,92,92,92,92,102,102,102,102],"card_choices":[{"not_picked":["Headbutt","Clothesline"],"picked":"Spot Weakness","floor":1},{"not_picked":["Second Wind","Iron Wave"],"picked":"Clothesline","floor":2},{"not_picked":["Hemokinesis","Sword Boomerang"],"picked":"Anger","floor":4},{"not_picked":["Flex","Hemokinesis"],"picked":"Spot Weakness","floor":6},{"not_picked":["Searing Blow","Evolve"],"picked":"Iron Wave","floor":7},{"not_picked":["Thunderclap","Power Through"],"picked":"Battle Trance","floor":8},{"not_picked":["Sever Soul","Dual Wield"],"picked":"Shrug It Off","floor":10},{"not_picked":["Armaments","Dual Wield"],"picked":"Metallicize","floor":11},{"not_picked":["Offering","Twin Strike"],"picked":"True Grit","floor":14},{"not_picked":["Fiend Fire","Berserk"],"picked":"Juggernaut","floor":16},{"not_picked":["Cleave","Second Wind"],"picked":"Rampage","floor":18},{"not_picked":["Anger","True Grit"],"picked":"Heavy Blade","floor":20},{"not_picked":["Spot Weakness","Uppercut"],"picked":"Juggernaut","floor":21},{"not_picked":["Second Wind","Flex"],"picked":"True Grit","floor":23},{"not_picked":["Spot Weakness+1","Wild Strike"],"picked":"Demon Form","floor":24},{"not_picked":["Bloodletting","Pommel Strike"],"picked":"Heavy Blade","floor":29},{"not_picked":["Rage","Dropkick"],"picked":"Shockwave","floor":31},{"not_picked":["Offering","Double Tap"],"picked":"Impervious","floor":33},{"not_picked":["Flex","True Grit+1"],"picked":"Inflame+1","floor":35},{"not_picked":["Sentinel","Combust+1"],"picked":"Shockwave+1","floor":36},{"not_picked":["Corruption","Clash+1"],"picked":"Pommel Strike+1","floor":37},{"not_picked":["Clothesline","Flame Barrier"],"picked":"Shrug It Off+1","floor":38},{"not_picked":["True Grit+1","Wild Strike"],"picked":"Fire Breathing+1","floor":39},{"not_picked":["True Grit","Rage"],"picked":"Disarm","floor":40},{"not_picked":["Shrug It Off+1","Headbutt+1"],"picked":"Barricade","floor":42},{"not_picked":["Carnage","Bloodletting+1"],"picked":"Thunderclap+1","floor":44},{"not_picked":["Shrug It Off","Hemokinesis"],"picked":"Pummel+1","floor":45},{"not_picked":["Iron Wave","Shockwave"],"picked":"Pommel Strike","floor":46},{"not_picked":["Battle Trance","Seeing Red+1"],"picked":"Clothesline+1","floor":54}],"player_experience":337029,"relics_obtained":[{"floor":6,"key":"Strawberry"},{"floor":9,"key":"Self Forming Clay"},{"floor":23,"key":"Paper Frog"},{"floor":38,"key":"Shovel"},{"floor":40,"key":"Bottled Tornado"},{"floor":41,"key":"Shuriken"},{"floor":43,"key":"Bronze Scales"},{"floor":45,"key":"Torii"},{"floor":46,"key":"Calipers"},{"floor":49,"key":"Red Skull"},{"floor":52,"key":"Pear"},{"floor":54,"key":"Du-Vu Doll"}],"event_choices":[{"damage_healed":0,"gold_gain":0,"player_choice":"Entered Light","damage_taken":16,"max_hp_gain":0,"max_hp_loss":0,"event_name":"Shining Light","floor":3,"gold_loss":0,"cards_upgraded":["Strike_R","Clothesline"]},{"damage_healed":0,"gold_gain":75,"player_choice":"Gather Gold","damage_taken":11,"max_hp_gain":0,"max_hp_loss":0,"event_name":"World of Goop","floor":5,"gold_loss":0},{"damage_healed":0,"gold_gain":0,"cards_transformed":["Strike_R"],"player_choice":"Transformed","damage_taken":0,"max_hp_gain":0,"max_hp_loss":0,"event_name":"Transmorgrifier","floor":12,"gold_loss":0,"cards_obtained":["Power Through"]},{"damage_healed":0,"gold_gain":0,"player_choice":"Copied","damage_taken":0,"max_hp_gain":0,"max_hp_loss":0,"event_name":"Duplicator","floor":19,"gold_loss":0,"cards_obtained":["Metallicize"]},{"damage_healed":0,"gold_gain":0,"player_choice":"Shed Blood","damage_taken":22,"max_hp_gain":5,"max_hp_loss":0,"event_name":"Forgotten Altar","floor":22,"gold_loss":0},{"damage_healed":0,"gold_gain":0,"player_choice":"Bought 0 Potions","damage_taken":0,"max_hp_gain":0,"max_hp_loss":0,"event_name":"The Woman in Blue","floor":27,"gold_loss":0},{"damage_healed":0,"gold_gain":0,"player_choice":"Fight","damage_taken":0,"max_hp_gain":0,"max_hp_loss":0,"event_name":"Mysterious Sphere","floor":38,"gold_loss":0},{"damage_healed":0,"gold_gain":0,"player_choice":"Fight","damage_taken":0,"max_hp_gain":0,"max_hp_loss":0,"event_name":"MindBloom","floor":46,"gold_loss":0},{"damage_healed":0,"gold_gain":0,"player_choice":"Ignored","damage_taken":0,"max_hp_gain":0,"max_hp_loss":0,"event_name":"Tomb of Lord Red Mask","floor":47,"gold_loss":0},{"cards_removed":["Heavy Blade"],"damage_healed":0,"gold_gain":0,"player_choice":"Removed Attack","damage_taken":0,"max_hp_gain":0,"max_hp_loss":0,"event_name":"Falling","floor":48,"gold_loss":0}],"is_beta":true,"boss_relics":[{"not_picked":["Runic Pyramid","Runic Dome"],"picked":"White Beast Statue"},{"not_picked":["Eternal Feather","Orrery"],"picked":"Mark of Pain"}],"items_purged_floors":[30],"is_endless":false,"potions_floor_spawned":[2,4,10,18,20,21,23,24,29,31,33,35,36,37,38,39,40,42,44,45,46,54],"ascension_level":0}