{"gold_per_floor":[119,119,135,147,160,160,193,193,193,213,244,256,256,292,292,421,421,439,181,196,119,119,119,21,35,35,45,78,28,28,45,45,146,146,157,174,174,20,20,20,51,65,116,127,142,142,162,11,11,11],"floor_reached":50,"playtime":5094,"items_purged":["Strike_G","Caltrops"],"score":514,"play_id":"8804019e-3b4f-4fc4-a151-af5f11c0513d","local_time":"20180710081901","is_ascension_mode":false,"campfire_choices":[{"data":"Infinite Blades","floor":6.0,"key":"SMITH"},{"data":"Bouncing Flask","floor":8.0,"key":"SMITH"},{"data":"Catalyst","floor":15.0,"key":"SMITH"},{"data":"Noxious Fumes","floor":23,"key":"SMITH"},{"data":"Dodge and Roll","floor":30,"key":"SMITH"},{"data":"Survivor","floor":32,"key":"SMITH"},{"data":"A Thousand Cuts","floor":40,"key":"SMITH"},{"data":"Dash","floor":46,"key":"SMITH"},{"data":"Burst","floor":49,"key":"SMITH"}],"neow_cost":"NONE","seed_source_timestamp":0,"circlet_count":0,"master_deck":["Defend_G","Defend_G","Defend_G","Defend_G","Defend_G","Strike_G","Strike_G","Strike_G","Survivor+1","Neutralize","Predator","Burst+1","Dodge and Roll+1","Infinite Blades+1","Bouncing Flask+1","Poisoned Stab","Dash+1","Dash","Catalyst+1","Noxious Fumes+1","J.A.X.","Jack Of All Trades","Quick Slash+1","All Out Attack+1","A Thousand Cuts+1","Calculated Gamble+1","Caltrops+1","Swift Strike+1","Good Instincts","Mind Blast+1","Skewer+1","Bane+1","Endless Agony+1","Bane+1"],"special_seed":0,"relics":["Ring of the Snake","Bronze Scales","Tough Bandages","Meat on the Bone","Bottled Lightning","Bloody Idol","Potion Belt","Coffee Dripper","Ninja Scroll","Smiling Mask","Molten Egg 2","Runic Pyramid","Snake Skull","Vajra","Anchor"],"potions_floor_usage":[28,33,33,35,41,47,50],"damage_taken":[{"damage":0.0,"enemies":"Jaw Worm","floor":1.0,"turns":3.0},{"damage":0.0,"enemies":"Cultist","floor":3.0,"turns":4.0},{"damage":5.0,"enemies":"Small Slimes","floor":4.0,"turns":3.0},{"damage":6.0,"enemies":"3 Louse","floor":5.0,"turns":4.0},{"damage":20.0,"enemies":"Gremlin Nob","floor":7.0,"turns":4.0},{"damage":2.0,"enemies":"Looter","floor":10.0,"turns":5.0},{"damage":24.0,"enemies":"Lagavulin","floor":11.0,"turns":7.0},{"damage":0.0,"enemies":"Blue Slaver","floor":12.0,"turns":3.0},{"damage":9.0,"enemies":"3 Sentries","floor":14.0,"turns":6.0},{"damage":21.0,"enemies":"Slime Boss","floor":16.0,"turns":7.0},{"damage":0,"enemies":"Spheric Guardian","floor":18,"turns":3},{"damage":5,"enemies":"3 Byrds","floor":20,"turns":3},{"damage":14,"enemies":"Snake Plant","floor":25,"turns":3},{"damage":2,"enemies":"Centurion and Healer","floor":27,"turns":7},{"damage":18,"enemies":"Book of Stabbing","floor":28,"turns":5},{"damage":18,"enemies":"3 Cultists","floor":31,"turns":4},{"damage":21,"enemies":"Champ","floor":33,"turns":10},{"damage":0,"enemies":"3 Darklings","floor":35,"turns":5},{"damage":8,"enemies":"3 Shapes","floor":36,"turns":4},{"damage":43,"enemies":"Giant Head","floor":41,"turns":9},{"damage":11,"enemies":"Sphere and 2 Shapes","floor":42,"turns":4},{"damage":12,"enemies":"Maw","floor":44,"turns":5},{"damage":12,"enemies":"4 Shapes","floor":45,"turns":6},{"damage":0,"enemies":"Sphere and 2 Shapes","floor":47,"turns":4},{"damage":46,"enemies":"Awakened One","floor":50,"turns":4}],"seed_played":"6738298570765367145","potions_obtained":[{"floor":3.0,"key":"GamblersBrew"},{"floor":5.0,"key":"LiquidBronze"},{"floor":10.0,"key":"LiquidBronze"},{"floor":14.0,"key":"Fire Potion"},{"floor":25,"key":"Dexterity Potion"},{"floor":27,"key":"Fire Potion"},{"floor":31,"key":"EssenceOfSteel"},{"floor":36,"key":"Poison Potion"},{"floor":42,"key":"Explosive Potion"},{"floor":47,"key":"PowerPotion"}],"is_trial":false,"path_per_floor":["M","?","M","M","M","R","E","R","T","M","E","M","?","E","R","B",null,"M","$","M","?","?","R","$","M","T","M","E","$","R","M","R","B",null,"M","M","?","$","?","R","E","M","T","M","M","R","M","$","R"],"character_chosen":"THE_SILENT","items_purchased":["Ninja Scroll","Jack Of All Trades","Mind Blast+1","Anchor"],"campfire_rested":0,"item_purchase_floors":[19,24,38,48],"current_hp_per_floor":[70,70,70,65,59,59,39,39,39,37,25,37,37,40,40,31,65,65,65,60,60,60,60,60,51,51,54,41,41,41,40,40,36,65,65,62,57,57,57,57,31,37,42,47,40,40,45,45,45,0],"gold":11,"neow_bonus":"RANDOM_COMMON_RELIC","is_prod":false,"is_daily":false,"chose_seed":false,"campfire_upgraded":9,"win_rate":0.0,"timestamp":1531203541,"path_taken":["M","?","M","M","M","R","E","R","T","M","E","M","?","E","R","BOSS","M","$","M","?","?","R","$","M","T","M","E","$","R","M","R","BOSS","M","M","?","$","?","R","E","M","T","M","M","R","?","$","R","BOSS"],"build_version":"2018-07-05","purchased_purges":2,"victory":false,"max_hp_per_floor":[70,70,70,70,70,70,70,70,70,70,70,70,65,65,65,65,65,65,65,65,65,65,65,65,65,65,65,65,65,65,65,65,65,65,65,65,65,65,65,65,65,65,65,65,65,65,65,65,65,65],"card_choices":[{"not_picked":["Deflect","Slice"],"picked":"Predator","floor":1.0},{"not_picked":["Distraction","Riddle With Holes","Skewer"],"picked":"SKIP","floor":3.0},{"not_picked":["Acrobatics","Well Laid Plans"],"picked":"Dodge and Roll","floor":4.0},{"not_picked":["Predator","Reflex"],"picked":"Infinite Blades","floor":5.0},{"not_picked":["Outmaneuver","Corpse Explosion"],"picked":"Bouncing Flask","floor":7.0},{"not_picked":["Slice","Sucker Punch"],"picked":"Poisoned Stab","floor":10.0},{"not_picked":["Reflex","Eviscerate"],"picked":"Dash","floor":11.0},{"not_picked":["Choke","Caltrops"],"picked":"Dash","floor":12.0},{"not_picked":["Tools of the Trade","Outmaneuver"],"picked":"Catalyst","floor":14.0},{"not_picked":["Bane+1","Eviscerate+1"],"picked":"Noxious Fumes","floor":18},{"not_picked":["Bouncing Flask","Prepared"],"picked":"Caltrops","floor":20},{"not_picked":["Deflect","Choke","Expertise"],"picked":"SKIP","floor":25},{"not_picked":["Flying Knee","Leg Sweep+1"],"picked":"Quick Slash+1","floor":27},{"not_picked":["Deadly Poison","Distraction"],"picked":"All Out Attack","floor":28},{"not_picked":["Expertise+1","Outmaneuver","Sucker Punch+1"],"picked":"SKIP","floor":31},{"not_picked":["Wraith Form v2","Tactician"],"picked":"A Thousand Cuts","floor":33},{"not_picked":["Crippling Poison","PiercingWail"],"picked":"Calculated Gamble+1","floor":35},{"not_picked":["Acrobatics+1","Dagger Spray+1"],"picked":"Caltrops+1","floor":36},{"not_picked":["Blind","Sadistic Nature"],"picked":"Swift Strike+1","floor":37},{"not_picked":["Bandage Up","Dark Shackles"],"picked":"Good Instincts","floor":37},{"not_picked":["Poisoned Stab+1","Blade Dance+1"],"picked":"Bane+1","floor":41},{"not_picked":["Infinite Blades","Slice+1"],"picked":"Endless Agony+1","floor":42},{"not_picked":["Underhanded Strike+1","Outmaneuver"],"picked":"Bane+1","floor":44},{"not_picked":["Outmaneuver+1","Eviscerate+1","Bane+1"],"picked":"SKIP","floor":45},{"not_picked":["Underhanded Strike+1","Finisher+1","Dagger Spray+1"],"picked":"SKIP","floor":47}],"player_experience":60045,"relics_obtained":[{"floor":7.0,"key":"Tough Bandages"},{"floor":9.0,"key":"Meat on the Bone"},{"floor":11.0,"key":"Bottled Lightning"},{"floor":14.0,"key":"Potion Belt"},{"floor":26,"key":"Smiling Mask"},{"floor":28,"key":"Molten Egg 2"},{"floor":41,"key":"Snake Skull"},{"floor":43,"key":"Vajra"}],"event_choices":[{"event_name":"Living Wall","player_choice":"Change","floor":2.0,"damage_taken":0.0},{"event_name":"Golden Idol","player_choice":"Lose Max HP","floor":13.0,"damage_taken":0.0},{"event_name":"Drug Dealer","player_choice":"Got JAXXED","floor":21,"damage_taken":0},{"event_name":"Forgotten Altar","player_choice":"Gave Idol","floor":22,"damage_taken":0},{"event_name":"SensoryStone","player_choice":"Memory 2","floor":37,"damage_taken":0},{"event_name":"Match and Keep!","player_choice":"1 cards matched","floor":39,"damage_taken":0}],"boss_relics":[{"not_picked":["Runic Dome","Fusion Hammer"],"picked":"Coffee Dripper"},{"not_picked":["Empty Cage","Philosopher\u0027s Stone"],"picked":"Runic Pyramid"}],"items_purged_floors":[29,38],"is_endless":false,"potions_floor_spawned":[3,5,10,14,25,27,31,36,42,47],"killed_by":"Awakened One","ascension_level":0}