{"gold_per_floor":[115,215,231,231,244,244,244,244,299,299,318,343,359,388,388,388],"floor_reached":16,"playtime":466,"items_purged":[],"score":116,"play_id":"2ba2c1a3-b38c-488b-9384-ddabc8309c8d","local_time":"20190323012618","is_ascension_mode":true,"campfire_choices":[{"data":"Entrench","floor":6,"key":"SMITH"},{"data":"Bash","floor":8,"key":"SMITH"},{"data":"Defend_R","floor":10,"key":"SMITH"},{"data":"Flame Barrier","floor":15,"key":"SMITH"}],"neow_cost":"NONE","seed_source_timestamp":359994211546400,"circlet_count":0,"master_deck":["Strike_R","Strike_R","Strike_R","Strike_R","Defend_R","Defend_R","Defend_R","Defend_R+1","Bash+1","Entrench+1","Flame Barrier+1","Entrench","Disarm"],"relics":["Burning Blood","NeowsBlessing","Oddly Smooth Stone","Ginger","Ancient Tea Set"],"potions_floor_usage":[12,13,14],"damage_taken":[{"damage":0,"enemies":"Jaw Worm","floor":1,"turns":1},{"damage":0,"enemies":"Cultist","floor":3,"turns":1},{"damage":0,"enemies":"Small Slimes","floor":5,"turns":1},{"damage":3,"enemies":"2 Fungi Beasts","floor":11,"turns":3},{"damage":33,"enemies":"Lagavulin","floor":12,"turns":9},{"damage":7,"enemies":"Large Slime","floor":13,"turns":8},{"damage":36,"enemies":"3 Sentries","floor":14,"turns":11},{"damage":35,"enemies":"Hexaghost","floor":16,"turns":15}],"seed_played":"-2640156460610576748","potions_obtained":[{"floor":3,"key":"LiquidBronze"},{"floor":11,"key":"Fire Potion"},{"floor":13,"key":"Fruit Juice"}],"is_trial":false,"path_per_floor":["M","?","M","?","M","R","?","R","T","R","M","E","M","E","R","B"],"character_chosen":"IRONCLAD","items_purchased":[],"campfire_rested":0,"item_purchase_floors":[],"current_hp_per_floor":[80,80,80,85,85,85,78,78,78,78,81,54,58,28,28,0],"gold":388,"neow_bonus":"THREE_ENEMY_KILL","is_prod":false,"is_daily":false,"chose_seed":false,"campfire_upgraded":4,"win_rate":0,"timestamp":1553329578,"path_taken":["M","?","?","?","M","R","?","R","T","R","M","E","M","E","R","BOSS"],"build_version":"2019-01-23","purchased_purges":0,"victory":false,"max_hp_per_floor":[80,80,80,85,85,85,85,85,85,85,85,85,90,90,90,90],"card_choices":[{"not_picked":["Clothesline","Wild Strike"],"picked":"Entrench","floor":1},{"not_picked":["Heavy Blade","Headbutt","Second Wind"],"picked":"SKIP","floor":3},{"not_picked":["Warcry","Iron Wave","Wild Strike"],"picked":"SKIP","floor":5},{"not_picked":["Wild Strike","Sever Soul"],"picked":"Flame Barrier","floor":11},{"not_picked":["Burning Pact","Warcry","Headbutt"],"picked":"SKIP","floor":12},{"not_picked":["Carnage","Evolve"],"picked":"Entrench","floor":13},{"not_picked":["Reckless Charge","Iron Wave"],"picked":"Disarm","floor":14}],"player_experience":820840,"relics_obtained":[{"floor":9,"key":"Oddly Smooth Stone"},{"floor":12,"key":"Ginger"},{"floor":14,"key":"Ancient Tea Set"}],"event_choices":[{"damage_healed":0,"gold_gain":100,"player_choice":"Pray","damage_taken":0,"max_hp_gain":0,"max_hp_loss":0,"event_name":"Golden Shrine","floor":2,"gold_loss":0},{"damage_healed":0,"gold_gain":0,"player_choice":"Donut","damage_taken":0,"max_hp_gain":5,"max_hp_loss":0,"event_name":"Big Fish","floor":4,"gold_loss":0},{"cards_removed":["Strike_R"],"damage_healed":0,"gold_gain":0,"player_choice":"Card Removal","damage_taken":7,"max_hp_gain":0,"max_hp_loss":0,"event_name":"Golden Wing","floor":7,"gold_loss":0}],"is_beta":false,"boss_relics":[],"items_purged_floors":[],"is_endless":false,"potions_floor_spawned":[3,11,13],"killed_by":"Hexaghost","ascension_level":1}