{"gold_per_floor":[114,129,129,129,204,204,219,234,259,274,274,274,289,319,319,419,419,434,449,478,65,80,80,110,110,110,125,155,167,209,121,121,221,221,236,251,126,141,156,156,186,36,86,92,92,107,107,137,137,137],"floor_reached":51,"playtime":2224,"items_purged":["Regret","Regret","Regret"],"score":840,"play_id":"141fe5e9-c09c-4345-b0c6-c3b24b3d85ae","local_time":"20190404235113","daily_mods":["Cursed Run","ControlledChaos","Terminal"],"is_ascension_mode":false,"campfire_choices":[{"data":"Dualcast","floor":6,"key":"SMITH"},{"data":"Sunder","floor":11,"key":"SMITH"},{"data":"Machine Learning","floor":15,"key":"SMITH"},{"data":"Buffer","floor":23,"key":"SMITH"},{"data":"Loop","floor":25,"key":"SMITH"},{"floor":32,"key":"REST"},{"data":"Steam Power","floor":40,"key":"SMITH"},{"floor":45,"key":"REST"},{"data":"Conserve Battery","floor":49,"key":"SMITH"}],"neow_cost":"","seed_source_timestamp":0,"circlet_count":0,"master_deck":["Strike_B","Strike_B+1","Strike_B+1","Defend_B","Defend_B","Defend_B","Defend_B","Zap+1","Dualcast+1","Sunder+1","Conserve Battery","Ball Lightning+1","Conserve Battery+1","Machine Learning+1","Shame","Buffer+1","Loop+1","Swift Strike","Conserve Battery+1","Steam Power+1","Hologram+1","Doom and Gloom+1","Consume+1","Echo Form","Coolheaded+1","All For One+1","Beam Cell+1","Echo Form","Steam+1","Parasite","Conserve Battery+1","Decay","Melter+1","Shame"],"special_seed":17991,"relics":["Cursed Key","Darkstone Periapt","Du-Vu Doll","Frozen Eye","Art of War","Dead Branch","Black Star","Red Mask","Molten Egg 2","Letter Opener","Oddly Smooth Stone","Lantern","MawBank","Bag of Preparation","Toxic Egg 2","Gambling Chip","Orrery","Whetstone","Kunai","Bag of Marbles","DataDisk","Mango","Bottled Lightning","Smiling Mask"],"potions_floor_usage":[10,16,20,24,28,41,44,48,48,48,50,50],"damage_taken":[{"damage":0,"enemies":"Cultist","floor":1,"turns":3},{"damage":1,"enemies":"Jaw Worm","floor":2,"turns":2},{"damage":0,"enemies":"Small Slimes","floor":7,"turns":2},{"damage":0,"enemies":"2 Fungi Beasts","floor":8,"turns":2},{"damage":2,"enemies":"Blue Slaver","floor":10,"turns":2},{"damage":0,"enemies":"Looter","floor":13,"turns":2},{"damage":10,"enemies":"Lagavulin","floor":14,"turns":5},{"damage":7,"enemies":"Hexaghost","floor":16,"turns":7},{"damage":5,"enemies":"Chosen","floor":18,"turns":3},{"damage":4,"enemies":"Shell Parasite","floor":19,"turns":5},{"damage":2,"enemies":"Masked Bandits","floor":20,"turns":4},{"damage":0,"enemies":"Centurion and Healer","floor":22,"turns":5},{"damage":0,"enemies":"Gremlin Leader","floor":24,"turns":6},{"damage":4,"enemies":"Snake Plant","floor":27,"turns":3},{"damage":8,"enemies":"Book of Stabbing","floor":28,"turns":5},{"damage":26,"enemies":"Gremlin Leader","floor":30,"turns":5},{"damage":36,"enemies":"Collector","floor":33,"turns":6},{"damage":2,"enemies":"3 Shapes","floor":35,"turns":4},{"damage":10,"enemies":"3 Darklings","floor":36,"turns":3},{"damage":0,"enemies":"Sphere and 2 Shapes","floor":38,"turns":4},{"damage":0,"enemies":"Writhing Mass","floor":39,"turns":6},{"damage":24,"enemies":"Nemesis","floor":41,"turns":5},{"damage":6,"enemies":"2 Orb Walkers","floor":44,"turns":2},{"damage":5,"enemies":"Spire Growth","floor":46,"turns":6},{"damage":7,"enemies":"Reptomancer","floor":48,"turns":5},{"damage":36,"enemies":"Awakened One","floor":50,"turns":10}],"seed_played":"2882055252263797519","potions_obtained":[{"floor":1,"key":"Weak Potion"},{"floor":8,"key":"SteroidPotion"},{"floor":10,"key":"Block Potion"},{"floor":16,"key":"Fire Potion"},{"floor":22,"key":"LiquidBronze"},{"floor":27,"key":"EssenceOfSteel"},{"floor":28,"key":"SpeedPotion"},{"floor":36,"key":"EntropicBrew"},{"floor":46,"key":"Weak Potion"}],"is_trial":false,"path_per_floor":["M","M","?","$","?","R","M","M","T","M","R","?","M","E","R","B",null,"M","M","?","$","M","R","E","R","T","M","E","T","E","$","R","B",null,"M","M","$","M","M","R","E","$","T","?","R","M","?","E","R","B",null],"character_chosen":"DEFECT","items_purchased":["Swift Strike","Molten Egg 2","Bag of Marbles"],"campfire_rested":2,"item_purchase_floors":[21,21,42],"current_hp_per_floor":[73,72,58,58,51,51,51,51,57,55,55,55,55,45,45,44,69,64,60,58,58,58,58,58,58,64,60,52,52,26,26,44,14,64,62,52,52,52,58,58,34,34,40,48,72,67,67,60,60,30],"gold":137,"neow_bonus":"","is_prod":false,"is_daily":true,"chose_seed":false,"campfire_upgraded":7,"win_rate":0,"timestamp":1554447073,"path_taken":["M","M","?","$","?","R","M","?","T","M","R","?","M","E","R","BOSS","M","M","?","?","?","R","E","R","T","M","E","?","E","$","R","BOSS","M","M","$","M","M","R","E","$","T","?","R","M","?","E","R","BOSS"],"build_version":"2019-01-23","purchased_purges":3,"victory":true,"max_hp_per_floor":[73,72,71,70,69,68,67,66,71,70,69,68,67,66,65,70,69,68,67,66,65,64,63,62,61,66,65,64,63,62,61,60,65,64,63,62,61,60,65,64,63,62,67,80,79,78,77,76,75,80],"card_choices":[{"not_picked":["Steam Power","Streamline"],"picked":"Sunder","floor":1},{"not_picked":["Streamline","Sweeping Beam"],"picked":"Conserve Battery","floor":2},{"not_picked":["Cold Snap","Leap"],"picked":"Ball Lightning","floor":7},{"not_picked":["Turbo","Fusion"],"picked":"Conserve Battery","floor":8},{"not_picked":["Scrape","Storm","Sweeping Beam"],"picked":"SKIP","floor":10},{"not_picked":["Skim","Redo","Streamline"],"picked":"SKIP","floor":13},{"not_picked":["Doom and Gloom","Capacitor"],"picked":"Machine Learning","floor":14},{"not_picked":["Reboot","Amplify"],"picked":"Buffer","floor":16},{"not_picked":["Tempest","Streamline","Sweeping Beam"],"picked":"SKIP","floor":18},{"not_picked":["Leap","Stack+1","Gash+1"],"picked":"SKIP","floor":19},{"not_picked":["Hello World+1","Turbo+1"],"picked":"Loop","floor":20},{"not_picked":["Ball Lightning+1","Blizzard+1"],"picked":"Conserve Battery+1","floor":22},{"not_picked":["Steam Power","Chill","Blizzard+1"],"picked":"SKIP","floor":24},{"not_picked":["Chill","Blizzard+1"],"picked":"Steam Power","floor":24},{"not_picked":["Reprogram","Go for the Eyes+1"],"picked":"Hologram+1","floor":27},{"not_picked":["Doom and Gloom+1","Tempest","Fusion"],"picked":"SKIP","floor":28},{"not_picked":["Tempest","Fusion"],"picked":"Doom and Gloom+1","floor":28},{"not_picked":["Force Field","Heatsinks"],"picked":"Consume+1","floor":30},{"not_picked":["Buffer","Hyperbeam+1"],"picked":"Echo Form","floor":33},{"not_picked":["Cold Snap+1","Conserve Battery+1"],"picked":"Coolheaded+1","floor":34},{"not_picked":["Streamline+1","Barrage+1"],"picked":"All For One+1","floor":34},{"not_picked":["Hologram+1","Compile Driver+1"],"picked":"Beam Cell+1","floor":34},{"not_picked":["Hologram+1","Rip and Tear+1"],"picked":"Echo Form","floor":34},{"not_picked":["Reprogram+1","Ball Lightning+1","Compile Driver+1"],"picked":"SKIP","floor":35},{"not_picked":["BootSequence+1","Streamline+1","Scrape+1"],"picked":"SKIP","floor":36},{"not_picked":["Rip and Tear+1","Beam Cell+1"],"picked":"Steam+1","floor":38},{"not_picked":["Tempest+1","Rebound+1","Aggregate+1"],"picked":"SKIP","floor":39},{"not_picked":["Doom and Gloom+1","Reprogram+1"],"picked":"Conserve Battery+1","floor":41},{"not_picked":["Storm+1","Sunder+1"],"picked":"Melter+1","floor":46},{"not_picked":["Steam Power+1","All For One+1","Leap+1"],"picked":"SKIP","floor":48}],"player_experience":892704,"relics_obtained":[{"floor":9,"key":"Art of War"},{"floor":14,"key":"Dead Branch"},{"floor":20,"key":"Red Mask"},{"floor":24,"key":"Letter Opener"},{"floor":24,"key":"Oddly Smooth Stone"},{"floor":26,"key":"Lantern"},{"floor":28,"key":"MawBank"},{"floor":28,"key":"Bag of Preparation"},{"floor":30,"key":"Toxic Egg 2"},{"floor":30,"key":"Gambling Chip"},{"floor":41,"key":"Whetstone"},{"floor":41,"key":"Kunai"},{"floor":43,"key":"DataDisk"},{"floor":44,"key":"Mango"},{"floor":48,"key":"Bottled Lightning"},{"floor":48,"key":"Smiling Mask"}],"event_choices":[{"damage_healed":0,"gold_gain":0,"player_choice":"Entered Light","damage_taken":14,"max_hp_gain":0,"max_hp_loss":0,"event_name":"Shining Light","floor":3,"gold_loss":0,"cards_upgraded":["Strike_B","Strike_B"]},{"damage_healed":0,"gold_gain":75,"player_choice":"Touch","damage_taken":7,"max_hp_gain":0,"max_hp_loss":0,"event_name":"FaceTrader","floor":5,"gold_loss":0},{"damage_healed":0,"gold_gain":0,"player_choice":"Upgraded","damage_taken":0,"max_hp_gain":0,"max_hp_loss":0,"event_name":"Upgrade Shrine","floor":12,"gold_loss":0,"cards_upgraded":["Zap"]},{"damage_healed":0,"gold_gain":0,"player_choice":"Fought Bandits","damage_taken":0,"max_hp_gain":0,"max_hp_loss":0,"event_name":"Masked Bandits","floor":20,"gold_loss":0},{"damage_healed":0,"gold_gain":0,"player_choice":"Fight","damage_taken":0,"max_hp_gain":0,"max_hp_loss":0,"event_name":"Mysterious Sphere","floor":44,"gold_loss":0},{"cards_removed":["Strike_B"],"damage_healed":0,"gold_gain":0,"player_choice":"Removed Attack","damage_taken":0,"max_hp_gain":0,"max_hp_loss":0,"event_name":"Falling","floor":47,"gold_loss":0}],"is_beta":false,"boss_relics":[{"not_picked":["Fusion Hammer","Sozu"],"picked":"Black Star"},{"not_picked":["Inserter","Eternal Feather"],"picked":"Orrery"}],"items_purged_floors":[21,31,37],"is_endless":false,"potions_floor_spawned":[1,8,10,16,22,27,28,36,46],"ascension_level":0}