{"gold_per_floor":[119,119,131,131,4,39,39,51,75,102,118,118,150,168,168,265,265,279,299,398,398,37,72,72,106,184,184,201,221,221,140,140,239,239,249,249,349,369,369,369,400,400,400,400,432,451,481,158,158,158],"floor_reached":51,"playtime":2670,"items_purged":["Regret","Strike_G+1"],"score":1425,"play_id":"7040d3bf-b75e-4e16-bc9e-658ff3483a28","local_time":"20190415214634","is_ascension_mode":true,"campfire_choices":[{"data":"Skewer","floor":7,"key":"SMITH"},{"data":"Predator","floor":12,"key":"SMITH"},{"data":"Noxious Fumes","floor":15,"key":"SMITH"},{"data":"Catalyst","floor":24,"key":"SMITH"},{"data":"Catalyst","floor":27,"key":"SMITH"},{"data":"Adrenaline","floor":30,"key":"SMITH"},{"data":"Crippling Poison","floor":32,"key":"SMITH"},{"data":"Dodge and Roll","floor":40,"key":"SMITH"},{"data":"Dodge and Roll","floor":42,"key":"SMITH"},{"data":"Dash","floor":44,"key":"SMITH"},{"floor":49,"key":"REST"}],"neow_cost":"NONE","seed_source_timestamp":20384108530778,"circlet_count":0,"master_deck":["Defend_G+1","Defend_G+1","Defend_G+1","Defend_G+1","Defend_G+1","Strike_G+1","Strike_G+1","Strike_G+1","Strike_G+1","Survivor","Neutralize","Skewer+1","All Out Attack","Noxious Fumes+1","Flying Knee","Backflip","Cloak And Dagger","Predator+1","Crippling Poison+1","Catalyst+1","Die Die Die+1","Dash+1","Dodge and Roll+1","Dash+1","Dodge and Roll+1","Catalyst+1","Adrenaline+1","PiercingWail","Catalyst+1","PiercingWail","Crippling Poison+1","Blur","Backstab+1","Well Laid Plans"],"relics":["Ring of the Snake","NeowsBlessing","Bag of Marbles","Art of War","Snake Skull","Happy Flower","Prayer Wheel","Velvet Choker","Lee\u0027s Waffle","FossilizedHelix","Paper Crane","Bottled Lightning","Singing Bowl","Orrery","Tingsha","Gremlin Horn","Whetstone","Blood Vial","PreservedInsect","Strawberry"],"potions_floor_usage":[13,16,19],"damage_taken":[{"damage":0,"enemies":"Small Slimes","floor":1,"turns":1},{"damage":0,"enemies":"Jaw Worm","floor":3,"turns":1},{"damage":0,"enemies":"Lagavulin","floor":6,"turns":1},{"damage":6,"enemies":"Cultist","floor":8,"turns":2},{"damage":26,"enemies":"Gremlin Nob","floor":10,"turns":4},{"damage":6,"enemies":"3 Louse","floor":11,"turns":3},{"damage":12,"enemies":"3 Sentries","floor":13,"turns":4},{"damage":4,"enemies":"Large Slime","floor":14,"turns":3},{"damage":2,"enemies":"Hexaghost","floor":16,"turns":9},{"damage":0,"enemies":"3 Byrds","floor":18,"turns":3},{"damage":19,"enemies":"Chosen","floor":19,"turns":5},{"damage":9,"enemies":"Gremlin Leader","floor":23,"turns":4},{"damage":9,"enemies":"Slavers","floor":25,"turns":6},{"damage":9,"enemies":"Shelled Parasite and Fungi","floor":28,"turns":6},{"damage":0,"enemies":"Centurion and Healer","floor":29,"turns":6},{"damage":0,"enemies":"Champ","floor":33,"turns":5},{"damage":0,"enemies":"3 Shapes","floor":35,"turns":2},{"damage":4,"enemies":"Mind Bloom Boss Battle","floor":37,"turns":5},{"damage":0,"enemies":"Orb Walker","floor":38,"turns":3},{"damage":0,"enemies":"Giant Head","floor":41,"turns":4},{"damage":16,"enemies":"Reptomancer","floor":45,"turns":5},{"damage":0,"enemies":"Maw","floor":46,"turns":2},{"damage":9,"enemies":"Nemesis","floor":47,"turns":3},{"damage":68,"enemies":"Time Eater","floor":50,"turns":12}],"seed_played":"-8466239572525277779","potions_obtained":[{"floor":3,"key":"SpeedPotion"},{"floor":8,"key":"Explosive Potion"},{"floor":10,"key":"GhostInAJar"},{"floor":14,"key":"Dexterity Potion"},{"floor":25,"key":"Dexterity Potion"},{"floor":28,"key":"Regen Potion"},{"floor":33,"key":"SkillPotion"}],"is_trial":false,"path_per_floor":["M","?","M","?","$","E","R","M","T","E","M","R","E","M","R","B",null,"M","M","?","?","$","E","R","E","T","R","M","M","R","?","R","B",null,"M","?","?","M","?","R","E","R","T","R","E","M","E","$","R","B",null],"character_chosen":"THE_SILENT","items_purchased":["Noxious Fumes","Flying Knee","Lee\u0027s Waffle","Catalyst","Strawberry","Well Laid Plans"],"campfire_rested":1,"item_purchase_floors":[5,5,22,22,48,48],"current_hp_per_floor":[63,63,63,63,63,63,63,57,57,31,25,25,13,9,9,7,54,54,35,35,35,77,68,68,59,59,59,50,50,50,50,50,52,78,80,80,78,82,82,82,82,82,82,82,68,74,69,76,108,40],"gold":158,"neow_bonus":"THREE_ENEMY_KILL","is_prod":false,"is_daily":false,"chose_seed":false,"campfire_upgraded":10,"win_rate":0,"timestamp":1555375594,"path_taken":["M","?","M","?","$","E","R","M","T","E","?","R","E","M","R","BOSS","M","M","?","?","$","E","R","E","T","R","M","M","R","?","R","BOSS","M","?","?","M","?","R","E","R","T","R","E","?","E","$","R","BOSS"],"build_version":"2019-01-23","purchased_purges":2,"victory":true,"max_hp_per_floor":[70,70,70,70,70,70,70,70,70,70,70,70,70,70,70,70,70,70,70,70,70,77,77,77,77,77,77,77,77,77,77,77,79,85,87,87,89,93,93,93,93,93,93,93,95,99,101,108,108,108],"card_choices":[{"not_picked":["Poisoned Stab","Deadly Poison"],"picked":"Skewer","floor":1},{"not_picked":["Dodge and Roll","Slice"],"picked":"All Out Attack","floor":3},{"not_picked":["Flechettes","Envenom","Infinite Blades"],"picked":"SKIP","floor":6},{"not_picked":["Concentrate","Deflect"],"picked":"Backflip","floor":8},{"not_picked":["Distraction","Dagger Throw"],"picked":"Cloak And Dagger","floor":10},{"not_picked":["Slice","Dagger Spray"],"picked":"Predator","floor":11},{"not_picked":["Quick Slash","Bouncing Flask"],"picked":"Crippling Poison","floor":13},{"not_picked":["Doppelganger","Masterful Stab"],"picked":"Catalyst","floor":14},{"not_picked":["Prepared","Eviscerate","Blade Dance"],"picked":"SKIP","floor":14},{"not_picked":["Unload","Grand Finale"],"picked":"Die Die Die","floor":16},{"not_picked":["Backflip","Blade Dance"],"picked":"Dash","floor":18},{"not_picked":["Dagger Throw+1","Infinite Blades"],"picked":"Dodge and Roll","floor":18},{"not_picked":["Heel Hook","Blade Dance"],"picked":"Dash","floor":19},{"not_picked":["Blade Dance","Cloak And Dagger"],"picked":"Dodge and Roll","floor":19},{"not_picked":["Cloak And Dagger","Outmaneuver+1","Setup"],"picked":"SKIP","floor":23},{"not_picked":["Setup","Dagger Throw","Dagger Spray"],"picked":"SKIP","floor":25},{"not_picked":["Quick Slash+1","Deflect"],"picked":"Adrenaline","floor":28},{"not_picked":["Cloak And Dagger+1","Poisoned Stab+1","Acrobatics"],"picked":"SKIP","floor":28},{"not_picked":["Cloak And Dagger","Acrobatics"],"picked":"PiercingWail","floor":29},{"not_picked":["Reflex","Cloak And Dagger"],"picked":"Catalyst+1","floor":29},{"not_picked":["Venomology","Envenom","Doppelganger"],"picked":"Singing Bowl","floor":33},{"not_picked":["Backflip+1","Cloak And Dagger","Crippling Poison"],"picked":"Singing Bowl","floor":34},{"not_picked":["Outmaneuver","Escape Plan"],"picked":"PiercingWail","floor":34},{"not_picked":["Backflip+1","Deflect"],"picked":"Crippling Poison+1","floor":34},{"not_picked":["Underhanded Strike","Sucker Punch+1","Dodge and Roll"],"picked":"Singing Bowl","floor":34},{"not_picked":["Slice","Bane","Prepared+1"],"picked":"Singing Bowl","floor":34},{"not_picked":["Acrobatics+1","Catalyst"],"picked":"Blur","floor":35},{"not_picked":["Endless Agony","Bane","Prepared+1"],"picked":"Singing Bowl","floor":35},{"not_picked":["Blade Dance+1","Doppelganger","Masterful Stab+1"],"picked":"Singing Bowl","floor":37},{"not_picked":["Deflect","Bane+1","Blade Dance+1"],"picked":"Singing Bowl","floor":38},{"not_picked":["Dagger Throw","Riddle With Holes","Outmaneuver+1"],"picked":"Singing Bowl","floor":38},{"not_picked":["Tactician","Backflip"],"picked":"Backstab+1","floor":41},{"not_picked":["Backflip","Cloak And Dagger","Eviscerate+1"],"picked":"Singing Bowl","floor":45},{"not_picked":["Backflip+1","Slice+1","Escape Plan+1"],"picked":"Singing Bowl","floor":46},{"not_picked":["Underhanded Strike+1","Bane+1","Poisoned Stab+1"],"picked":"Singing Bowl","floor":46},{"not_picked":["Deadly Poison","Bane","Infinite Blades+1"],"picked":"Singing Bowl","floor":47}],"player_experience":640361,"relics_obtained":[{"floor":6,"key":"Art of War"},{"floor":9,"key":"Snake Skull"},{"floor":10,"key":"Happy Flower"},{"floor":13,"key":"Prayer Wheel"},{"floor":23,"key":"FossilizedHelix"},{"floor":25,"key":"Paper Crane"},{"floor":26,"key":"Bottled Lightning"},{"floor":37,"key":"Tingsha"},{"floor":41,"key":"Gremlin Horn"},{"floor":43,"key":"Whetstone"},{"floor":45,"key":"Blood Vial"},{"floor":47,"key":"PreservedInsect"}],"event_choices":[{"damage_healed":0,"gold_gain":0,"player_choice":"Box","damage_taken":0,"relics_obtained":["Bag of Marbles"],"max_hp_gain":0,"max_hp_loss":0,"event_name":"Big Fish","floor":2,"gold_loss":0,"cards_obtained":["Regret"]},{"damage_healed":0,"gold_gain":0,"player_choice":"Ignored","damage_taken":0,"max_hp_gain":0,"max_hp_loss":0,"event_name":"Transmorgrifier","floor":4,"gold_loss":0},{"damage_healed":0,"gold_gain":99,"player_choice":"Stole From Cult","damage_taken":0,"max_hp_gain":0,"max_hp_loss":0,"event_name":"Nest","floor":20,"gold_loss":0},{"damage_healed":0,"gold_gain":0,"player_choice":"Simplicity","damage_taken":0,"max_hp_gain":0,"max_hp_loss":0,"event_name":"Back to Basics","floor":21,"gold_loss":0,"cards_upgraded":["Defend_G","Defend_G","Defend_G","Defend_G","Defend_G","Strike_G","Strike_G","Strike_G","Strike_G","Strike_G"]},{"damage_healed":0,"gold_gain":0,"player_choice":"Paid Gold","damage_taken":0,"relics_obtained":["Singing Bowl"],"max_hp_gain":0,"max_hp_loss":0,"event_name":"WeMeetAgain","floor":31,"gold_loss":81},{"damage_healed":0,"gold_gain":0,"player_choice":"Ignored","damage_taken":0,"max_hp_gain":0,"max_hp_loss":0,"event_name":"Tomb of Lord Red Mask","floor":36,"gold_loss":0},{"damage_healed":0,"gold_gain":0,"player_choice":"Fight","damage_taken":0,"max_hp_gain":0,"max_hp_loss":0,"event_name":"MindBloom","floor":37,"gold_loss":0},{"damage_healed":0,"gold_gain":0,"player_choice":"Bought 0 Potions","damage_taken":0,"max_hp_gain":0,"max_hp_loss":0,"event_name":"The Woman in Blue","floor":39,"gold_loss":0}],"is_beta":false,"boss_relics":[{"not_picked":["Black Star","Runic Pyramid"],"picked":"Velvet Choker"},{"not_picked":["Tiny House","HoveringKite"],"picked":"Orrery"}],"items_purged_floors":[22,48],"is_endless":false,"potions_floor_spawned":[3,8,10,14,25,28,33,38,41,47],"ascension_level":9}