{"gold_per_floor":[111,131,56,67,67,93,43,43,43,43,8,23,23,34,34,133,133,146,159,159,173,173],"floor_reached":22,"playtime":1764,"items_purged":["Strike_B"],"score":223,"play_id":"f21913d6-f18f-480a-be5e-281e911fac56","local_time":"20180713193417","is_ascension_mode":true,"campfire_choices":[{"data":"Zap","floor":8,"key":"SMITH"},{"floor":13,"key":"REST"},{"data":"Dualcast","floor":15,"key":"SMITH"}],"neow_cost":"NONE","seed_source_timestamp":956141586718287,"circlet_count":0,"master_deck":["Strike_B","Strike_B","Defend_B","Defend_B","Defend_B","Defend_B","Zap+1","Dualcast+1","Recycle","Cold Snap","Go for the Eyes","Chill","Regret","Reprogram","Defragment","Static Discharge","Thunder Strike","Heatsinks+1"],"relics":["Cracked Core","Juzu Bracelet","Symbiotic Virus","Prayer Wheel","Inserter","CultistMask"],"potions_floor_usage":[21,22],"damage_taken":[{"damage":0,"enemies":"2 Louse","floor":1,"turns":2},{"damage":9,"enemies":"Jaw Worm","floor":2,"turns":3},{"damage":0,"enemies":"Cultist","floor":4,"turns":3},{"damage":18,"enemies":"3 Sentries","floor":6,"turns":8},{"damage":6,"enemies":"Lots of Slimes","floor":12,"turns":4},{"damage":3,"enemies":"Large Slime","floor":14,"turns":7},{"damage":20,"enemies":"Slime Boss","floor":16,"turns":9},{"damage":23,"enemies":"Chosen","floor":18,"turns":5},{"damage":24,"enemies":"3 Byrds","floor":19,"turns":2},{"damage":23,"enemies":"Centurion and Healer","floor":21,"turns":7},{"damage":23,"enemies":"3 Cultists","floor":22,"turns":3}],"seed_played":"7391828778409372997","potions_obtained":[{"floor":6,"key":"GamblersBrew"},{"floor":12,"key":"SpeedPotion"},{"floor":16,"key":"Regen Potion"},{"floor":21,"key":"Strength Potion"}],"is_trial":false,"path_per_floor":["M","M","$","M","$","E","?","R","T","?","$","M","R","M","R","B",null,"M","M","?","M"],"character_chosen":"DEFECT","items_purchased":["Reprogram"],"campfire_rested":1,"item_purchase_floors":[11],"current_hp_per_floor":[75,66,66,66,66,48,48,48,48,48,48,42,64,61,61,41,75,52,28,28,20,0],"gold":173,"neow_bonus":"THREE_CARDS","is_prod":false,"is_daily":false,"chose_seed":false,"campfire_upgraded":2,"win_rate":0,"timestamp":1531535657,"path_taken":["M","M","$","M","$","E","?","R","T","?","?","M","R","M","R","BOSS","M","M","?","M","M"],"build_version":"2018-07-12","purchased_purges":1,"victory":false,"max_hp_per_floor":[75,75,75,75,75,75,75,75,75,75,75,75,75,75,75,75,75,75,75,75,75,75],"card_choices":[{"not_picked":["Skim","Gash"],"picked":"Recycle","floor":0},{"not_picked":["Beam Cell","Reinforced Body","Streamline"],"picked":"SKIP","floor":1},{"not_picked":["Steam","Leap"],"picked":"Cold Snap","floor":2},{"not_picked":["Coolheaded","Hologram"],"picked":"Go for the Eyes","floor":4},{"not_picked":["Doom and Gloom","Darkness"],"picked":"Chill","floor":6},{"not_picked":["Reinforced Body","Beam Cell"],"picked":"Defragment","floor":12},{"not_picked":["Tempest","Barrage","Hologram"],"picked":"SKIP","floor":12},{"not_picked":["Rebound","Turbo"],"picked":"Static Discharge","floor":14},{"not_picked":["Streamline","Beam Cell","Reprogram"],"picked":"SKIP","floor":14},{"not_picked":["Seek","Amplify"],"picked":"Thunder Strike","floor":16},{"not_picked":["Barrage","Beam Cell"],"picked":"Heatsinks+1","floor":18},{"not_picked":["Sweeping Beam","Recycle","Conserve Battery"],"picked":"SKIP","floor":18},{"not_picked":["Leap","Stack","Genetic Algorithm"],"picked":"SKIP","floor":19},{"not_picked":["Sunder+1","Melter+1","Doom and Gloom+1"],"picked":"SKIP","floor":19},{"not_picked":["Hologram","Gash","Barrage"],"picked":"SKIP","floor":21},{"not_picked":["Rebound+1","Coolheaded","Turbo"],"picked":"SKIP","floor":21}],"player_experience":621192,"relics_obtained":[{"floor":6,"key":"Juzu Bracelet"},{"floor":9,"key":"Symbiotic Virus"}],"event_choices":[{"event_name":"The Cleric","player_choice":"Card Removal","floor":7,"damage_taken":0},{"event_name":"Big Fish","player_choice":"Box","floor":10,"damage_taken":0},{"event_name":"FaceTrader","player_choice":"Trade","floor":20,"damage_taken":0}],"boss_relics":[{"not_picked":["Sozu","Coffee Dripper"],"picked":"Inserter"}],"items_purged_floors":[3],"is_endless":false,"potions_floor_spawned":[6,12,16,21],"killed_by":"3 Cultists","ascension_level":4}