{"gold_per_floor":[110,127,137,137,137,137,180,180,180,180,180,180,198,221,221,352,352,371,371,371,70,88,88,102,102],"floor_reached":25,"playtime":956,"items_purged":[],"score":281,"play_id":"9ecfeaa8-5afd-4b20-8613-dc66ebe9f0b8","local_time":"20180918133402","is_ascension_mode":true,"campfire_choices":[{"data":"Bash","floor":6,"key":"SMITH"},{"data":"Limit Break","floor":8,"key":"SMITH"},{"data":"Inflame","floor":10,"key":"SMITH"},{"data":"Twin Strike","floor":12,"key":"SMITH"},{"data":"Spot Weakness","floor":15,"key":"SMITH"},{"floor":23,"key":"REST"}],"neow_cost":"NONE","seed_source_timestamp":1189628169300354,"circlet_count":0,"master_deck":["Strike_R","Strike_R","Strike_R","Strike_R","Defend_R","Defend_R","Defend_R","Defend_R","Bash+1","Twin Strike+1","Armaments+1","Inflame+1","Injury","Limit Break+1","Inflame","Spot Weakness+1","Immolate","Writhe","Parasite","Doubt","Sword Boomerang+1","Thunderclap","Shrug It Off"],"relics":["Burning Blood","Golden Idol","Blue Candle","Pen Nib","Calling Bell","Lantern","Self Forming Clay","Peace Pipe","Shuriken"],"potions_floor_usage":[16,20],"damage_taken":[{"damage":10,"enemies":"Cultist","floor":1,"turns":5},{"damage":7,"enemies":"2 Louse","floor":2,"turns":3},{"damage":0,"enemies":"Jaw Worm","floor":3,"turns":6},{"damage":25,"enemies":"Lagavulin","floor":7,"turns":8},{"damage":3,"enemies":"2 Fungi Beasts","floor":13,"turns":4},{"damage":5,"enemies":"Exordium Thugs","floor":14,"turns":4},{"damage":36,"enemies":"Hexaghost","floor":16,"turns":7},{"damage":24,"enemies":"Spheric Guardian","floor":18,"turns":4},{"damage":39,"enemies":"Colosseum Slavers","floor":20,"turns":6},{"damage":20,"enemies":"Shell Parasite","floor":22,"turns":5},{"damage":33,"enemies":"Sentry and Sphere","floor":24,"turns":4},{"damage":30,"enemies":"Cultist and Chosen","floor":25,"turns":4}],"seed_played":"-7204210799231808458","potions_obtained":[{"floor":1,"key":"Regen Potion"},{"floor":13,"key":"Swift Potion"}],"is_trial":false,"path_per_floor":["M","M","M","?","?","R","E","R","T","R","?","R","M","M","R","B",null,"M","?","?","$","M","R","M"],"character_chosen":"IRONCLAD","items_purchased":["Shuriken","Thunderclap"],"campfire_rested":1,"item_purchase_floors":[21,21],"current_hp_per_floor":[76,75,81,81,81,81,62,62,62,62,62,62,65,66,66,50,79,61,61,28,28,14,40,13,0],"gold":102,"neow_bonus":"TEN_PERCENT_HP_BONUS","is_prod":false,"is_daily":false,"chose_seed":false,"campfire_upgraded":5,"win_rate":0,"timestamp":1537270442,"path_taken":["M","M","M","?","?","R","E","R","T","R","?","R","M","M","R","BOSS","M","?","?","?","?","R","M","M"],"build_version":"2018-09-06","purchased_purges":0,"victory":false,"max_hp_per_floor":[88,88,88,88,88,88,88,88,88,88,88,88,88,88,88,88,88,88,88,88,88,88,88,88,88],"card_choices":[{"not_picked":["Pummel","Power Through"],"picked":"Twin Strike","floor":1},{"not_picked":["Sword Boomerang","Flex"],"picked":"Armaments","floor":2},{"not_picked":["Second Wind","Anger"],"picked":"Inflame","floor":3},{"not_picked":["Juggernaut","Pommel Strike"],"picked":"Limit Break","floor":7},{"not_picked":["Cleave","Clothesline"],"picked":"Inflame","floor":13},{"not_picked":["Rampage","Reckless Charge"],"picked":"Spot Weakness","floor":14},{"not_picked":["Brutality","Demon Form"],"picked":"Immolate","floor":16},{"not_picked":["Inflame","Havoc"],"picked":"Sword Boomerang+1","floor":18},{"not_picked":["Warcry","Clothesline","Feel No Pain+1"],"picked":"SKIP","floor":22},{"not_picked":["Warcry","Double Tap"],"picked":"Shrug It Off","floor":24}],"player_experience":360070,"relics_obtained":[{"floor":7,"key":"Blue Candle"},{"floor":9,"key":"Pen Nib"},{"floor":17,"key":"Lantern"},{"floor":17,"key":"Self Forming Clay"},{"floor":17,"key":"Peace Pipe"}],"event_choices":[{"event_name":"Living Wall","player_choice":"Grow","floor":4,"damage_taken":0},{"event_name":"Golden Idol","player_choice":"Take Wound","floor":5,"damage_taken":0},{"event_name":"Purifier","player_choice":"One Purge","floor":11,"damage_taken":0},{"event_name":"Ghosts","player_choice":"Ignored","floor":19,"damage_taken":0},{"event_name":"Colosseum","player_choice":"Fight","floor":20,"damage_taken":0},{"event_name":"Colosseum","player_choice":"Fled From Nobs","floor":20,"damage_taken":0}],"is_beta":false,"boss_relics":[{"not_picked":["Mark of Pain","Coffee Dripper"],"picked":"Calling Bell"}],"items_purged_floors":[],"is_endless":false,"potions_floor_spawned":[1,13],"killed_by":"Cultist and Chosen","ascension_level":8}