{"gold_per_floor":[117,117,133,149,5,40,40,68,68,14,14,34,34,109,109,207,207,225,225,240,43,43,84,84,84,133,158,158,201,222,240,240,338,338,357,377,391,409,22,22,55,68,93,93,93,93,0,31,31,31],"floor_reached":51,"playtime":3503,"items_purged":["Strike_R","Strike_R"],"score":1380,"play_id":"1abd8395-1251-40b9-98a9-3bd109387b9a","local_time":"20181123152643","is_ascension_mode":true,"campfire_choices":[{"data":"Infernal Blade","floor":7,"key":"SMITH"},{"data":"Inflame","floor":11,"key":"SMITH"},{"data":"Disarm","floor":15,"key":"SMITH"},{"data":"Clothesline","floor":24,"key":"SMITH"},{"data":"Feel No Pain","floor":28,"key":"SMITH"},{"data":"True Grit","floor":32,"key":"SMITH"},{"data":"Limit Break","floor":40,"key":"SMITH"},{"data":"Juggernaut","floor":44,"key":"SMITH"},{"data":"Warcry","floor":46,"key":"SMITH"},{"data":"True Grit","floor":49,"key":"SMITH"}],"neow_cost":"NONE","seed_source_timestamp":938699712884618,"circlet_count":0,"master_deck":["AscendersBane","Bash","Inflame+1","Cleave","Infernal Blade+1","Shrug It Off","Twin Strike","Metallicize","Reaper","Disarm+1","Impervious","Battle Trance+1","Dark Shackles","Shame","Clothesline+1","Feel No Pain+1","Juggernaut+1","True Grit+1","Limit Break+1","Inflame","Headbutt","Shrug It Off","Shrug It Off","Warcry+1","Entrench","Blood for Blood","Inflame","True Grit+1"],"relics":["Burning Blood","NeowsBlessing","FaceOfCleric","Mercury Hourglass","The Courier","Matryoshka","Golden Idol","Snecko Eye","Lantern","Ancient Tea Set","Ginger","MutagenicStrength","Centennial Puzzle","Juzu Bracelet","Red Skull","Pandora\u0027s Box","Membership Card","Potion Belt","Blood Vial","Kunai","Shuriken","Strawberry","Happy Flower","Vajra","Frozen Egg 2"],"potions_floor_usage":[16,50,50,50,50],"damage_taken":[{"damage":0,"enemies":"Jaw Worm","floor":1,"turns":1},{"damage":0,"enemies":"Cultist","floor":3,"turns":1},{"damage":0,"enemies":"Small Slimes","floor":4,"turns":1},{"damage":24,"enemies":"Gremlin Nob","floor":6,"turns":4},{"damage":0,"enemies":"3 Sentries","floor":8,"turns":3},{"damage":0,"enemies":"Blue Slaver","floor":12,"turns":1},{"damage":35,"enemies":"Hexaghost","floor":16,"turns":12},{"damage":10,"enemies":"Chosen","floor":18,"turns":7},{"damage":18,"enemies":"Shell Parasite","floor":20,"turns":8},{"damage":2,"enemies":"Gremlin Leader","floor":23,"turns":6},{"damage":7,"enemies":"Centurion and Healer","floor":27,"turns":7},{"damage":21,"enemies":"Book of Stabbing","floor":29,"turns":8},{"damage":4,"enemies":"Shelled Parasite and Fungi","floor":30,"turns":6},{"damage":4,"enemies":"Snake Plant","floor":31,"turns":4},{"damage":20,"enemies":"Collector","floor":33,"turns":11},{"damage":4,"enemies":"Orb Walker","floor":35,"turns":5},{"damage":4,"enemies":"3 Shapes","floor":36,"turns":4},{"damage":17,"enemies":"3 Darklings","floor":37,"turns":5},{"damage":8,"enemies":"Sphere and 2 Shapes","floor":38,"turns":4},{"damage":20,"enemies":"Nemesis","floor":41,"turns":9},{"damage":21,"enemies":"Maw","floor":42,"turns":10},{"damage":37,"enemies":"Giant Head","floor":48,"turns":9},{"damage":52,"enemies":"Donu and Deca","floor":50,"turns":9}],"seed_played":"2132599928126412732","potions_obtained":[{"floor":1,"key":"FearPotion"},{"floor":8,"key":"SpeedPotion"},{"floor":16,"key":"Strength Potion"},{"floor":18,"key":"Fire Potion"},{"floor":20,"key":"PowerPotion"},{"floor":41,"key":"LiquidBronze"},{"floor":42,"key":"Fire Potion"}],"is_trial":false,"path_per_floor":["M","?","M","M","$","E","R","E","T","$","R","M","?","?","R","B",null,"M","?","M","$","?","E","R","?","T","M","R","E","M","M","R","B",null,"M","M","M","M","$","R","E","M","T","R","?","R","$","E","R","B",null],"character_chosen":"IRONCLAD","items_purchased":["Shrug It Off","Twin Strike","Reaper","Lantern","Membership Card","Potion Belt","Blood Vial","Kunai","Vajra","Inflame"],"campfire_rested":0,"item_purchase_floors":[5,5,10,21,39,39,39,39,47,47],"current_hp_per_floor":[74,74,76,77,77,60,60,67,67,67,67,74,54,43,43,25,67,68,68,64,64,64,81,81,81,81,81,81,67,74,77,77,85,88,90,91,81,80,80,80,85,73,80,80,80,80,80,71,71,69],"gold":31,"neow_bonus":"THREE_ENEMY_KILL","is_prod":false,"is_daily":false,"chose_seed":false,"campfire_upgraded":10,"win_rate":0,"timestamp":1542983203,"path_taken":["M","?","M","?","$","E","R","E","T","$","R","M","?","?","R","BOSS","M","?","?","$","?","E","R","?","T","M","R","E","M","M","R","BOSS","M","M","M","M","$","R","E","M","T","R","?","R","$","E","R","BOSS"],"build_version":"2018-11-15","purchased_purges":2,"victory":true,"max_hp_per_floor":[75,75,76,77,77,78,78,79,79,79,79,80,80,80,80,81,81,82,82,83,83,83,84,84,84,84,85,85,86,87,88,88,89,89,90,91,92,93,93,93,94,95,102,102,102,102,102,103,103,104],"card_choices":[{"not_picked":["Havoc","Clash"],"picked":"Inflame","floor":1},{"not_picked":["Burning Pact","Inflame"],"picked":"Cleave","floor":3},{"not_picked":["Body Slam","Reckless Charge"],"picked":"Infernal Blade","floor":4},{"not_picked":["Heavy Blade","Hemokinesis","Ghostly Armor"],"picked":"SKIP","floor":6},{"not_picked":["Carnage","Headbutt"],"picked":"Metallicize","floor":8},{"not_picked":["Clash","Warcry"],"picked":"Disarm","floor":12},{"not_picked":["Fiend Fire","Brutality"],"picked":"Impervious","floor":16},{"not_picked":["Dual Wield","True Grit"],"picked":"Battle Trance+1","floor":18},{"not_picked":["Anger","Combust","Metallicize"],"picked":"SKIP","floor":20},{"not_picked":["Power Through","Shockwave"],"picked":"Clothesline","floor":23},{"not_picked":["Intimidate+1","Heavy Blade"],"picked":"Feel No Pain","floor":27},{"not_picked":["Anger","Perfected Strike+1"],"picked":"Juggernaut","floor":29},{"not_picked":["Thunderclap","Shrug It Off"],"picked":"True Grit","floor":30},{"not_picked":["Shrug It Off","Heavy Blade","Clothesline"],"picked":"SKIP","floor":31},{"not_picked":["Exhume","Barricade"],"picked":"Limit Break","floor":33},{"not_picked":["Perfected Strike+1","Infernal Blade+1","Thunderclap"],"picked":"SKIP","floor":35},{"not_picked":["Body Slam","Twin Strike","Headbutt"],"picked":"SKIP","floor":36},{"not_picked":["Double Tap","Anger","Shrug It Off"],"picked":"SKIP","floor":37},{"not_picked":["Infernal Blade","Anger","Flex"],"picked":"SKIP","floor":38},{"not_picked":["Flex+1","Clash+1"],"picked":"Blood for Blood","floor":41},{"not_picked":["Heavy Blade","Thunderclap","Perfected Strike"],"picked":"SKIP","floor":42},{"not_picked":["Flex","Ghostly Armor"],"picked":"True Grit","floor":48}],"player_experience":852541,"relics_obtained":[{"floor":6,"key":"Mercury Hourglass"},{"floor":8,"key":"The Courier"},{"floor":9,"key":"Matryoshka"},{"floor":23,"key":"Ginger"},{"floor":26,"key":"Centennial Puzzle"},{"floor":26,"key":"Juzu Bracelet"},{"floor":29,"key":"Red Skull"},{"floor":41,"key":"Shuriken"},{"floor":43,"key":"Strawberry"},{"floor":43,"key":"Happy Flower"},{"floor":48,"key":"Frozen Egg 2"}],"event_choices":[{"damage_healed":0,"gold_gain":0,"player_choice":"Trade","damage_taken":0,"relics_obtained":["FaceOfCleric"],"max_hp_gain":0,"max_hp_loss":0,"event_name":"FaceTrader","floor":2,"gold_loss":0},{"damage_healed":0,"gold_gain":0,"player_choice":"Take Damage","damage_taken":20,"relics_obtained":["Golden Idol"],"max_hp_gain":0,"max_hp_loss":0,"event_name":"Golden Idol","floor":13,"gold_loss":0},{"damage_healed":0,"gold_gain":75,"player_choice":"Gather Gold","damage_taken":11,"max_hp_gain":0,"max_hp_loss":0,"event_name":"World of Goop","floor":14,"gold_loss":0},{"damage_healed":0,"gold_gain":0,"player_choice":"1 cards matched","damage_taken":0,"max_hp_gain":0,"max_hp_loss":0,"event_name":"Match and Keep!","floor":19,"gold_loss":0,"cards_obtained":["Dark Shackles"]},{"damage_healed":0,"gold_gain":0,"player_choice":"Stole Relic","damage_taken":0,"relics_obtained":["Ancient Tea Set"],"max_hp_gain":0,"max_hp_loss":0,"event_name":"Addict","floor":22,"gold_loss":0,"cards_obtained":["Shame"]},{"damage_healed":0,"gold_gain":0,"player_choice":"Inject Mutagens","damage_taken":0,"relics_obtained":["MutagenicStrength"],"max_hp_gain":0,"max_hp_loss":0,"event_name":"Drug Dealer","floor":25,"gold_loss":0},{"cards_removed":["Whirlwind"],"damage_healed":0,"gold_gain":0,"player_choice":"Removed Attack","damage_taken":0,"max_hp_gain":0,"max_hp_loss":0,"event_name":"Falling","floor":45,"gold_loss":0}],"is_beta":false,"boss_relics":[{"not_picked":["Lizard Tail","Calling Bell"],"picked":"Snecko Eye"},{"not_picked":["Tiny House","White Beast Statue"],"picked":"Pandora\u0027s Box"}],"items_purged_floors":[5,21],"is_endless":false,"potions_floor_spawned":[1,8,12,16,18,20,29,31,33,36,41,42,48],"ascension_level":14}