{"gold_per_floor":[114,92,103,117,40,70,70,97,144,144,170,170,205,505,505,605,605,619,396,396,411,431,431,447,473,473,473,22,34,69,69,69,171,171,186,196,71,71,71,100,100,118,145,145,178,178,178,191,191,191],"floor_reached":51,"playtime":1459,"items_purged":["Strike_R","Defend_R","Strike_R"],"score":910,"play_id":"3ac5a2a1-f324-4520-8085-f8a31277826e","local_time":"20190309021816","is_ascension_mode":true,"campfire_choices":[{"data":"Demon Form","floor":7,"key":"SMITH"},{"data":"Limit Break","floor":15,"key":"SMITH"},{"data":"Flex","floor":23,"key":"SMITH"},{"data":"Sword Boomerang","floor":27,"key":"SMITH"},{"data":"Bash","floor":32,"key":"SMITH"},{"data":"Limit Break","floor":41,"key":"SMITH"},{"data":"Offering","floor":47,"key":"SMITH"},{"data":"Flex","floor":49,"key":"SMITH"}],"neow_cost":"NONE","seed_source_timestamp":46236473961329,"circlet_count":0,"master_deck":["Strike_R","Strike_R","Defend_R","Defend_R","Defend_R","Bash+1","Sword Boomerang+1","True Grit+1","Flex+1","Offering+1","Demon Form+1","Limit Break+1","Limit Break+1","Disarm+1","Flex+1"],"relics":["Burning Blood","NeowsBlessing","Gremlin Horn","Happy Flower","Juzu Bracelet","Nunchaku","Mummified Hand","Old Coin","Coffee Dripper","Pen Nib","Red Skull","Calipers","Bag of Preparation","Lee\u0027s Waffle","Magic Flower","Eternal Feather","Torii","Smiling Mask","Charon\u0027s Ashes"],"potions_floor_usage":[6,11,11,13,25,30,42,50,50,50],"damage_taken":[{"damage":0,"enemies":"Cultist","floor":1,"turns":1},{"damage":0,"enemies":"2 Louse","floor":3,"turns":1},{"damage":0,"enemies":"Small Slimes","floor":4,"turns":1},{"damage":40,"enemies":"Gremlin Nob","floor":6,"turns":5},{"damage":7,"enemies":"Lagavulin","floor":8,"turns":5},{"damage":14,"enemies":"Gremlin Nob","floor":11,"turns":3},{"damage":6,"enemies":"Lagavulin","floor":13,"turns":4},{"damage":36,"enemies":"Slime Boss","floor":16,"turns":6},{"damage":3,"enemies":"3 Byrds","floor":18,"turns":5},{"damage":16,"enemies":"Chosen","floor":21,"turns":5},{"damage":6,"enemies":"Centurion and Healer","floor":22,"turns":4},{"damage":19,"enemies":"3 Cultists","floor":24,"turns":4},{"damage":36,"enemies":"Gremlin Leader","floor":25,"turns":5},{"damage":24,"enemies":"Snake Plant","floor":29,"turns":4},{"damage":26,"enemies":"Slavers","floor":30,"turns":4},{"damage":6,"enemies":"Automaton","floor":33,"turns":4},{"damage":15,"enemies":"3 Shapes","floor":35,"turns":3},{"damage":8,"enemies":"3 Darklings","floor":36,"turns":3},{"damage":31,"enemies":"Reptomancer","floor":40,"turns":3},{"damage":7,"enemies":"Sphere and 2 Shapes","floor":42,"turns":3},{"damage":37,"enemies":"Nemesis","floor":45,"turns":3},{"damage":6,"enemies":"Jaw Worm Horde","floor":48,"turns":1},{"damage":16,"enemies":"Awakened One","floor":50,"turns":4}],"seed_played":"5590061020224346179","potions_obtained":[{"floor":4,"key":"SpeedPotion"},{"floor":10,"key":"SteroidPotion"},{"floor":10,"key":"PowerPotion"},{"floor":10,"key":"Regen Potion"},{"floor":16,"key":"Strength Potion"},{"floor":22,"key":"SmokeBomb"},{"floor":24,"key":"BloodPotion"},{"floor":30,"key":"Fire Potion"},{"floor":33,"key":"Poison Potion"},{"floor":45,"key":"SkillPotion"},{"floor":48,"key":"Weak Potion"}],"is_trial":false,"path_per_floor":["M","$","M","M","$","E","R","E","T","?","E","?","E","T","R","B",null,"M","$","?","M","M","R","M","E","T","R","$","M","E","?","R","B",null,"M","M","$","?","?","E","R","M","T","?","E","?","R","M","R","B",null],"character_chosen":"IRONCLAD","items_purchased":["True Grit","Offering","Pen Nib","Bag of Preparation","Lee\u0027s Waffle"],"campfire_rested":0,"item_purchase_floors":[2,5,19,28,28],"current_hp_per_floor":[80,80,80,80,80,46,46,45,45,45,37,37,49,49,49,19,80,80,80,80,70,70,70,57,35,35,35,87,69,49,49,49,52,87,81,82,82,82,82,60,66,68,68,68,40,40,46,49,58,51],"gold":191,"neow_bonus":"THREE_ENEMY_KILL","is_prod":false,"is_daily":false,"chose_seed":false,"campfire_upgraded":8,"win_rate":0,"timestamp":1552123096,"path_taken":["M","$","M","?","$","E","R","E","T","?","E","?","E","?","R","BOSS","M","$","?","M","M","R","M","E","T","R","$","M","E","?","R","BOSS","M","M","$","?","?","E","R","M","T","?","E","?","R","M","R","BOSS"],"build_version":"2019-01-23","purchased_purges":3,"victory":true,"max_hp_per_floor":[80,80,80,80,80,80,80,80,80,80,80,80,80,80,80,80,80,80,80,80,80,80,80,80,80,80,80,87,87,87,87,87,87,87,87,87,87,87,83,83,83,83,83,83,83,83,83,83,83,83],"card_choices":[{"not_picked":["Anger","Iron Wave"],"picked":"Sword Boomerang","floor":1},{"not_picked":["Sword Boomerang","Shockwave"],"picked":"Flex","floor":3},{"not_picked":["Perfected Strike","Heavy Blade","Ghostly Armor"],"picked":"SKIP","floor":4},{"not_picked":["Heavy Blade","Pommel Strike"],"picked":"Demon Form","floor":6},{"not_picked":["Havoc","Rampage","Flex"],"picked":"SKIP","floor":8},{"not_picked":["Iron Wave","Headbutt"],"picked":"Limit Break","floor":11},{"not_picked":["Feel No Pain","Dual Wield","Corruption"],"picked":"SKIP","floor":13},{"not_picked":["Twin Strike+1","Pommel Strike","Wild Strike+1"],"picked":"SKIP","floor":18},{"not_picked":["Infernal Blade","Heavy Blade","True Grit"],"picked":"SKIP","floor":21},{"not_picked":["Shrug It Off","Wild Strike","Fire Breathing"],"picked":"SKIP","floor":22},{"not_picked":["Armaments+1","Havoc","Cleave"],"picked":"SKIP","floor":24},{"not_picked":["Heavy Blade","Body Slam","Dropkick"],"picked":"SKIP","floor":25},{"not_picked":["Offering","Cleave","Blood for Blood"],"picked":"SKIP","floor":29},{"not_picked":["Corruption","Rampage","Blood for Blood+1"],"picked":"SKIP","floor":30},{"not_picked":["Double Tap","Impervious"],"picked":"Limit Break","floor":33},{"not_picked":["Clothesline","Bloodletting","Twin Strike"],"picked":"SKIP","floor":35},{"not_picked":["Thunderclap+1","Spot Weakness","Carnage+1"],"picked":"SKIP","floor":36},{"not_picked":["Twin Strike","Searing Blow+1","Brutality"],"picked":"SKIP","floor":40},{"not_picked":["Ghostly Armor","Inflame+1","Anger+1"],"picked":"SKIP","floor":42},{"not_picked":["Clothesline","Warcry"],"picked":"Disarm+1","floor":45},{"not_picked":["Pommel Strike","Entrench"],"picked":"Flex","floor":48}],"player_experience":794686,"relics_obtained":[{"floor":6,"key":"Gremlin Horn"},{"floor":8,"key":"Happy Flower"},{"floor":9,"key":"Juzu Bracelet"},{"floor":11,"key":"Nunchaku"},{"floor":13,"key":"Mummified Hand"},{"floor":14,"key":"Old Coin"},{"floor":25,"key":"Red Skull"},{"floor":26,"key":"Calipers"},{"floor":30,"key":"Magic Flower"},{"floor":40,"key":"Torii"},{"floor":43,"key":"Smiling Mask"},{"floor":45,"key":"Charon\u0027s Ashes"}],"event_choices":[{"damage_healed":0,"gold_gain":0,"player_choice":"Got Potions","damage_taken":0,"max_hp_gain":0,"max_hp_loss":0,"event_name":"Lab","floor":10,"gold_loss":0},{"damage_healed":0,"gold_gain":0,"player_choice":"Bought 0 Potions","damage_taken":0,"max_hp_gain":0,"max_hp_loss":0,"event_name":"The Woman in Blue","floor":12,"gold_loss":0},{"damage_healed":0,"gold_gain":0,"player_choice":"Upgraded","damage_taken":0,"max_hp_gain":0,"max_hp_loss":0,"event_name":"Upgrade Shrine","floor":20,"gold_loss":0,"cards_upgraded":["True Grit"]},{"damage_healed":0,"gold_gain":0,"player_choice":"Ignored","damage_taken":0,"max_hp_gain":0,"max_hp_loss":0,"event_name":"Beggar","floor":31,"gold_loss":0},{"damage_healed":0,"gold_gain":0,"player_choice":"Ignored","damage_taken":0,"max_hp_gain":0,"max_hp_loss":0,"event_name":"SecretPortal","floor":38,"gold_loss":0},{"damage_healed":0,"gold_gain":0,"player_choice":"Max HP","damage_taken":0,"max_hp_gain":0,"max_hp_loss":4,"event_name":"Winding Halls","floor":39,"gold_loss":0},{"damage_healed":0,"gold_gain":0,"player_choice":"Memory 1","damage_taken":0,"max_hp_gain":0,"max_hp_loss":0,"event_name":"SensoryStone","floor":44,"gold_loss":0},{"cards_removed":["Strike_R"],"damage_healed":0,"gold_gain":0,"player_choice":"Removed Attack","damage_taken":0,"max_hp_gain":0,"max_hp_loss":0,"event_name":"Falling","floor":46,"gold_loss":0}],"is_beta":false,"boss_relics":[{"not_picked":["Black Blood","Busted Crown"],"picked":"Coffee Dripper"},{"not_picked":["Fusion Hammer","Orrery"],"picked":"Eternal Feather"}],"items_purged_floors":[19,28,37],"is_endless":false,"potions_floor_spawned":[4,16,22,24,30,33,45,48],"ascension_level":1}