{"gold_per_floor":[114,64,339,2,18,18,32,32,32,49,68,68,79,99,99,195,195,206,206,224,124,144,144,175,175,175,201,219,236,336,369,369,468,468,486,361,380,400,414,414,449,449,497,497,515,515,541,551,551,551,551,551,22,48,48],"floor_reached":56,"playtime":1791,"items_purged":["Regret","Strike_R","Strike_R","Normality"],"score":1471,"play_id":"eb921f5b-a8d3-4b24-9e68-f792861743f2","local_time":"20190318004035","is_ascension_mode":true,"campfire_choices":[{"data":"Searing Blow","floor":6,"key":"SMITH"},{"data":"Searing Blow+1","floor":8,"key":"SMITH"},{"data":"Searing Blow+2","floor":12,"key":"SMITH"},{"data":"Searing Blow+3","floor":15,"key":"SMITH"},{"data":"Searing Blow+4","floor":23,"key":"SMITH"},{"data":"Searing Blow+5","floor":25,"key":"SMITH"},{"data":"Searing Blow+6","floor":32,"key":"SMITH"},{"data":"Searing Blow+7","floor":40,"key":"SMITH"},{"data":"Searing Blow+8","floor":44,"key":"SMITH"},{"floor":49,"key":"RECALL"},{"data":"Searing Blow+9","floor":52,"key":"SMITH"}],"neow_cost":"NONE","seed_source_timestamp":0,"circlet_count":0,"master_deck":["Defend_R","Defend_R","Defend_R","Bash","Searing Blow+10","Shrug It Off+1","Entrench+1","Shrug It Off+1","Entrench+1","Body Slam+1","Offering+1","Shockwave+1","Shrug It Off+1","Flame Barrier+1","Offering+1"],"special_seed":0,"relics":["Burning Blood","Juzu Bracelet","Toxic Egg 2","Anchor","Cursed Key","Regal Pillow","Orichalcum","Ginger","Mummified Hand","Red Mask","Empty Cage","Sundial","Unceasing Top","Oddly Smooth Stone","Vajra"],"potions_floor_usage":[16,18,24,27,33,47,55,55,55],"damage_taken":[{"damage":7,"enemies":"2 Louse","floor":1,"turns":4},{"damage":6,"enemies":"Cultist","floor":5,"turns":3},{"damage":5,"enemies":"Jaw Worm","floor":7,"turns":5},{"damage":0,"enemies":"3 Louse","floor":10,"turns":4},{"damage":0,"enemies":"Exordium Wildlife","floor":11,"turns":4},{"damage":5,"enemies":"Large Slime","floor":13,"turns":4},{"damage":0,"enemies":"3 Louse","floor":14,"turns":4},{"damage":69,"enemies":"Hexaghost","floor":16,"turns":13},{"damage":5,"enemies":"3 Byrds","floor":18,"turns":7},{"damage":0,"enemies":"Chosen","floor":20,"turns":3},{"damage":10,"enemies":"Snecko","floor":22,"turns":4},{"damage":14,"enemies":"Gremlin Leader","floor":24,"turns":5},{"damage":6,"enemies":"Book of Stabbing","floor":27,"turns":3},{"damage":0,"enemies":"Centurion and Healer","floor":28,"turns":3},{"damage":0,"enemies":"Snake Plant","floor":29,"turns":3},{"damage":0,"enemies":"Colosseum Slavers","floor":30,"turns":4},{"damage":1,"enemies":"Colosseum Nobs","floor":30,"turns":5},{"damage":0,"enemies":"Masked Bandits","floor":31,"turns":6},{"damage":60,"enemies":"Champ","floor":33,"turns":11},{"damage":0,"enemies":"Orb Walker","floor":35,"turns":2},{"damage":6,"enemies":"3 Darklings","floor":37,"turns":2},{"damage":6,"enemies":"Writhing Mass","floor":38,"turns":2},{"damage":6,"enemies":"Sphere and 2 Shapes","floor":39,"turns":3},{"damage":6,"enemies":"Giant Head","floor":41,"turns":4},{"damage":6,"enemies":"Spire Growth","floor":45,"turns":2},{"damage":6,"enemies":"Nemesis","floor":47,"turns":5},{"damage":6,"enemies":"Jaw Worm Horde","floor":48,"turns":3},{"damage":6,"enemies":"Donu and Deca","floor":50,"turns":6},{"damage":12,"enemies":"Shield and Spear","floor":54,"turns":2},{"damage":78,"enemies":"The Heart","floor":55,"turns":11}],"seed_played":"5155183914100681873","potions_obtained":[{"floor":5,"key":"Poison Potion"},{"floor":7,"key":"SpeedPotion"},{"floor":11,"key":"EssenceOfSteel"},{"floor":22,"key":"Block Potion"},{"floor":24,"key":"SkillPotion"},{"floor":27,"key":"Regen Potion"},{"floor":31,"key":"BloodPotion"},{"floor":38,"key":"Block Potion"},{"floor":47,"key":"Explosive Potion"}],"is_trial":false,"path_per_floor":["M","?","?","$","M","R","M","R","T","M","M","R","M","M","R","B",null,"M","T","M","$","M","R","E","R","T","E","M","M","?","?","R","B",null,"M","$","M","M","M","R","E","?","T","R","M","T","E","M","R","B",null,"R","$","E","B",null],"character_chosen":"IRONCLAD","items_purchased":["Toxic Egg 2","Offering+1","Oddly Smooth Stone","LiquidBronze"],"campfire_rested":0,"item_purchase_floors":[4,53,53,53],"current_hp_per_floor":[79,79,79,79,79,79,80,80,80,80,80,80,80,80,80,17,80,80,80,80,80,76,76,68,68,68,68,74,80,80,80,80,34,80,80,80,80,80,80,80,80,80,80,80,80,80,80,80,80,80,80,80,80,74,17],"gold":48,"neow_bonus":"RANDOM_COMMON_RELIC","is_prod":false,"is_daily":false,"chose_seed":false,"campfire_upgraded":10,"win_rate":0,"timestamp":1552894835,"path_taken":["M","?","?","$","M","R","M","R","T","M","M","R","M","M","R","BOSS","M","?","M","$","M","R","E","R","T","E","M","M","?","?","R","BOSS","M","$","M","M","M","R","E","?","T","R","M","?","E","M","R","BOSS","R","$","E","BOSS"],"build_version":"2019-01-23","purchased_purges":4,"victory":true,"max_hp_per_floor":[80,80,80,80,80,80,80,80,80,80,80,80,80,80,80,80,80,80,80,80,80,80,80,80,80,80,80,80,80,80,80,80,80,80,80,80,80,80,80,80,80,80,80,80,80,80,80,80,80,80,80,80,80,80,80],"card_choices":[{"not_picked":["Cleave","True Grit","Disarm"],"picked":"SKIP","floor":1},{"not_picked":["Anger","Evolve"],"picked":"Searing Blow","floor":5},{"not_picked":["True Grit+1","Cleave"],"picked":"Shrug It Off+1","floor":7},{"not_picked":["Pommel Strike","Seeing Red+1"],"picked":"Entrench+1","floor":10},{"not_picked":["Havoc+1","Wild Strike","Twin Strike"],"picked":"SKIP","floor":11},{"not_picked":["Sword Boomerang","Warcry+1","Metallicize"],"picked":"SKIP","floor":13},{"not_picked":["Seeing Red+1","Second Wind+1","Heavy Blade"],"picked":"SKIP","floor":14},{"not_picked":["Wild Strike","Feel No Pain"],"picked":"Shrug It Off+1","floor":18},{"not_picked":["Clash","Feel No Pain+1","True Grit+1"],"picked":"SKIP","floor":20},{"not_picked":["Twin Strike+1","Burning Pact+1","Fire Breathing"],"picked":"SKIP","floor":22},{"not_picked":["Warcry+1","Blood for Blood","Anger"],"picked":"SKIP","floor":24},{"not_picked":["Perfected Strike+1","Thunderclap"],"picked":"Entrench+1","floor":27},{"not_picked":["Sever Soul","Impervious+1","Iron Wave"],"picked":"SKIP","floor":28},{"not_picked":["Anger","Wild Strike","Headbutt"],"picked":"SKIP","floor":29},{"not_picked":["Havoc+1","True Grit+1"],"picked":"Body Slam+1","floor":31},{"not_picked":["Brutality","Demon Form"],"picked":"Offering+1","floor":33},{"not_picked":["Iron Wave+1","Anger+1","Bloodletting+1"],"picked":"SKIP","floor":35},{"not_picked":["Perfected Strike+1","Anger","Hemokinesis"],"picked":"SKIP","floor":37},{"not_picked":["Anger+1","Demon Form","Inflame+1"],"picked":"SKIP","floor":38},{"not_picked":["Clothesline","Flex+1","Sword Boomerang+1"],"picked":"SKIP","floor":39},{"not_picked":["Clothesline+1","Headbutt"],"picked":"Shockwave+1","floor":41},{"not_picked":["Warcry+1","Cleave"],"picked":"Shrug It Off+1","floor":45},{"not_picked":["Rupture+1","Flex+1","Shockwave+1"],"picked":"SKIP","floor":47},{"not_picked":["Whirlwind","Anger"],"picked":"Flame Barrier+1","floor":48},{"not_picked":["Feed","Fire Breathing+1","Clash"],"picked":"SKIP","floor":54}],"player_experience":808701,"relics_obtained":[{"floor":9,"key":"Anchor"},{"floor":24,"key":"Regal Pillow"},{"floor":27,"key":"Orichalcum"},{"floor":30,"key":"Ginger"},{"floor":30,"key":"Mummified Hand"},{"floor":31,"key":"Red Mask"},{"floor":41,"key":"Sundial"},{"floor":47,"key":"Unceasing Top"},{"floor":54,"key":"Vajra"}],"event_choices":[{"cards_removed":["Strike_R"],"damage_healed":0,"gold_gain":0,"player_choice":"Card Removal","damage_taken":0,"max_hp_gain":0,"max_hp_loss":0,"event_name":"The Cleric","floor":2,"gold_loss":50},{"damage_healed":0,"gold_gain":275,"player_choice":"Desecrate","damage_taken":0,"max_hp_gain":0,"max_hp_loss":0,"event_name":"Golden Shrine","floor":3,"gold_loss":0,"cards_obtained":["Regret"]},{"damage_healed":0,"gold_gain":0,"player_choice":"Fight","damage_taken":0,"max_hp_gain":0,"max_hp_loss":0,"event_name":"Colosseum","floor":30,"gold_loss":0},{"damage_healed":0,"gold_gain":0,"player_choice":"Fought Nobs","damage_taken":0,"max_hp_gain":0,"max_hp_loss":0,"event_name":"Colosseum","floor":30,"gold_loss":0},{"damage_healed":0,"gold_gain":0,"player_choice":"Fought Bandits","damage_taken":0,"max_hp_gain":0,"max_hp_loss":0,"event_name":"Masked Bandits","floor":31,"gold_loss":0},{"cards_removed":["Defend_R"],"damage_healed":0,"gold_gain":0,"player_choice":"Removed Skill","damage_taken":0,"max_hp_gain":0,"max_hp_loss":0,"event_name":"Falling","floor":42,"gold_loss":0}],"is_beta":false,"boss_relics":[{"not_picked":["Eternal Feather","Lizard Tail"],"picked":"Cursed Key"},{"not_picked":["Runic Cube","Runic Pyramid"],"picked":"Empty Cage"}],"items_purged_floors":[4,21,36,53],"is_endless":false,"potions_floor_spawned":[5,7,11,13,22,24,27,31,38,39,47,48],"ascension_level":1}