{"gold_per_floor":[11,11,11,36,50,88,58,78,101,101,164,164],"floor_reached":12,"playtime":961,"items_purged":[],"score":88,"play_id":"64eec973-f114-4034-aa53-08ebff03d416","local_time":"20181119171156","is_ascension_mode":false,"campfire_choices":[],"neow_cost":"NO_GOLD","seed_source_timestamp":115637018089421,"circlet_count":0,"master_deck":["Strike_B","Strike_B","Strike_B","Defend_B","Defend_B","Defend_B","Defend_B","Zap","Dualcast","Dark Shackles","Dramatic Entrance","Blizzard","Melter","Cold Snap","Storm"],"special_seed":0,"relics":["Cracked Core","Golden Idol","Anchor","DataDisk","Tiny Chest","Regal Pillow"],"potions_floor_usage":[],"damage_taken":[{"damage":4.0,"enemies":"2 Louse","floor":1.0,"turns":2.0},{"damage":3.0,"enemies":"Small Slimes","floor":4.0,"turns":3.0},{"damage":0.0,"enemies":"Cultist","floor":5.0,"turns":2.0},{"damage":14.0,"enemies":"Gremlin Nob","floor":6.0,"turns":4.0},{"damage":0.0,"enemies":"Blue Slaver","floor":8.0,"turns":3.0},{"damage":13.0,"enemies":"3 Sentries","floor":11.0,"turns":6.0},{"damage":16,"enemies":"3 Sentries","floor":12,"turns":5}],"seed_played":"-1179899400146800594","potions_obtained":[{"floor":1.0,"key":"Fire Potion"},{"floor":6.0,"key":"Energy Potion"},{"floor":7.0,"key":"Strength Potion"},{"floor":7.0,"key":"FocusPotion"}],"is_trial":false,"path_per_floor":["M","?","?","M","M","E","?","M","T","?","E","E","?"],"character_chosen":"DEFECT","items_purchased":[],"campfire_rested":0,"item_purchase_floors":[],"current_hp_per_floor":[71,71,53,50,50,36,36,36,36,29,16,0],"gold":164,"neow_bonus":"RANDOM_COLORLESS_2","is_prod":false,"is_daily":false,"chose_seed":false,"campfire_upgraded":0,"win_rate":0,"timestamp":1542676316,"path_taken":["M","?","?","M","M","E","?","?","T","?","E","?"],"build_version":"2018-11-15","purchased_purges":0,"victory":false,"max_hp_per_floor":[75,75,75,75,75,75,75,75,75,75,75,75],"card_choices":[{"not_picked":["Beam Cell","Gash"],"picked":"Blizzard","floor":1.0},{"not_picked":["Beam Cell","Blizzard"],"picked":"Melter","floor":4.0},{"not_picked":["Turbo","Capacitor"],"picked":"Cold Snap","floor":5.0},{"not_picked":["Darkness","Force Field","Skim"],"picked":"SKIP","floor":6.0},{"not_picked":["Consume","Rebound"],"picked":"Storm","floor":8.0},{"not_picked":["Gash","Compile Driver","Leap"],"picked":"SKIP","floor":11}],"player_experience":865207,"relics_obtained":[{"floor":6.0,"key":"Anchor"},{"floor":9.0,"key":"DataDisk"},{"floor":11,"key":"Tiny Chest"}],"event_choices":[{"damage_healed":0.0,"max_hp_gain":0.0,"max_hp_loss":0.0,"gold_gain":0.0,"event_name":"The Cleric","player_choice":"Leave","floor":2.0,"gold_loss":0.0,"damage_taken":0.0},{"damage_healed":0.0,"max_hp_gain":0.0,"max_hp_loss":0.0,"gold_gain":0.0,"event_name":"Golden Idol","player_choice":"Take Damage","floor":3.0,"gold_loss":0.0,"damage_taken":18.0,"relics_obtained":["Golden Idol"]},{"damage_healed":0.0,"max_hp_gain":0.0,"max_hp_loss":0.0,"gold_gain":0.0,"event_name":"The Woman in Blue","player_choice":"Bought 2 Potions","floor":7.0,"gold_loss":0.0,"damage_taken":0.0},{"cards_removed":["Strike_B"],"damage_healed":0.0,"max_hp_gain":0.0,"max_hp_loss":0.0,"gold_gain":0.0,"event_name":"Golden Wing","player_choice":"Card Removal","floor":10.0,"gold_loss":0.0,"damage_taken":7.0},{"damage_healed":0,"gold_gain":0,"player_choice":"Searched \u00272\u0027 times","damage_taken":0,"relics_obtained":["Regal Pillow"],"max_hp_gain":0,"max_hp_loss":0,"event_name":"Dead Adventurer","floor":12,"gold_loss":0}],"is_beta":false,"boss_relics":[],"items_purged_floors":[],"is_endless":false,"potions_floor_spawned":[1,6,8],"killed_by":"3 Sentries","ascension_level":0}