{"path_per_floor":["M","M","$","?","M","E","R","M","T","?","R","M","E","?","R"],"character_chosen":"IRONCLAD","items_purchased":[],"gold_per_floor":[113,132,132,82,100,164,164,181,208,283,283,302,329,329,329,329],"floor_reached":16,"campfire_rested":2,"playtime":755,"item_purchase_floors":[],"current_hp_per_floor":[80,80,80,80,80,38,38,38,38,27,51,50,36,20,44,0],"items_purged":[],"gold":329,"score":110,"play_id":"8eed4d91-265a-4612-b2dc-4988ccc1beb1","local_time":"20180616184216","is_prod":false,"is_daily":false,"chose_seed":false,"is_ascension_mode":false,"campfire_upgraded":1,"win_rate":0,"timestamp":1529199736,"campfire_choices":[{"data":"Searing Blow","floor":7,"key":"SMITH"},{"floor":11,"key":"REST"},{"floor":15,"key":"REST"}],"path_taken":["M","M","$","?","?","E","R","M","T","?","R","M","E","?","R","BOSS"],"build_version":"2018-06-14v2","seed_source_timestamp":121609112452201,"purchased_purges":0,"victory":false,"master_deck":["Strike_R","Strike_R+1","Strike_R","Strike_R","Defend_R","Defend_R","Defend_R","Defend_R","Bash","Dropkick","Searing Blow+1","Searing Blow+1","Shockwave","Flex","Whirlwind"],"max_hp_per_floor":[80,80,80,80,80,80,80,80,80,80,80,80,80,80,80,80],"relics":["Burning Blood","Tiny Chest","Bronze Scales","Potion Belt"],"card_choices":[{"not_picked":["Warcry","Power Through"],"picked":"Dropkick","floor":1},{"not_picked":["Spot Weakness","Havoc"],"picked":"Searing Blow","floor":2},{"not_picked":["Flex","Clothesline"],"picked":"Searing Blow","floor":5},{"not_picked":["Dark Embrace","Warcry"],"picked":"Shockwave","floor":6},{"not_picked":["Heavy Blade","Second Wind","Warcry"],"picked":"SKIP","floor":8},{"not_picked":["Perfected Strike","Shockwave"],"picked":"Flex","floor":12},{"not_picked":["Flex","Twin Strike"],"picked":"Whirlwind","floor":13}],"player_experience":166810,"potions_floor_usage":[8,13,16],"damage_taken":[{"damage":0,"enemies":"Small Slimes","floor":1,"turns":5},{"damage":1,"enemies":"Cultist","floor":2,"turns":3},{"damage":3,"enemies":"Jaw Worm","floor":5,"turns":3},{"damage":48,"enemies":"Gremlin Nob","floor":6,"turns":5},{"damage":6,"enemies":"2 Fungi Beasts","floor":8,"turns":4},{"damage":7,"enemies":"Blue Slaver","floor":12,"turns":3},{"damage":20,"enemies":"3 Sentries","floor":13,"turns":6},{"damage":52,"enemies":"Slime Boss","floor":16,"turns":10}],"relics_obtained":[{"floor":6,"key":"Tiny Chest"},{"floor":9,"key":"Bronze Scales"},{"floor":13,"key":"Potion Belt"}],"event_choices":[{"event_name":"The Cleric","player_choice":"Card Removal","floor":4,"damage_taken":0},{"event_name":"World of Goop","player_choice":"Gather Gold","floor":10,"damage_taken":0},{"event_name":"Shining Light","player_choice":"Entered Light","floor":14,"damage_taken":0}],"boss_relics":[],"items_purged_floors":[],"is_endless":true,"potions_floor_spawned":[1,6,8],"seed_played":"-5123045630330755538","killed_by":"Slime Boss","ascension_level":0,"potions_obtained":[{"floor":1,"key":"SneckoOil"},{"floor":6,"key":"Ancient Potion"},{"floor":8,"key":"Swift Potion"}],"is_trial":false}