{"path_per_floor":["M","?","M","M","?","R","M","M","T","R","$","?","M","M","R"],"character_chosen":"DEFECT","items_purchased":[],"gold_per_floor":[110,110,129,146,146,146,156,172,221,221,146,146,163,179,179,179],"floor_reached":16,"campfire_rested":3,"playtime":1403,"item_purchase_floors":[],"current_hp_per_floor":[68,68,68,54,47,69,52,32,32,54,54,60,44,17,41,0],"items_purged":["Strike_B"],"gold":179,"score":108,"play_id":"84b9e35c-96eb-4726-8186-fb4fd89dde17","local_time":"20180610193550","is_prod":false,"is_daily":false,"chose_seed":false,"is_ascension_mode":true,"campfire_upgraded":0,"win_rate":0,"timestamp":1528673750,"campfire_choices":[{"floor":6,"key":"REST"},{"floor":10,"key":"REST"},{"floor":15,"key":"REST"}],"path_taken":["M","?","?","M","?","R","M","M","T","R","?","?","M","M","R","BOSS"],"build_version":"2018-06-07v3","seed_source_timestamp":419903083959077,"purchased_purges":1,"victory":false,"master_deck":["Strike_B","Strike_B","Defend_B","Defend_B","Defend_B","Defend_B","Zap","Dualcast","Coolheaded","Multi-Cast","Zap","Rebound","White Noise","Heatsinks","Regret"],"max_hp_per_floor":[75,75,75,75,75,75,75,75,75,75,75,81,81,81,81,81],"relics":["Cracked Core","Art of War","Darkstone Periapt"],"card_choices":[{"not_picked":["Barrage","Redo"],"picked":"Coolheaded","floor":1},{"not_picked":["Hyperbeam","Darkness"],"picked":"Rebound","floor":3},{"not_picked":["Steam","Redo","Sweeping Beam"],"picked":"SKIP","floor":4},{"not_picked":["Conserve Battery","Sunder"],"picked":"White Noise","floor":7},{"not_picked":["Rip and Tear","Reprogram"],"picked":"Heatsinks","floor":8},{"not_picked":["Darkness","Steam","Rebound"],"picked":"SKIP","floor":13},{"not_picked":["Leap","Coolheaded","Scrape"],"picked":"SKIP","floor":14}],"player_experience":516713,"potions_floor_usage":[16,16],"damage_taken":[{"damage":7,"enemies":"Jaw Worm","floor":1,"turns":3},{"damage":0,"enemies":"Cultist","floor":3,"turns":3},{"damage":14,"enemies":"2 Louse","floor":4,"turns":2},{"damage":17,"enemies":"Exordium Wildlife","floor":7,"turns":4},{"damage":20,"enemies":"Looter","floor":8,"turns":3},{"damage":16,"enemies":"Red Slaver","floor":13,"turns":3},{"damage":27,"enemies":"Large Slime","floor":14,"turns":5},{"damage":48,"enemies":"The Guardian","floor":16,"turns":16}],"relics_obtained":[{"floor":9,"key":"Art of War"}],"event_choices":[{"event_name":"Match and Keep!","player_choice":"2 cards matched","floor":2,"damage_taken":0},{"event_name":"Golden Wing","player_choice":"Card Removal","floor":5,"damage_taken":0},{"event_name":"Big Fish","player_choice":"Box","floor":12,"damage_taken":0}],"boss_relics":[],"items_purged_floors":[11],"potions_floor_spawned":[7,8,13],"seed_played":"-5516212689274586692","killed_by":"The Guardian","ascension_level":3,"potions_obtained":[{"floor":7,"key":"SkillPotion"},{"floor":8,"key":"Swift Potion"},{"floor":13,"key":"Dexterity Potion"}],"is_trial":false}