{"gold_per_floor":[219,71,71,83,258,258,286,286,286,286,303,318,375,129,129,229,229,244,119,138,237,256,256,290,290,290,308,308,337,337,355,355,456,456,470,470,490,306,318,318,345,345,397,160,160,178,178,178,178,178],"floor_reached":51,"playtime":2579,"items_purged":["Strike_R","Doubt","Clash+1","Strike_R"],"score":1214,"play_id":"fc5c8940-c364-4481-afb7-787f090fd23b","local_time":"20190403031027","is_ascension_mode":true,"campfire_choices":[{"data":"Bash","floor":6,"key":"SMITH"},{"data":"Immolate","floor":10,"key":"SMITH"},{"data":"Clothesline","floor":15,"key":"SMITH"},{"floor":23,"key":"DIG"},{"floor":28,"key":"REST"},{"floor":30,"key":"REST"},{"floor":32,"key":"DIG"},{"floor":40,"key":"DIG"},{"floor":42,"key":"DIG"},{"floor":47,"key":"DIG"},{"floor":49,"key":"REST"}],"neow_cost":"NONE","seed_source_timestamp":125244460580724,"circlet_count":0,"master_deck":["AscendersBane","Defend_R","Defend_R","Defend_R","Defend_R","Bash+1","Iron Wave","Clothesline+1","Anger","Headbutt","Immolate+1","Flame Barrier+1","Shrug It Off","Spot Weakness","J.A.X.","Shrug It Off","Shrug It Off+1","Offering","Rupture+1","Shrug It Off","Corruption","Seeing Red","Hemokinesis","Whirlwind+1","Headbutt+1","J.A.X.","Hemokinesis+1"],"relics":["Burning Blood","Shovel","Letter Opener","Tiny Chest","Happy Flower","Astrolabe","Lantern","Ancient Tea Set","Regal Pillow","Dead Branch","Art of War","Orrery","Bottled Lightning","Boot","Molten Egg 2","Bag of Marbles","Centennial Puzzle","Vajra"],"potions_floor_usage":[4,16,29,33,33,39,50],"damage_taken":[{"damage":1,"enemies":"Cultist","floor":1,"turns":4},{"damage":7,"enemies":"Small Slimes","floor":4,"turns":4},{"damage":45,"enemies":"3 Sentries","floor":7,"turns":12},{"damage":6,"enemies":"2 Louse","floor":11,"turns":2},{"damage":10,"enemies":"2 Fungi Beasts","floor":12,"turns":3},{"damage":12,"enemies":"Gremlin Nob","floor":13,"turns":3},{"damage":42,"enemies":"The Guardian","floor":16,"turns":9},{"damage":18,"enemies":"2 Thieves","floor":18,"turns":3},{"damage":7,"enemies":"Chosen","floor":20,"turns":4},{"damage":8,"enemies":"Snake Plant","floor":22,"turns":4},{"damage":34,"enemies":"Slavers","floor":24,"turns":5},{"damage":19,"enemies":"Centurion and Healer","floor":27,"turns":6},{"damage":49,"enemies":"Book of Stabbing","floor":29,"turns":6},{"damage":3,"enemies":"Snecko","floor":31,"turns":3},{"damage":55,"enemies":"Champ","floor":33,"turns":18},{"damage":8,"enemies":"Orb Walker","floor":35,"turns":3},{"damage":9,"enemies":"3 Shapes","floor":37,"turns":3},{"damage":12,"enemies":"Transient","floor":39,"turns":5},{"damage":17,"enemies":"Nemesis","floor":41,"turns":6},{"damage":9,"enemies":"Jaw Worm Horde","floor":46,"turns":1},{"damage":75,"enemies":"Awakened One","floor":50,"turns":9}],"seed_played":"-7471625288414815999","potions_obtained":[{"floor":4,"key":"Fruit Juice"},{"floor":13,"key":"BloodPotion"},{"floor":16,"key":"LiquidBronze"},{"floor":22,"key":"SpeedPotion"},{"floor":27,"key":"BloodPotion"},{"floor":31,"key":"SpeedPotion"},{"floor":33,"key":"Block Potion"},{"floor":35,"key":"Fire Potion"},{"floor":39,"key":"LiquidBronze"}],"is_trial":false,"path_per_floor":["M","$","?","M","?","R","E","?","T","R","M","M","E","$","R","B",null,"M","$","M","?","M","R","E","?","T","M","R","E","R","M","R","B",null,"M","?","M","$","M","R","E","R","T","$","?","M","R","?","R","B",null],"character_chosen":"IRONCLAD","items_purchased":["Clothesline","Anger","Happy Flower","Corruption","Whirlwind+1","Centennial Puzzle","Headbutt+1"],"campfire_rested":3,"item_purchase_floors":[2,2,14,38,44,44,44],"current_hp_per_floor":[77,77,82,86,86,86,47,47,47,47,47,43,37,37,37,10,70,58,58,57,57,55,55,27,27,27,14,56,22,64,67,67,18,72,70,70,67,67,61,61,50,50,50,50,50,47,47,47,89,20],"gold":178,"neow_bonus":"HUNDRED_GOLD","is_prod":false,"is_daily":false,"chose_seed":false,"campfire_upgraded":3,"win_rate":0,"timestamp":1554271827,"path_taken":["M","$","?","M","?","R","E","?","T","R","M","M","E","$","R","BOSS","M","$","M","?","M","R","E","?","T","M","R","E","R","M","R","BOSS","M","?","M","$","M","R","E","R","T","$","?","?","R","?","R","BOSS"],"build_version":"2019-01-23","purchased_purges":4,"victory":true,"max_hp_per_floor":[80,80,85,90,90,90,90,90,90,90,90,90,90,90,90,90,90,90,90,90,90,90,90,90,90,90,90,90,90,90,90,90,90,90,90,90,90,90,90,90,90,90,90,90,90,90,90,90,90,90],"card_choices":[{"not_picked":["Rupture","Havoc"],"picked":"Iron Wave","floor":1},{"not_picked":["Armaments","Body Slam"],"picked":"Headbutt","floor":4},{"not_picked":["Heavy Blade","Shockwave"],"picked":"Immolate","floor":7},{"not_picked":["Clothesline","Pummel","Body Slam"],"picked":"SKIP","floor":11},{"not_picked":["Armaments","Seeing Red","Heavy Blade"],"picked":"SKIP","floor":12},{"not_picked":["Sever Soul","Evolve","Carnage"],"picked":"SKIP","floor":13},{"not_picked":["Rupture","Armaments","Body Slam"],"picked":"SKIP","floor":18},{"not_picked":["Warcry","Sword Boomerang"],"picked":"Shrug It Off","floor":20},{"not_picked":["Anger","Twin Strike","Juggernaut"],"picked":"SKIP","floor":22},{"not_picked":["Flex","Body Slam"],"picked":"Spot Weakness","floor":24},{"not_picked":["Cleave+1","Bloodletting","Warcry"],"picked":"SKIP","floor":27},{"not_picked":["Shockwave","Thunderclap"],"picked":"Shrug It Off","floor":29},{"not_picked":["Uppercut","Second Wind","Armaments"],"picked":"SKIP","floor":31},{"not_picked":["Dual Wield","Fire Breathing"],"picked":"Shrug It Off+1","floor":34},{"not_picked":["Second Wind","Flex+1"],"picked":"Offering","floor":34},{"not_picked":["Body Slam","Carnage"],"picked":"Rupture+1","floor":35},{"not_picked":["Anger+1","Clothesline"],"picked":"Shrug It Off","floor":37},{"not_picked":["Inflame","Clash"],"picked":"Seeing Red","floor":39},{"not_picked":["Limit Break","Clash"],"picked":"Hemokinesis","floor":41},{"not_picked":["Perfected Strike+1","Heavy Blade+1"],"picked":"Hemokinesis+1","floor":46}],"player_experience":480635,"relics_obtained":[{"floor":7,"key":"Shovel"},{"floor":9,"key":"Letter Opener"},{"floor":13,"key":"Tiny Chest"},{"floor":23,"key":"Lantern"},{"floor":24,"key":"Ancient Tea Set"},{"floor":26,"key":"Regal Pillow"},{"floor":29,"key":"Dead Branch"},{"floor":32,"key":"Art of War"},{"floor":40,"key":"Bottled Lightning"},{"floor":41,"key":"Boot"},{"floor":42,"key":"Molten Egg 2"},{"floor":43,"key":"Bag of Marbles"},{"floor":47,"key":"Vajra"}],"event_choices":[{"damage_healed":0,"gold_gain":0,"player_choice":"Donut","damage_taken":0,"max_hp_gain":5,"max_hp_loss":0,"event_name":"Big Fish","floor":3,"gold_loss":0},{"damage_healed":0,"gold_gain":175,"player_choice":"AGREE","damage_taken":0,"max_hp_gain":0,"max_hp_loss":0,"event_name":"Liars Game","floor":5,"gold_loss":0,"cards_obtained":["Doubt"]},{"damage_healed":0,"gold_gain":0,"player_choice":"Ignored","damage_taken":0,"max_hp_gain":0,"max_hp_loss":0,"event_name":"Shining Light","floor":8,"gold_loss":0},{"damage_healed":0,"gold_gain":99,"player_choice":"Stole From Cult","damage_taken":0,"max_hp_gain":0,"max_hp_loss":0,"event_name":"Nest","floor":21,"gold_loss":0},{"damage_healed":0,"gold_gain":0,"player_choice":"Obtain J.A.X.","damage_taken":0,"max_hp_gain":0,"max_hp_loss":0,"event_name":"Drug Dealer","floor":25,"gold_loss":0,"cards_obtained":["J.A.X."]},{"damage_healed":0,"gold_gain":0,"player_choice":"Ignored","damage_taken":0,"max_hp_gain":0,"max_hp_loss":0,"event_name":"Tomb of Lord Red Mask","floor":36,"gold_loss":0},{"damage_healed":0,"gold_gain":0,"player_choice":"Copied","damage_taken":0,"max_hp_gain":0,"max_hp_loss":0,"event_name":"Duplicator","floor":45,"gold_loss":0,"cards_obtained":["J.A.X."]},{"cards_removed":["Cleave"],"damage_healed":0,"gold_gain":0,"player_choice":"Purged","damage_taken":0,"max_hp_gain":0,"max_hp_loss":0,"event_name":"Purifier","floor":48,"gold_loss":0}],"is_beta":false,"boss_relics":[{"not_picked":["Runic Cube","Calling Bell"],"picked":"Astrolabe"},{"not_picked":["Runic Dome","Runic Pyramid"],"picked":"Orrery"}],"items_purged_floors":[2,14,19,38],"is_endless":false,"potions_floor_spawned":[4,13,16,22,27,31,33,35,39],"ascension_level":12}