{"gold_per_floor":[116,132,147,147,161,196,214,214,214,230,263,263,278,303,303,400,400,410,410,132,132,160,160,195,195,195,195,195,212,212,237,237,339,339,349,173,183,183,195,230,247,247,247,276,292,292,39,59,59,59,59,59,8,8],"floor_reached":54,"playtime":4012,"items_purged":["Strike_B","Defend_B"],"score":880,"play_id":"c8d36e3a-243b-4ca2-a2ed-ba7f670ee1cc","local_time":"20190324191912","is_ascension_mode":false,"campfire_choices":[{"floor":8,"key":"REST"},{"data":"Loop","floor":15,"key":"SMITH"},{"data":"Consume","floor":23,"key":"SMITH"},{"data":"Echo Form","floor":25,"key":"SMITH"},{"data":"Loop","floor":27,"key":"SMITH"},{"data":"Zap","floor":32,"key":"SMITH"},{"floor":42,"key":"RECALL"},{"data":"Defragment","floor":49,"key":"SMITH"},{"data":"Hologram","floor":52,"key":"SMITH"}],"neow_cost":"NONE","seed_source_timestamp":584020592875700,"circlet_count":0,"master_deck":["Defend_B","Defend_B","Zap+1","Dualcast","Cold Snap","Self Repair","Leap","Glacier","Loop+1","Loop+1","Rip and Tear","Electrodynamics","Sunder","Self Repair","Echo Form+1","Lockon+1","RitualDagger","Aggregate","Consume+1","Steam","Bite","Bite","Bite","Bite","Bite","Genetic Algorithm","Undo","Seek","Defragment+1","Loop","Steam+1","Panacea","Hologram+1","Seek","Leap+1","Loop+1","Magnetism+1"],"relics":["Cracked Core","FossilizedHelix","Happy Flower","Bottled Lightning","Lantern","Inserter","OrangePellets","Red Mask","Symbiotic Virus","Singing Bowl","Mummified Hand","Omamori","Nuclear Battery","Orichalcum","Frozen Egg 2","Blood Vial"],"potions_floor_usage":[6,11,14,16,18,41,50],"damage_taken":[{"damage":6,"enemies":"Jaw Worm","floor":1,"turns":3},{"damage":0,"enemies":"Small Slimes","floor":2,"turns":2},{"damage":1,"enemies":"Cultist","floor":3,"turns":3},{"damage":0,"enemies":"2 Fungi Beasts","floor":5,"turns":5},{"damage":7,"enemies":"Lagavulin","floor":6,"turns":8},{"damage":0,"enemies":"Looter","floor":7,"turns":5},{"damage":1,"enemies":"Exordium Thugs","floor":10,"turns":5},{"damage":0,"enemies":"3 Sentries","floor":11,"turns":13},{"damage":0,"enemies":"2 Fungi Beasts","floor":13,"turns":2},{"damage":6,"enemies":"Gremlin Nob","floor":14,"turns":5},{"damage":17,"enemies":"The Guardian","floor":16,"turns":11},{"damage":0,"enemies":"3 Byrds","floor":18,"turns":5},{"damage":45,"enemies":"Masked Bandits","floor":22,"turns":5},{"damage":18,"enemies":"Gremlin Leader","floor":24,"turns":8},{"damage":10,"enemies":"Spheric Guardian","floor":29,"turns":5},{"damage":21,"enemies":"Slavers","floor":31,"turns":5},{"damage":12,"enemies":"Champ","floor":33,"turns":8},{"damage":3,"enemies":"3 Shapes","floor":35,"turns":8},{"damage":11,"enemies":"Orb Walker","floor":37,"turns":5},{"damage":14,"enemies":"Jaw Worm Horde","floor":39,"turns":6},{"damage":18,"enemies":"Nemesis","floor":40,"turns":5},{"damage":0,"enemies":"Writhing Mass","floor":41,"turns":9},{"damage":0,"enemies":"Reptomancer","floor":44,"turns":8},{"damage":0,"enemies":"Spire Growth","floor":45,"turns":7},{"damage":0,"enemies":"Jaw Worm Horde","floor":48,"turns":9},{"damage":49,"enemies":"Awakened One","floor":50,"turns":18},{"damage":81,"enemies":"Shield and Spear","floor":54,"turns":6}],"seed_played":"-4220272359846060548","potions_obtained":[{"floor":2,"key":"Weak Potion"},{"floor":5,"key":"Strength Potion"},{"floor":7,"key":"Strength Potion"},{"floor":11,"key":"SkillPotion"},{"floor":14,"key":"Energy Potion"},{"floor":16,"key":"Ancient Potion"},{"floor":22,"key":"Dexterity Potion"},{"floor":24,"key":"SteroidPotion"},{"floor":29,"key":"LiquidBronze"},{"floor":40,"key":"SteroidPotion"},{"floor":41,"key":"AttackPotion"},{"floor":48,"key":"Energy Potion"}],"is_trial":false,"path_per_floor":["M","M","M","?","M","E","M","R","T","M","E","?","M","E","R","B",null,"M","?","$","?","?","R","E","R","T","R","?","M","?","E","R","B",null,"M","$","M","?","M","E","M","R","T","E","M","?","$","M","R","B",null,"R","$","E"],"character_chosen":"DEFECT","items_purchased":["OrangePellets","Loop","Loop+1","Magnetism+1","Dexterity Potion"],"campfire_rested":1,"item_purchase_floors":[20,36,47,47,53],"current_hp_per_floor":[76,76,82,40,47,47,54,78,78,82,82,66,66,67,67,64,82,82,76,76,76,52,52,48,48,48,48,48,57,57,57,57,57,57,57,57,57,51,61,61,63,63,63,63,65,65,65,67,67,58,67,67,67,0],"gold":8,"neow_bonus":"TEN_PERCENT_HP_BONUS","is_prod":false,"is_daily":false,"chose_seed":false,"campfire_upgraded":7,"win_rate":0,"timestamp":1553480352,"path_taken":["M","M","M","?","M","E","M","R","T","M","E","?","M","E","R","BOSS","M","?","$","?","?","R","E","R","T","R","?","?","?","E","R","BOSS","M","$","?","?","M","E","M","R","T","E","M","?","$","?","R","BOSS","R","$","E"],"build_version":"2019-03-15","purchased_purges":2,"victory":false,"max_hp_per_floor":[82,82,82,82,82,82,82,82,82,82,82,82,82,82,82,82,82,82,82,82,82,82,82,82,82,82,82,57,57,57,57,57,57,57,57,57,57,61,61,61,63,63,63,63,65,65,65,67,67,67,67,67,67,67],"card_choices":[{"not_picked":["Reinforced Body","Coolheaded"],"picked":"Cold Snap","floor":1},{"not_picked":["Stack","Rebound"],"picked":"Self Repair","floor":2},{"not_picked":["Sweeping Beam","Gash"],"picked":"Leap","floor":3},{"not_picked":["Undo","Rebound"],"picked":"Glacier","floor":5},{"not_picked":["Rip and Tear","Storm"],"picked":"Loop","floor":6},{"not_picked":["Compile Driver","Rebound"],"picked":"Loop","floor":7},{"not_picked":["Hyperbeam","Sweeping Beam"],"picked":"Rip and Tear","floor":10},{"not_picked":["Gash","Redo"],"picked":"Electrodynamics","floor":11},{"not_picked":["Melter","Gash"],"picked":"Sunder","floor":13},{"not_picked":["Conserve Battery","Go for the Eyes"],"picked":"Self Repair","floor":14},{"not_picked":["Multi-Cast","All For One"],"picked":"Echo Form","floor":16},{"not_picked":["Rebound","Sweeping Beam"],"picked":"Lockon+1","floor":18},{"not_picked":["Redo","Barrage"],"picked":"Consume","floor":22},{"not_picked":["Aggregate","Scrape"],"picked":"Steam","floor":24},{"not_picked":["Chaos","Rebound"],"picked":"Genetic Algorithm","floor":29},{"not_picked":["Fission","Stack+1"],"picked":"Undo","floor":31},{"not_picked":["Thunder Strike","Multi-Cast"],"picked":"Seek","floor":33},{"not_picked":["Conserve Battery","Rip and Tear"],"picked":"Defragment","floor":35},{"not_picked":["Doom and Gloom","FTL+1"],"picked":"Steam+1","floor":37},{"not_picked":["Magnetism","Mind Blast","Good Instincts"],"picked":"Singing Bowl","floor":38},{"not_picked":["Panache","Blind"],"picked":"Panacea","floor":38},{"not_picked":["Metamorphosis","Swift Strike","Madness"],"picked":"Singing Bowl","floor":38},{"not_picked":["Rebound+1","Barrage"],"picked":"Hologram","floor":39},{"not_picked":["Sweeping Beam","Rip and Tear+1"],"picked":"Seek","floor":40},{"not_picked":["Ball Lightning+1","Go for the Eyes","Compile Driver"],"picked":"Singing Bowl","floor":41},{"not_picked":["Hologram","Multi-Cast"],"picked":"Leap+1","floor":44},{"not_picked":["Gash+1","Conserve Battery","Consume+1"],"picked":"Singing Bowl","floor":45},{"not_picked":["Compile Driver+1","Cold Snap","Blizzard"],"picked":"Singing Bowl","floor":48}],"player_experience":629574,"relics_obtained":[{"floor":6,"key":"Happy Flower"},{"floor":11,"key":"Bottled Lightning"},{"floor":14,"key":"Lantern"},{"floor":22,"key":"Red Mask"},{"floor":24,"key":"Symbiotic Virus"},{"floor":26,"key":"Singing Bowl"},{"floor":31,"key":"Omamori"},{"floor":40,"key":"Orichalcum"},{"floor":43,"key":"Frozen Egg 2"},{"floor":44,"key":"Blood Vial"}],"event_choices":[{"damage_healed":0,"gold_gain":0,"player_choice":"Success","damage_taken":42,"relics_obtained":["FossilizedHelix"],"max_hp_gain":0,"max_hp_loss":0,"event_name":"Scrap Ooze","floor":4,"gold_loss":0},{"damage_healed":0,"gold_gain":0,"player_choice":"Entered Light","damage_taken":16,"max_hp_gain":0,"max_hp_loss":0,"event_name":"Shining Light","floor":12,"gold_loss":0,"cards_upgraded":["Strike_B","Strike_B"]},{"damage_healed":0,"gold_gain":0,"player_choice":"Joined the Cult","damage_taken":6,"max_hp_gain":0,"max_hp_loss":0,"event_name":"Nest","floor":19,"gold_loss":0,"cards_obtained":["RitualDagger"]},{"damage_healed":0,"gold_gain":0,"player_choice":"Read","damage_taken":0,"max_hp_gain":0,"max_hp_loss":0,"event_name":"The Library","floor":21,"gold_loss":0,"cards_obtained":["Aggregate"]},{"damage_healed":0,"gold_gain":0,"player_choice":"Fought Bandits","damage_taken":0,"max_hp_gain":0,"max_hp_loss":0,"event_name":"Masked Bandits","floor":22,"gold_loss":0},{"damage_healed":0,"gold_gain":0,"player_choice":"Became a vampire","damage_taken":0,"max_hp_gain":0,"max_hp_loss":25,"event_name":"Vampires","floor":28,"gold_loss":0,"cards_obtained":["Bite","Bite","Bite","Bite","Bite"]},{"damage_healed":0,"gold_gain":0,"player_choice":"Gave Potion","damage_taken":0,"relics_obtained":["Mummified Hand"],"max_hp_gain":0,"max_hp_loss":0,"event_name":"WeMeetAgain","floor":30,"gold_loss":0},{"damage_healed":0,"gold_gain":0,"player_choice":"Memory 3","damage_taken":10,"max_hp_gain":0,"max_hp_loss":0,"event_name":"SensoryStone","floor":38,"gold_loss":0},{"cards_removed":["Defend_B"],"damage_healed":0,"gold_gain":0,"player_choice":"Purged","damage_taken":0,"max_hp_gain":0,"max_hp_loss":0,"event_name":"Purifier","floor":46,"gold_loss":0}],"is_beta":true,"boss_relics":[{"not_picked":["Lizard Tail","Astrolabe"],"picked":"Inserter"},{"not_picked":["Eternal Feather","Runic Dome"],"picked":"Nuclear Battery"}],"items_purged_floors":[20,36],"is_endless":false,"potions_floor_spawned":[2,5,7,11,14,16,22,24,29,40,41,44,48],"killed_by":"Shield and Spear","ascension_level":0}