{"gold_per_floor":[109,184,184,195,195,195,221,221,221,250,260,260,278,288,288,365,365,380,380,64,78,91,91,108,108,135,163,163,178,188,205,205,205],"floor_reached":33,"playtime":1186,"items_purged":[],"score":608,"play_id":"358e1a60-e6b7-437d-9244-423076bb43dd","local_time":"20181227170216","is_ascension_mode":true,"campfire_choices":[{"data":"Zap","floor":6,"key":"SMITH"},{"data":"Hyperbeam","floor":8,"key":"SMITH"},{"floor":15,"key":"REST"},{"floor":23,"key":"REST"},{"floor":28,"key":"REST"},{"floor":32,"key":"REST"}],"neow_cost":"NONE","seed_source_timestamp":518698041191025,"circlet_count":0,"master_deck":["AscendersBane","Strike_B","Strike_B","Strike_B","Defend_B","Defend_B","Defend_B","Defend_B","Zap+1","Dualcast","Coolheaded","Hyperbeam+1","Static Discharge","Go for the Eyes","Sunder","Zap","Sweeping Beam","BootSequence","Cold Snap","All For One","Darkness+1","Panacea","Glacier","Fusion+1"],"relics":["Cracked Core","NeowsBlessing","Pen Nib","Mercury Hourglass","Symbiotic Virus","Velvet Choker","Nilry\u0027s Codex","ClockworkSouvenir","Bag of Preparation","Art of War"],"potions_floor_usage":[13,16,16,21,27,27,29,33,33],"damage_taken":[{"damage":0,"enemies":"Small Slimes","floor":1,"turns":1},{"damage":0,"enemies":"Cultist","floor":4,"turns":1},{"damage":0,"enemies":"Gremlin Nob","floor":7,"turns":1},{"damage":15,"enemies":"3 Sentries","floor":10,"turns":3},{"damage":2,"enemies":"Jaw Worm","floor":11,"turns":2},{"damage":0,"enemies":"Exordium Thugs","floor":13,"turns":1},{"damage":0,"enemies":"Exordium Wildlife","floor":14,"turns":1},{"damage":22,"enemies":"Slime Boss","floor":16,"turns":4},{"damage":19,"enemies":"2 Thieves","floor":18,"turns":3},{"damage":1,"enemies":"3 Byrds","floor":21,"turns":2},{"damage":13,"enemies":"Centurion and Healer","floor":22,"turns":2},{"damage":17,"enemies":"Snake Plant","floor":24,"turns":3},{"damage":23,"enemies":"Book of Stabbing","floor":27,"turns":4},{"damage":0,"enemies":"Snecko","floor":29,"turns":3},{"damage":4,"enemies":"Centurion and Healer","floor":30,"turns":7},{"damage":7,"enemies":"Sentry and Sphere","floor":31,"turns":3},{"damage":36,"enemies":"Champ","floor":33,"turns":9}],"seed_played":"-3825050489217328168","potions_obtained":[{"floor":4,"key":"SkillPotion"},{"floor":10,"key":"SkillPotion"},{"floor":14,"key":"AttackPotion"},{"floor":16,"key":"LiquidBronze"},{"floor":18,"key":"GamblersBrew"},{"floor":22,"key":"SkillPotion"},{"floor":27,"key":"SkillPotion"},{"floor":30,"key":"GamblersBrew"},{"floor":31,"key":"Swift Potion"}],"is_trial":false,"path_per_floor":["M","?","?","M","?","R","E","R","T","E","M","?","M","M","R","B",null,"M","?","$","M","M","R","M","?","T","E","R","M","M","M","R","B"],"character_chosen":"DEFECT","items_purchased":["ClockworkSouvenir","Panacea"],"campfire_rested":4,"item_purchase_floors":[20,20],"current_hp_per_floor":[64,53,53,53,53,53,53,53,53,38,36,36,36,36,57,35,62,43,22,22,21,8,29,12,26,26,3,24,24,20,13,34,0],"gold":205,"neow_bonus":"THREE_ENEMY_KILL","is_prod":false,"is_daily":false,"chose_seed":false,"campfire_upgraded":2,"win_rate":0,"timestamp":1545926536,"path_taken":["M","?","?","M","?","R","E","R","T","E","?","?","M","M","R","BOSS","M","?","$","M","M","R","M","?","T","E","R","?","M","M","R","BOSS"],"build_version":"2018-12-20","purchased_purges":0,"victory":false,"max_hp_per_floor":[71,71,71,71,71,71,71,71,71,71,71,71,71,71,71,71,71,71,71,71,71,71,71,71,71,71,71,71,71,71,71,71,71],"card_choices":[{"not_picked":["Leap","Go for the Eyes"],"picked":"Coolheaded","floor":1},{"not_picked":["Beam Cell","Fusion"],"picked":"Hyperbeam","floor":4},{"not_picked":["Self Repair","Chaos"],"picked":"Static Discharge","floor":7},{"not_picked":["Stack","Steam"],"picked":"Go for the Eyes","floor":10},{"not_picked":["Coolheaded","Turbo"],"picked":"Sunder","floor":11},{"not_picked":["Reprogram","Rebound"],"picked":"BootSequence","floor":13},{"not_picked":["Sweeping Beam","Turbo"],"picked":"Cold Snap","floor":14},{"not_picked":["Fission","Hyperbeam"],"picked":"All For One","floor":16},{"not_picked":["Coolheaded","Go for the Eyes"],"picked":"Darkness+1","floor":18},{"not_picked":["White Noise","Barrage","Cold Snap"],"picked":"SKIP","floor":21},{"not_picked":["Hologram","Barrage","Turbo"],"picked":"SKIP","floor":22},{"not_picked":["BootSequence","Gash","Sweeping Beam"],"picked":"SKIP","floor":24},{"not_picked":["Turbo","Skim"],"picked":"Glacier","floor":27},{"not_picked":["Sweeping Beam","Gash","Coolheaded"],"picked":"SKIP","floor":29},{"not_picked":["Chaos","Melter","Hello World"],"picked":"SKIP","floor":30},{"not_picked":["Sunder","Hello World"],"picked":"Fusion+1","floor":31}],"player_experience":1050073,"relics_obtained":[{"floor":7,"key":"Pen Nib"},{"floor":9,"key":"Mercury Hourglass"},{"floor":10,"key":"Symbiotic Virus"},{"floor":19,"key":"Nilry\u0027s Codex"},{"floor":26,"key":"Bag of Preparation"},{"floor":27,"key":"Art of War"}],"event_choices":[{"damage_healed":0,"gold_gain":75,"player_choice":"Gather Gold","damage_taken":11,"max_hp_gain":0,"max_hp_loss":0,"event_name":"World of Goop","floor":2,"gold_loss":0},{"damage_healed":0,"gold_gain":0,"player_choice":"Ignored","damage_taken":0,"max_hp_gain":0,"max_hp_loss":0,"event_name":"Golden Wing","floor":3,"gold_loss":0},{"cards_removed":["Strike_B"],"damage_healed":0,"gold_gain":0,"player_choice":"Purged","damage_taken":0,"max_hp_gain":0,"max_hp_loss":0,"event_name":"Purifier","floor":5,"gold_loss":0},{"damage_healed":0,"gold_gain":0,"player_choice":"2 cards matched","damage_taken":0,"max_hp_gain":0,"max_hp_loss":0,"event_name":"Match and Keep!","floor":12,"gold_loss":0,"cards_obtained":["Zap","Sweeping Beam"]},{"damage_healed":0,"gold_gain":0,"player_choice":"Obtained Book","damage_taken":21,"max_hp_gain":0,"max_hp_loss":0,"event_name":"Cursed Tome","floor":19,"gold_loss":0},{"damage_healed":14,"gold_gain":0,"player_choice":"Heal","damage_taken":0,"max_hp_gain":0,"max_hp_loss":0,"event_name":"The Library","floor":25,"gold_loss":0}],"is_beta":false,"boss_relics":[{"not_picked":["FrozenCore","Tiny House"],"picked":"Velvet Choker"}],"items_purged_floors":[],"is_endless":false,"potions_floor_spawned":[4,10,14,16,18,22,27,30,31],"killed_by":"Champ","ascension_level":20}