{"gold_per_floor":[119,134,2,0,15,49,49,49,49,49,14,49,49,84,84,84],"floor_reached":16,"playtime":492,"items_purged":["Decay"],"score":226,"play_id":"208651eb-2e5d-4c56-812a-64a643073716","local_time":"20181213143937","is_ascension_mode":true,"campfire_choices":[{"data":"Rainbow","floor":7,"key":"SMITH"},{"floor":15,"key":"REST"}],"neow_cost":"CURSE","seed_source_timestamp":271880898940470,"circlet_count":0,"master_deck":["AscendersBane","Strike_B","Strike_B","Strike_B","Strike_B","Defend_B","Defend_B","Defend_B","Defend_B","Zap","Dualcast","Rainbow+1","Compile Driver","Parasite","Hologram","Leap"],"relics":["Cracked Core","Darkstone Periapt","Potion Belt","Anchor","Lantern"],"potions_floor_usage":[6,6,12],"damage_taken":[{"damage":12,"enemies":"Jaw Worm","floor":1,"turns":5},{"damage":1,"enemies":"2 Louse","floor":2,"turns":3},{"damage":8,"enemies":"Small Slimes","floor":5,"turns":4},{"damage":9,"enemies":"Gremlin Nob","floor":6,"turns":3},{"damage":33,"enemies":"3 Sentries","floor":12,"turns":8},{"damage":35,"enemies":"Gremlin Nob","floor":14,"turns":4},{"damage":31,"enemies":"Slime Boss","floor":16,"turns":3}],"seed_played":"7440509595967149308","potions_obtained":[{"floor":5,"key":"PowerPotion"},{"floor":6,"key":"FocusPotion"}],"is_trial":false,"path_per_floor":["M","M","$","?","M","E","R","?","T","?","?","E","?","E","R","B"],"character_chosen":"DEFECT","items_purchased":["Fire Potion"],"campfire_rested":1,"item_purchase_floors":[3],"current_hp_per_floor":[52,51,51,51,43,34,34,34,34,57,76,43,43,8,31,0],"gold":84,"neow_bonus":"THREE_RARE_CARDS","is_prod":false,"is_daily":false,"chose_seed":false,"campfire_upgraded":1,"win_rate":0,"timestamp":1544708377,"path_taken":["M","M","$","?","M","E","R","?","T","?","?","E","?","E","R","BOSS"],"build_version":"2018-12-06","purchased_purges":1,"victory":false,"max_hp_per_floor":[71,71,71,71,71,71,71,71,71,77,77,77,77,77,77,77],"card_choices":[{"not_picked":["Hyperbeam","Buffer"],"picked":"Rainbow","floor":0},{"not_picked":["Leap","Sweeping Beam"],"picked":"Compile Driver","floor":1},{"not_picked":["Reprogram","Steam","Compile Driver"],"picked":"SKIP","floor":2},{"not_picked":["Rebound","Reprogram","Redo"],"picked":"SKIP","floor":5},{"not_picked":["Rebound","Turbo","Meteor Strike"],"picked":"SKIP","floor":6},{"not_picked":["Redo","Amplify"],"picked":"Hologram","floor":12},{"not_picked":["Stack","Loop"],"picked":"Leap","floor":14}],"player_experience":949032,"relics_obtained":[{"floor":6,"key":"Darkstone Periapt"},{"floor":9,"key":"Potion Belt"},{"floor":12,"key":"Anchor"},{"floor":14,"key":"Lantern"}],"event_choices":[{"damage_healed":0,"gold_gain":0,"player_choice":"Left Gold","damage_taken":0,"max_hp_gain":0,"max_hp_loss":0,"event_name":"World of Goop","floor":4,"gold_loss":2},{"damage_healed":0,"gold_gain":0,"player_choice":"Ignored","damage_taken":0,"max_hp_gain":0,"max_hp_loss":0,"event_name":"Golden Idol","floor":8,"gold_loss":0},{"damage_healed":17,"gold_gain":0,"player_choice":"Healed and dodged fight","damage_taken":0,"max_hp_gain":0,"max_hp_loss":0,"event_name":"Mushrooms","floor":10,"gold_loss":0,"cards_obtained":["Parasite"]},{"damage_healed":19,"gold_gain":0,"player_choice":"Healed","damage_taken":0,"max_hp_gain":0,"max_hp_loss":0,"event_name":"The Cleric","floor":11,"gold_loss":35},{"damage_healed":0,"gold_gain":0,"player_choice":"Ignored","damage_taken":0,"max_hp_gain":0,"max_hp_loss":0,"event_name":"Shining Light","floor":13,"gold_loss":0}],"is_beta":false,"boss_relics":[],"items_purged_floors":[3],"is_endless":false,"potions_floor_spawned":[5,6],"killed_by":"Slime Boss","ascension_level":19}