{"gold_per_floor":[15,32,42,55,65,90,90,119,119,132,145,158,158],"floor_reached":13,"playtime":769,"items_purged":[],"score":151,"play_id":"66ab39eb-690a-4246-b0aa-e6ab7471781a","local_time":"20190409145525","is_ascension_mode":true,"campfire_choices":[{"floor":7,"key":"REST"}],"neow_cost":"NO_GOLD","seed_source_timestamp":46770155696893,"circlet_count":0,"master_deck":["Defend_G","Defend_G","Defend_G","Defend_G","Defend_G","Strike_G","Strike_G","Strike_G","Strike_G","Strike_G","Survivor","Neutralize","Dagger Spray","Sucker Punch","Skewer","Dodge and Roll","Bullet Time","Sucker Punch","Flying Knee"],"relics":["Ring of the Snake","Omamori","Blue Candle","Singing Bowl"],"potions_floor_usage":[4,6,12],"damage_taken":[{"damage":2,"enemies":"Cultist","floor":1,"turns":5},{"damage":3,"enemies":"Jaw Worm","floor":2,"turns":6},{"damage":0,"enemies":"2 Louse","floor":3,"turns":3},{"damage":3,"enemies":"Large Slime","floor":4,"turns":8},{"damage":8,"enemies":"3 Louse","floor":5,"turns":2},{"damage":48,"enemies":"Lagavulin","floor":6,"turns":9},{"damage":31,"enemies":"3 Sentries","floor":8,"turns":10},{"damage":2,"enemies":"2 Fungi Beasts","floor":10,"turns":3},{"damage":6,"enemies":"Blue Slaver","floor":11,"turns":4},{"damage":2,"enemies":"3 Louse","floor":12,"turns":3},{"damage":0,"enemies":"Lagavulin","floor":13,"turns":2}],"seed_played":"-396504126752789725","potions_obtained":[{"floor":2,"key":"AttackPotion"},{"floor":3,"key":"GhostInAJar"},{"floor":6,"key":"Energy Potion"}],"is_trial":false,"path_per_floor":["M","M","M","M","M","E","R","E","T","M","M","M","E"],"character_chosen":"THE_SILENT","items_purchased":[],"campfire_rested":1,"item_purchase_floors":[],"current_hp_per_floor":[82,79,79,76,68,20,45,14,14,12,8,8,8],"gold":158,"neow_bonus":"TWENTY_PERCENT_HP_BONUS","is_prod":false,"is_daily":false,"chose_seed":false,"campfire_upgraded":0,"win_rate":0,"timestamp":1554832525,"path_taken":["M","M","M","M","M","E","R","E","T","M","?","M","E"],"build_version":"2019-01-23","purchased_purges":0,"victory":false,"max_hp_per_floor":[84,84,84,84,84,84,84,84,84,84,86,88,88],"card_choices":[{"not_picked":["Bane","Deflect"],"picked":"Dagger Spray","floor":1},{"not_picked":["Deadly Poison","Dagger Throw"],"picked":"Sucker Punch","floor":2},{"not_picked":["Cloak And Dagger","Bane"],"picked":"Skewer","floor":3},{"not_picked":["Acrobatics","Prepared"],"picked":"Dodge and Roll","floor":4},{"not_picked":["Caltrops","Underhanded Strike"],"picked":"Bullet Time","floor":5},{"not_picked":["Distraction","Calculated Gamble","Masterful Stab"],"picked":"SKIP","floor":6},{"not_picked":["Dagger Throw","Choke"],"picked":"Sucker Punch","floor":8},{"not_picked":["Terror","Poisoned Stab"],"picked":"Flying Knee","floor":10},{"not_picked":["Reflex","Dagger Throw","Endless Agony"],"picked":"Singing Bowl","floor":11},{"not_picked":["Calculated Gamble","Outmaneuver","Bane"],"picked":"Singing Bowl","floor":12}],"player_experience":565985,"relics_obtained":[{"floor":6,"key":"Omamori"},{"floor":8,"key":"Blue Candle"},{"floor":9,"key":"Singing Bowl"}],"event_choices":[],"is_beta":false,"boss_relics":[],"items_purged_floors":[],"is_endless":false,"potions_floor_spawned":[2,3,6],"killed_by":"Lagavulin","ascension_level":5}