{"gold_per_floor":[117,117,117,130,143,143,143,143,143,168,188,12,47,8,8,80,80,93,93,113,130,55,55,80,80,80,96,96,96,109,141,141,141],"floor_reached":33,"playtime":1179,"items_purged":["Strike_B"],"score":586,"play_id":"0e08ea0e-90b4-4874-9e19-740dda0e80c8","local_time":"20190211135956","is_ascension_mode":true,"campfire_choices":[{"data":"Coolheaded","floor":6,"key":"SMITH"},{"data":"Reinforced Body","floor":8,"key":"SMITH"},{"floor":15,"key":"REST"},{"data":"Static Discharge","floor":23,"key":"SMITH"},{"floor":25,"key":"REST"},{"floor":28,"key":"REST"},{"floor":32,"key":"REST"}],"neow_cost":"NONE","seed_source_timestamp":1132147962165709,"circlet_count":0,"master_deck":["AscendersBane","Strike_B+1","Strike_B+1","Strike_B+1","Defend_B+1","Defend_B+1","Defend_B+1","Defend_B+1","Zap+1","Dualcast+1","Ball Lightning","Reinforced Body+1","Coolheaded+1","Capacitor","Self Repair","Chill","Static Discharge+1","Conserve Battery","FTL","Seek+1","Cold Snap","Static Discharge+1","Coolheaded+1","Conserve Battery+1","Go for the Eyes+1","Redo+1","White Noise+1"],"relics":["Cracked Core","Question Card","Blue Candle","Bottled Lightning","Ancient Tea Set","White Beast Statue","Potion Belt","Toxic Egg 2","Pear"],"potions_floor_usage":[10,16,16,21,24,24,31,33],"damage_taken":[{"damage":11,"enemies":"Small Slimes","floor":1,"turns":3},{"damage":2,"enemies":"Jaw Worm","floor":4,"turns":3},{"damage":0,"enemies":"Cultist","floor":5,"turns":2},{"damage":9,"enemies":"Gremlin Nob","floor":10,"turns":3},{"damage":10,"enemies":"Lots of Slimes","floor":11,"turns":4},{"damage":13,"enemies":"3 Sentries","floor":13,"turns":7},{"damage":31,"enemies":"Slime Boss","floor":16,"turns":10},{"damage":11,"enemies":"Spheric Guardian","floor":18,"turns":6},{"damage":12,"enemies":"3 Byrds","floor":20,"turns":1},{"damage":12,"enemies":"Sentry and Sphere","floor":21,"turns":6},{"damage":31,"enemies":"Slavers","floor":24,"turns":4},{"damage":26,"enemies":"Chosen and Byrds","floor":27,"turns":6},{"damage":14,"enemies":"Snake Plant","floor":30,"turns":4},{"damage":40,"enemies":"Gremlin Leader","floor":31,"turns":7},{"damage":51,"enemies":"Automaton","floor":33,"turns":10}],"seed_played":"8416201760975268274","potions_obtained":[{"floor":5,"key":"Fire Potion"},{"floor":11,"key":"Weak Potion"},{"floor":18,"key":"Block Potion"},{"floor":20,"key":"EssenceOfSteel"},{"floor":21,"key":"SneckoOil"},{"floor":24,"key":"FairyPotion"},{"floor":27,"key":"FocusPotion"},{"floor":30,"key":"SmokeBomb"},{"floor":31,"key":"FocusPotion"}],"is_trial":false,"path_per_floor":["M","?","?","M","M","R","T","R","T","E","M","$","E","$","R","B",null,"M","?","M","M","$","R","E","R","T","M","R","?","M","E","R","B"],"character_chosen":"DEFECT","items_purchased":["Chill","Static Discharge","Fire Potion","FTL"],"campfire_rested":4,"item_purchase_floors":[12,12,12,14],"current_hp_per_floor":[60,60,37,35,35,35,35,35,35,26,16,16,10,10,33,9,61,57,57,45,40,40,40,9,32,32,13,36,36,29,17,43,0],"gold":141,"neow_bonus":"TEN_PERCENT_HP_BONUS","is_prod":false,"is_daily":false,"chose_seed":false,"campfire_upgraded":3,"win_rate":0,"timestamp":1549889996,"path_taken":["M","?","?","M","M","R","?","R","T","E","M","?","E","$","R","BOSS","M","?","M","?","?","R","E","R","T","M","R","?","M","E","R","BOSS"],"build_version":"2019-01-23","purchased_purges":1,"victory":false,"max_hp_per_floor":[78,78,78,78,78,78,78,78,78,78,78,78,78,78,78,78,78,78,78,78,78,78,78,78,78,78,78,78,78,78,88,88,88],"card_choices":[{"not_picked":["Darkness","Stack"],"picked":"Ball Lightning","floor":1},{"not_picked":["Coolheaded","Hello World"],"picked":"Reinforced Body","floor":4},{"not_picked":["Storm","Redo"],"picked":"Coolheaded","floor":5},{"not_picked":["Cold Snap","Skim","Streamline"],"picked":"Capacitor","floor":10},{"not_picked":["Double Energy","Skim","Barrage"],"picked":"Self Repair","floor":11},{"not_picked":["Hello World","Steam","Hologram"],"picked":"Conserve Battery","floor":13},{"not_picked":["Multi-Cast","Machine Learning","Creative AI"],"picked":"Seek","floor":16},{"not_picked":["Force Field","Blizzard","Sunder"],"picked":"Cold Snap","floor":18},{"not_picked":["Redo","Streamline","Gash"],"picked":"Static Discharge+1","floor":20},{"not_picked":["Rebound","Turbo","Streamline"],"picked":"Coolheaded+1","floor":21},{"not_picked":["Redo","Gash","Coolheaded"],"picked":"Conserve Battery+1","floor":24},{"not_picked":["Creative AI","Genetic Algorithm+1","Compile Driver"],"picked":"Go for the Eyes+1","floor":27},{"not_picked":["Ball Lightning","Rebound","Sweeping Beam"],"picked":"Redo+1","floor":30},{"not_picked":["Scrape","Gash","Creative AI"],"picked":"White Noise+1","floor":31}],"player_experience":1336118,"relics_obtained":[{"floor":7,"key":"Question Card"},{"floor":9,"key":"Blue Candle"},{"floor":10,"key":"Bottled Lightning"},{"floor":13,"key":"Ancient Tea Set"},{"floor":24,"key":"Potion Belt"},{"floor":26,"key":"Toxic Egg 2"},{"floor":31,"key":"Pear"}],"event_choices":[{"damage_healed":0,"gold_gain":0,"player_choice":"Grow","damage_taken":0,"max_hp_gain":0,"max_hp_loss":0,"event_name":"Living Wall","floor":2,"gold_loss":0,"cards_upgraded":["Zap"]},{"damage_healed":0,"gold_gain":0,"player_choice":"Entered Light","damage_taken":23,"max_hp_gain":0,"max_hp_loss":0,"event_name":"Shining Light","floor":3,"gold_loss":0,"cards_upgraded":["Dualcast","Strike_B"]},{"damage_healed":0,"gold_gain":0,"player_choice":"Forge","damage_taken":0,"max_hp_gain":0,"max_hp_loss":0,"event_name":"Accursed Blacksmith","floor":19,"gold_loss":0,"cards_upgraded":["Seek"]},{"damage_healed":0,"gold_gain":0,"player_choice":"Simplicity","damage_taken":0,"max_hp_gain":0,"max_hp_loss":0,"event_name":"Back to Basics","floor":29,"gold_loss":0,"cards_upgraded":["Strike_B","Strike_B","Defend_B","Defend_B","Defend_B","Defend_B"]}],"is_beta":false,"boss_relics":[{"not_picked":["Tiny House","Calling Bell"],"picked":"White Beast Statue"}],"items_purged_floors":[22],"is_endless":false,"potions_floor_spawned":[5,11,18,20,21,24,27,30,31],"killed_by":"Automaton","ascension_level":20}