{"gold_per_floor":[20,20,37,37,37,37,62,62,62,96,96,96,96,109,109,210,210,227,239,239],"floor_reached":20,"playtime":1049,"items_purged":[],"score":189,"play_id":"35ed8921-32a3-4e21-b04b-625a2ffaef2a","local_time":"20180727173518","is_ascension_mode":true,"campfire_choices":[{"data":"Body Slam","floor":6,"key":"SMITH"},{"data":"Defend_R","floor":8,"key":"SMITH"},{"floor":13,"key":"REST"},{"data":"Defend_R","floor":15,"key":"SMITH"}],"neow_cost":"NO_GOLD","seed_source_timestamp":741289134358,"circlet_count":0,"master_deck":["Strike_R","Strike_R","Strike_R","Defend_R+1","Defend_R+1","Defend_R","Defend_R","Bash","Dropkick","Barricade+1","Headbutt","Carnage","Body Slam+1","Metallicize+1","Infernal Blade","Feel No Pain+1"],"relics":["Black Blood","Frozen Egg 2","Bottled Tornado","Omamori"],"potions_floor_usage":[19,19],"damage_taken":[{"damage":11,"enemies":"Jaw Worm","floor":1,"turns":7},{"damage":0,"enemies":"Cultist","floor":3,"turns":3},{"damage":28,"enemies":"3 Sentries","floor":7,"turns":7},{"damage":31,"enemies":"Gremlin Nob","floor":10,"turns":5},{"damage":1,"enemies":"2 Louse","floor":14,"turns":4},{"damage":2,"enemies":"Slime Boss","floor":16,"turns":15},{"damage":5,"enemies":"Chosen","floor":18,"turns":8},{"damage":14,"enemies":"Spheric Guardian","floor":19,"turns":6},{"damage":16,"enemies":"3 Cultists","floor":20,"turns":4}],"seed_played":"3537947986017953900","potions_obtained":[{"floor":1,"key":"Ancient Potion"},{"floor":14,"key":"GamblersBrew"},{"floor":18,"key":"Explosive Potion"}],"is_trial":false,"path_per_floor":["M","?","M","$","?","R","E","R","T","E","?","$","R","M","R","B",null,"M","M"],"character_chosen":"IRONCLAD","items_purchased":[],"campfire_rested":1,"item_purchase_floors":[],"current_hp_per_floor":[75,75,80,80,80,80,58,58,58,33,25,25,49,54,54,58,80,80,76,60],"gold":239,"neow_bonus":"TRANSFORM_TWO_CARDS","is_prod":false,"is_daily":false,"chose_seed":false,"campfire_upgraded":3,"win_rate":0,"timestamp":1532705718,"path_taken":["M","?","M","$","?","R","E","R","T","E","?","$","R","M","R","BOSS","M","M","M"],"build_version":"2018-07-26","purchased_purges":0,"victory":false,"max_hp_per_floor":[80,80,80,80,80,80,80,80,80,80,80,80,80,80,80,80,80,80,80,80],"card_choices":[{"not_picked":["Flex","Havoc"],"picked":"Headbutt","floor":1},{"not_picked":["Sword Boomerang","Clothesline"],"picked":"Body Slam","floor":3},{"not_picked":["Burning Pact","Disarm","Perfected Strike"],"picked":"SKIP","floor":7},{"not_picked":["Body Slam","Power Through"],"picked":"Metallicize+1","floor":10},{"not_picked":["Wild Strike","Disarm","Dropkick"],"picked":"SKIP","floor":14},{"not_picked":["Wild Strike","Perfected Strike"],"picked":"Infernal Blade","floor":18},{"not_picked":["Infernal Blade","Clash+1"],"picked":"Feel No Pain+1","floor":19}],"player_experience":188347,"relics_obtained":[{"floor":7,"key":"Frozen Egg 2"},{"floor":9,"key":"Bottled Tornado"},{"floor":10,"key":"Omamori"}],"event_choices":[{"event_name":"Match and Keep!","player_choice":"1 cards matched","floor":2,"damage_taken":0},{"event_name":"Accursed Blacksmith","player_choice":"Forge","floor":5,"damage_taken":0},{"event_name":"Wheel of Change","player_choice":"Damage","floor":11,"damage_taken":0}],"is_beta":false,"boss_relics":[{"not_picked":["White Beast Statue","Pandora\u0027s Box"],"picked":"Black Blood"}],"items_purged_floors":[],"is_endless":false,"potions_floor_spawned":[1,14,18],"killed_by":"3 Cultists","ascension_level":1}