{"gold_per_floor":[11,11,11,11,11,46,46,57,112,112,37,62,85,100,100,224,224,249,339,216,241,241,259,259,282,282,157,157],"floor_reached":28,"playtime":1171,"items_purged":["Strike_R","Strike_R","Strike_R"],"score":218,"play_id":"09dacc71-718c-4d38-ac40-3bfbb65771d9","local_time":"20190129211930","is_ascension_mode":false,"campfire_choices":[{"floor":7,"key":"REST"},{"floor":15,"key":"REST"},{"floor":24,"key":"REST"}],"neow_cost":"NO_GOLD","seed_source_timestamp":1279523584561800,"circlet_count":0,"master_deck":["Defend_R","Defend_R","Defend_R","Defend_R","Bash","Pommel Strike","Demon Form","Purity","Anger"],"relics":["Burning Blood","Torii","Dream Catcher","Regal Pillow","Golden Idol","Busted Crown","Blue Candle"],"potions_floor_usage":[6,6,13,16,23,23,28],"damage_taken":[{"damage":0,"enemies":"Small Slimes","floor":1,"turns":5},{"damage":11,"enemies":"3 Sentries","floor":6,"turns":14},{"damage":1,"enemies":"Cultist","floor":8,"turns":3},{"damage":1,"enemies":"2 Louse","floor":12,"turns":3},{"damage":0,"enemies":"Looter","floor":13,"turns":3},{"damage":13,"enemies":"Exordium Thugs","floor":14,"turns":6},{"damage":44,"enemies":"Hexaghost","floor":16,"turns":8},{"damage":18,"enemies":"Spheric Guardian","floor":18,"turns":4},{"damage":26,"enemies":"2 Thieves","floor":21,"turns":4},{"damage":13,"enemies":"3 Cultists","floor":23,"turns":6},{"damage":8,"enemies":"Cultist and Chosen","floor":25,"turns":5},{"damage":54,"enemies":"Gremlin Leader","floor":28,"turns":4}],"seed_played":"-8778745896336738461","potions_obtained":[{"floor":2,"key":"EssenceOfSteel"},{"floor":2,"key":"SkillPotion"},{"floor":2,"key":"Explosive Potion"},{"floor":8,"key":"Block Potion"},{"floor":12,"key":"AttackPotion"},{"floor":21,"key":"Weak Potion"},{"floor":23,"key":"Dexterity Potion"}],"is_trial":false,"path_per_floor":["M","?","$","?","?","E","R","M","T","?","$","M","M","M","R","B",null,"M","?","$","M","?","M","R","M","T","$","E"],"character_chosen":"IRONCLAD","items_purchased":["Anger"],"campfire_rested":3,"item_purchase_floors":[20],"current_hp_per_floor":[80,80,80,68,60,55,79,80,80,60,60,65,71,64,80,42,80,68,44,44,24,24,17,56,54,54,54,0],"gold":157,"neow_bonus":"REMOVE_TWO","is_prod":false,"is_daily":false,"chose_seed":false,"campfire_upgraded":0,"win_rate":0,"timestamp":1548821970,"path_taken":["M","?","?","?","?","E","R","?","T","?","$","M","M","M","R","BOSS","M","?","$","?","?","?","R","M","T","$","E"],"build_version":"2019-01-23","purchased_purges":3,"victory":false,"max_hp_per_floor":[80,80,80,80,80,80,80,80,80,80,80,80,80,80,80,80,80,80,80,80,80,80,80,80,80,80,80,80],"card_choices":[{"not_picked":["Perfected Strike","Clothesline","Dual Wield"],"picked":"SKIP","floor":1},{"not_picked":["Flame Barrier","Perfected Strike","Havoc"],"picked":"SKIP","floor":6},{"not_picked":["Perfected Strike","Clothesline"],"picked":"Pommel Strike","floor":7},{"not_picked":["Perfected Strike","Flex","Second Wind"],"picked":"SKIP","floor":8},{"not_picked":["Thunderclap","Heavy Blade","Dual Wield"],"picked":"SKIP","floor":12},{"not_picked":["Cleave","Offering","Body Slam"],"picked":"SKIP","floor":13},{"not_picked":["Heavy Blade","Perfected Strike","Warcry"],"picked":"SKIP","floor":14},{"not_picked":["Searing Blow","Flex"],"picked":"Spot Weakness","floor":15},{"not_picked":["Fiend Fire","Berserk"],"picked":"Demon Form","floor":16},{"not_picked":["Second Wind"],"picked":"SKIP","floor":18},{"not_picked":["Cleave"],"picked":"SKIP","floor":21},{"not_picked":["Rage"],"picked":"SKIP","floor":23},{"not_picked":["Carnage+1"],"picked":"SKIP","floor":25}],"player_experience":417865,"relics_obtained":[{"floor":6,"key":"Dream Catcher"},{"floor":9,"key":"Regal Pillow"}],"event_choices":[{"damage_healed":0,"gold_gain":0,"player_choice":"Got Potions","damage_taken":0,"max_hp_gain":0,"max_hp_loss":0,"event_name":"Lab","floor":2,"gold_loss":0},{"damage_healed":0,"gold_gain":0,"player_choice":"Success","damage_taken":12,"relics_obtained":["Torii"],"max_hp_gain":0,"max_hp_loss":0,"event_name":"Scrap Ooze","floor":4,"gold_loss":0},{"damage_healed":0,"gold_gain":0,"player_choice":"Damaged","damage_taken":8,"max_hp_gain":0,"max_hp_loss":0,"event_name":"Wheel of Change","floor":5,"gold_loss":0},{"damage_healed":0,"gold_gain":0,"player_choice":"Take Damage","damage_taken":20,"relics_obtained":["Golden Idol"],"max_hp_gain":0,"max_hp_loss":0,"event_name":"Golden Idol","floor":10,"gold_loss":0},{"damage_healed":0,"gold_gain":90,"player_choice":"CARD GOLD ","damage_taken":24,"max_hp_gain":0,"max_hp_loss":0,"event_name":"Knowing Skull","floor":19,"potions_obtained":[],"gold_loss":0,"cards_obtained":["Purity"]},{"cards_removed":["Spot Weakness"],"damage_healed":0,"gold_gain":0,"player_choice":"Gave Card","damage_taken":0,"relics_obtained":["Blue Candle"],"max_hp_gain":0,"max_hp_loss":0,"event_name":"WeMeetAgain","floor":22,"gold_loss":0}],"is_beta":true,"boss_relics":[{"not_picked":["Lizard Tail","Tiny House"],"picked":"Busted Crown"}],"items_purged_floors":[11,20,27],"is_endless":false,"potions_floor_spawned":[8,12,21,23],"killed_by":"Gremlin Leader","ascension_level":0}