{"gold_per_floor":[114,129,143,156,42,42,62,93,93,93,368,386,416,426,426,524,524,544,256,273,273,284,284,315,315,339,339,356,374,374,389,389,492,492,504,516,536,107,121,153,153,200,280,5,15,26,26,39,39,39],"floor_reached":51,"playtime":12390,"items_purged":["Strike_G","Regret","Normality"],"score":765,"play_id":"af01637c-2ed9-4567-9634-4e52073f3e1a","local_time":"20190415095740","is_ascension_mode":false,"campfire_choices":[{"data":"Crippling Poison","floor":6.0,"key":"SMITH"},{"floor":10.0,"key":"REST"},{"floor":15.0,"key":"REST"},{"data":"Malaise","floor":23.0,"key":"SMITH"},{"floor":25.0,"key":"REST"},{"data":"Footwork","floor":27.0,"key":"SMITH"},{"floor":32.0,"key":"REST"},{"floor":41,"key":"REST"},{"floor":49,"key":"REST"}],"neow_cost":"NONE","seed_source_timestamp":0,"circlet_count":0,"master_deck":["Defend_G","Defend_G","Defend_G+1","Defend_G","Defend_G","Strike_G","Strike_G","Strike_G","Strike_G","Survivor","Neutralize","Footwork+1","Dagger Spray","Crippling Poison+1","Footwork","Malaise+1","Riddle With Holes","Dagger Spray","Blade Dance","Skewer","Glass Knife","Blade Dance+1","Skewer","Expertise+1","Blur+1","Dodge and Roll","Adrenaline+1","Dodge and Roll","Leg Sweep+1","Panache","Blur+1","Caltrops+1","Regret","Endless Agony+1","Finisher+1","Writhe","Die Die Die"],"special_seed":0,"relics":["Ring of the Snake","Boot","Darkstone Periapt","Shuriken","Cursed Key","Bronze Scales","MutagenicStrength","Ninja Scroll","Pen Nib","Fusion Hammer","Ornamental Fan","Regal Pillow","Incense Burner","Pantograph","Vajra","War Paint"],"potions_floor_usage":[42],"damage_taken":[{"damage":0.0,"enemies":"Cultist","floor":1.0,"turns":4.0},{"damage":0.0,"enemies":"Jaw Worm","floor":2.0,"turns":5.0},{"damage":1.0,"enemies":"2 Louse","floor":3.0,"turns":3.0},{"damage":12.0,"enemies":"Large Slime","floor":4.0,"turns":9.0},{"damage":4.0,"enemies":"Gremlin Gang","floor":7.0,"turns":2.0},{"damage":32.0,"enemies":"Gremlin Nob","floor":8.0,"turns":6.0},{"damage":5.0,"enemies":"2 Fungi Beasts","floor":12.0,"turns":4.0},{"damage":8.0,"enemies":"Lagavulin","floor":13.0,"turns":7.0},{"damage":15.0,"enemies":"Exordium Wildlife","floor":14.0,"turns":5.0},{"damage":29.0,"enemies":"Slime Boss","floor":16.0,"turns":12.0},{"damage":2.0,"enemies":"Chosen","floor":18.0,"turns":4.0},{"damage":10.0,"enemies":"2 Thieves","floor":20.0,"turns":2.0},{"damage":21.0,"enemies":"Cultist and Chosen","floor":22.0,"turns":5.0},{"damage":28.0,"enemies":"Gremlin Leader","floor":24.0,"turns":6.0},{"damage":10.0,"enemies":"Chosen and Byrds","floor":28.0,"turns":2.0},{"damage":37.0,"enemies":"Snake Plant","floor":29.0,"turns":4.0},{"damage":0.0,"enemies":"Shelled Parasite and Fungi","floor":31.0,"turns":2.0},{"damage":22.0,"enemies":"Automaton","floor":33.0,"turns":9.0},{"damage":31,"enemies":"3 Shapes","floor":35,"turns":2},{"damage":0,"enemies":"Orb Walker","floor":36,"turns":1},{"damage":0,"enemies":"Sphere and 2 Shapes","floor":37,"turns":1},{"damage":3,"enemies":"Transient","floor":39,"turns":5},{"damage":31,"enemies":"Giant Head","floor":40,"turns":7},{"damage":18,"enemies":"2 Orb Walkers","floor":42,"turns":4},{"damage":16,"enemies":"3 Darklings","floor":45,"turns":4},{"damage":0,"enemies":"Jaw Worm Horde","floor":46,"turns":1},{"damage":4,"enemies":"Spire Growth","floor":48,"turns":3},{"damage":41,"enemies":"Donu and Deca","floor":50,"turns":8}],"seed_played":"1145963885341908738","potions_obtained":[{"floor":2.0,"key":"Block Potion"},{"floor":3.0,"key":"SteroidPotion"},{"floor":4.0,"key":"Explosive Potion"},{"floor":12.0,"key":"Fire Potion"},{"floor":28.0,"key":"Block Potion"},{"floor":31.0,"key":"SkillPotion"},{"floor":36,"key":"PowerPotion"},{"floor":39,"key":"Block Potion"},{"floor":40,"key":"Poison Potion"},{"floor":42,"key":"SkillPotion"}],"is_trial":false,"path_per_floor":["M","M","M","M","$","R","M","E","T","R","?","M","E","M","R","B",null,"M","$","M","?","M","R","E","R","T","R","M","M","?","M","R","B",null,"M","M","M","$","M","E","R","?","T","$","M","M","T","M","R","B",null],"character_chosen":"THE_SILENT","items_purchased":["Footwork","Bronze Scales","Skewer","Ornamental Fan","Panache","Vajra"],"campfire_rested":6,"item_purchase_floors":[5,19,19,38,38,44],"current_hp_per_floor":[77,77,76,64,64,64,60,28,28,51,57,52,44,29,53,24,83,81,81,71,71,50,50,22,46,52,52,42,5,5,5,31,9,89,58,58,58,58,55,24,65,47,53,53,37,37,43,39,84,60],"gold":39,"neow_bonus":"TEN_PERCENT_HP_BONUS","is_prod":false,"is_daily":false,"chose_seed":false,"campfire_upgraded":3,"win_rate":0.0,"timestamp":1555336660,"path_taken":["M","M","M","M","$","R","?","E","T","R","?","M","E","?","R","BOSS","M","$","M","?","M","R","E","R","T","R","M","M","?","M","R","BOSS","M","M","M","$","?","E","R","?","T","$","M","M","?","M","R","BOSS"],"build_version":"2019-01-23","purchased_purges":3,"victory":true,"max_hp_per_floor":[77,77,77,77,77,77,77,77,77,77,83,83,83,83,83,83,83,83,83,83,83,83,83,83,83,89,89,89,89,89,89,89,89,89,89,89,89,89,89,89,89,89,95,95,95,95,101,101,101,101],"card_choices":[{"not_picked":["Backflip","Underhanded Strike"],"picked":"Footwork","floor":1.0},{"not_picked":["Dodge and Roll","Reflex"],"picked":"Dagger Spray","floor":2.0},{"not_picked":["Outmaneuver","Flying Knee","Deflect"],"picked":"SKIP","floor":3.0},{"not_picked":["Prepared","Dagger Spray"],"picked":"Crippling Poison","floor":4.0},{"not_picked":["Heel Hook","Bouncing Flask"],"picked":"Malaise","floor":7.0},{"not_picked":["PiercingWail","Prepared"],"picked":"Riddle With Holes","floor":8.0},{"not_picked":["Flying Knee","Deflect"],"picked":"Dagger Spray","floor":12.0},{"not_picked":["Flechettes","Wraith Form v2"],"picked":"Blade Dance","floor":13.0},{"not_picked":["Backflip","Deadly Poison"],"picked":"Skewer","floor":14.0},{"not_picked":["Malaise","Burst"],"picked":"Glass Knife","floor":16.0},{"not_picked":["Crippling Poison","Underhanded Strike"],"picked":"Blade Dance+1","floor":18.0},{"not_picked":["Quick Slash","Sucker Punch","Dagger Throw"],"picked":"SKIP","floor":20.0},{"not_picked":["Distraction","Dagger Throw"],"picked":"Expertise+1","floor":22.0},{"not_picked":["Bullet Time","Blade Dance"],"picked":"Blur","floor":24.0},{"not_picked":["Tactician","Acrobatics+1","Dagger Spray+1"],"picked":"SKIP","floor":28.0},{"not_picked":["Choke","Acrobatics","Poisoned Stab"],"picked":"SKIP","floor":29.0},{"not_picked":["Outmaneuver+1","Tools of the Trade"],"picked":"Dodge and Roll","floor":31.0},{"not_picked":["Night Terror","Envenom"],"picked":"Adrenaline","floor":33.0},{"not_picked":["Quick Slash","Poisoned Stab+1"],"picked":"Dodge and Roll","floor":35},{"not_picked":["Poisoned Stab+1","Dagger Throw","Acrobatics+1"],"picked":"SKIP","floor":36},{"not_picked":["Infinite Blades+1","Choke"],"picked":"Leg Sweep+1","floor":37},{"not_picked":["Slice+1","Tools of the Trade"],"picked":"Blur+1","floor":39},{"not_picked":["Slice+1","Unload","Outmaneuver"],"picked":"SKIP","floor":40},{"not_picked":["Tactician+1","Dagger Spray+1"],"picked":"Caltrops+1","floor":42},{"not_picked":["Deadly Poison+1","Poisoned Stab+1"],"picked":"Endless Agony+1","floor":45},{"not_picked":["Prepared+1","PiercingWail+1"],"picked":"Finisher+1","floor":46},{"not_picked":["Acrobatics+1","PiercingWail"],"picked":"Die Die Die","floor":48}],"player_experience":18509,"relics_obtained":[{"floor":8.0,"key":"Boot"},{"floor":9.0,"key":"Darkstone Periapt"},{"floor":13.0,"key":"Shuriken"},{"floor":24.0,"key":"Ninja Scroll"},{"floor":26.0,"key":"Pen Nib"},{"floor":40,"key":"Regal Pillow"},{"floor":42,"key":"Incense Burner"},{"floor":43,"key":"Pantograph"},{"floor":47,"key":"War Paint"}],"event_choices":[{"damage_healed":0.0,"max_hp_gain":0.0,"max_hp_loss":0.0,"gold_gain":275.0,"event_name":"Golden Shrine","player_choice":"Desecrate","floor":11.0,"gold_loss":0.0,"damage_taken":0.0,"cards_obtained":["Regret"]},{"damage_healed":0.0,"max_hp_gain":0.0,"max_hp_loss":0.0,"gold_gain":0.0,"event_name":"Drug Dealer","player_choice":"Inject Mutagens","floor":21.0,"gold_loss":0.0,"damage_taken":0.0,"relics_obtained":["MutagenicStrength"]},{"damage_healed":0.0,"max_hp_gain":0.0,"max_hp_loss":0.0,"gold_gain":0.0,"event_name":"Upgrade Shrine","player_choice":"Upgraded","floor":30.0,"gold_loss":0.0,"damage_taken":0.0,"cards_upgraded":["Blur"]},{"damage_healed":0,"gold_gain":0,"player_choice":"Fight","damage_taken":0,"max_hp_gain":0,"max_hp_loss":0,"event_name":"Mysterious Sphere","floor":42,"gold_loss":0}],"is_beta":false,"boss_relics":[{"not_picked":["Orrery","Astrolabe"],"picked":"Cursed Key"},{"not_picked":["Eternal Feather","Empty Cage"],"picked":"Fusion Hammer"}],"items_purged_floors":[5,19,44],"is_endless":false,"potions_floor_spawned":[2,3,4,12,22,28,29,31,36,39,40,42],"ascension_level":0}