{"gold_per_floor":[119,136,236,251,265,295,310,310,337,357,357,432,460,470,470,470],"floor_reached":16,"playtime":1279,"items_purged":[],"score":125,"play_id":"66110cba-c3dc-4fce-9a90-01e5315c475c","local_time":"20190325230534","is_ascension_mode":true,"campfire_choices":[{"data":"Shockwave","floor":8,"key":"SMITH"},{"data":"Seeing Red","floor":11,"key":"SMITH"},{"data":"Dark Embrace","floor":15,"key":"SMITH"}],"neow_cost":"NONE","seed_source_timestamp":167850765112888,"circlet_count":0,"master_deck":["Strike_R","Strike_R","Strike_R","Strike_R","Strike_R","Defend_R","Defend_R+1","Defend_R","Defend_R+1","Bash","Shockwave+1","Seeing Red+1","Disarm","Feed","True Grit","Uppercut","Infernal Blade","Dark Embrace+1"],"relics":["Burning Blood","NeowsBlessing","Nunchaku","War Paint","Dream Catcher"],"potions_floor_usage":[6,6,13,14,16],"damage_taken":[{"damage":0,"enemies":"Cultist","floor":1,"turns":1},{"damage":0,"enemies":"Small Slimes","floor":2,"turns":1},{"damage":0,"enemies":"Jaw Worm","floor":4,"turns":1},{"damage":4,"enemies":"2 Fungi Beasts","floor":5,"turns":5},{"damage":1,"enemies":"3 Sentries","floor":6,"turns":14},{"damage":13,"enemies":"3 Louse","floor":7,"turns":4},{"damage":4,"enemies":"Exordium Thugs","floor":10,"turns":6},{"damage":12,"enemies":"Gremlin Nob","floor":13,"turns":4},{"damage":18,"enemies":"Lots of Slimes","floor":14,"turns":5},{"damage":71,"enemies":"Slime Boss","floor":16,"turns":8}],"seed_played":"-1345006631814169335","potions_obtained":[{"floor":1,"key":"EssenceOfSteel"},{"floor":5,"key":"EssenceOfSteel"},{"floor":6,"key":"AttackPotion"},{"floor":7,"key":"FearPotion"},{"floor":14,"key":"Energy Potion"}],"is_trial":false,"path_per_floor":["M","?","M","?"],"character_chosen":"IRONCLAD","items_purchased":[],"campfire_rested":0,"item_purchase_floors":[],"current_hp_per_floor":[80,80,80,80,80,83,79,79,79,84,84,73,67,58,58,0],"gold":470,"neow_bonus":"THREE_ENEMY_KILL","is_prod":false,"is_daily":false,"chose_seed":false,"campfire_upgraded":3,"win_rate":0,"timestamp":1553529934,"path_taken":["M","?","?","M","?","E","M","R","T","M","R","?","E","M","R","BOSS"],"build_version":"2019-01-23","purchased_purges":0,"victory":false,"max_hp_per_floor":[80,80,80,80,80,83,86,86,86,89,89,89,89,92,92,92],"card_choices":[{"not_picked":["Body Slam","Armaments"],"picked":"Shockwave","floor":1},{"not_picked":["Headbutt","Sentinel"],"picked":"Seeing Red","floor":2},{"not_picked":["Perfected Strike","Iron Wave"],"picked":"Disarm","floor":4},{"not_picked":["Clash","Body Slam"],"picked":"Feed","floor":5},{"not_picked":["Iron Wave","Thunderclap","Anger"],"picked":"SKIP","floor":6},{"not_picked":["Iron Wave","Pommel Strike"],"picked":"True Grit","floor":7},{"not_picked":["Clothesline","Reckless Charge"],"picked":"Uppercut","floor":10},{"not_picked":["Warcry","True Grit"],"picked":"Infernal Blade","floor":13},{"not_picked":["Body Slam","Armaments"],"picked":"Dark Embrace","floor":14}],"player_experience":117775,"relics_obtained":[{"floor":6,"key":"Nunchaku"},{"floor":9,"key":"War Paint"},{"floor":13,"key":"Dream Catcher"}],"event_choices":[{"damage_healed":0,"gold_gain":100,"player_choice":"Pray","damage_taken":0,"max_hp_gain":0,"max_hp_loss":0,"event_name":"Golden Shrine","floor":3,"gold_loss":0},{"damage_healed":0,"gold_gain":75,"player_choice":"Gather Gold","damage_taken":11,"max_hp_gain":0,"max_hp_loss":0,"event_name":"World of Goop","floor":12,"gold_loss":0}],"is_beta":false,"boss_relics":[],"items_purged_floors":[],"is_endless":false,"potions_floor_spawned":[1,5,6,7,14],"killed_by":"Slime Boss","ascension_level":2}