{"gold_per_floor":[115,133,58,77,77,106,106,126,150,179,206,206,233,252,252,331,331,344,344],"floor_reached":19,"playtime":1115,"items_purged":[],"score":337,"play_id":"1b165203-8df7-4cef-a21b-4fbc56b16c0e","local_time":"20190428181918","is_ascension_mode":true,"campfire_choices":[{"floor":7,"key":"REST"},{"floor":12,"key":"REST"},{"data":"Caltrops","floor":15,"key":"SMITH"}],"neow_cost":"NONE","seed_source_timestamp":9277796381688,"circlet_count":0,"master_deck":["AscendersBane","Defend_G","Defend_G","Defend_G","Defend_G","Defend_G+1","Strike_G","Survivor+1","Neutralize","Dagger Spray","Poisoned Stab","Leg Sweep","Quick Slash","Quick Slash","Terror","Deflect","Caltrops+1","After Image","Phantasmal Killer+1","Distraction+1","Calculated Gamble+1","Night Terror+1","Footwork+1"],"relics":["Ring of the Snake","Snake Skull","War Paint","Potion Belt","Art of War","Odd Mushroom","Toxic Egg 2","Astrolabe"],"potions_floor_usage":[6,10,16,19,19,19],"damage_taken":[{"damage":3,"enemies":"2 Louse","floor":1,"turns":5},{"damage":2,"enemies":"Jaw Worm","floor":2,"turns":5},{"damage":7,"enemies":"Small Slimes","floor":4,"turns":5},{"damage":18,"enemies":"3 Sentries","floor":6,"turns":9},{"damage":6,"enemies":"3 Louse","floor":8,"turns":4},{"damage":10,"enemies":"Lagavulin","floor":10,"turns":8},{"damage":10,"enemies":"The Mushroom Lair","floor":11,"turns":5},{"damage":12,"enemies":"3 Sentries","floor":13,"turns":10},{"damage":12,"enemies":"Exordium Wildlife","floor":14,"turns":5},{"damage":2,"enemies":"The Guardian","floor":16,"turns":11},{"damage":12,"enemies":"Shell Parasite","floor":18,"turns":7},{"damage":13,"enemies":"Colosseum Slavers","floor":19,"turns":6},{"damage":35,"enemies":"Colosseum Nobs","floor":19,"turns":3}],"seed_played":"-4860380634646723511","potions_obtained":[{"floor":1,"key":"Poison Potion"},{"floor":4,"key":"PowerPotion"},{"floor":10,"key":"Strength Potion"},{"floor":13,"key":"SkillPotion"},{"floor":16,"key":"LiquidBronze"},{"floor":18,"key":"Swift Potion"}],"is_trial":false,"path_per_floor":["M","M","?","M","?","E","R","M","T","E","?","R","E","M","R","B",null,"M","?"],"character_chosen":"THE_SILENT","items_purchased":[],"campfire_rested":2,"item_purchase_floors":[],"current_hp_per_floor":[62,60,60,53,48,30,51,45,45,35,25,46,34,22,22,20,59,47,0],"gold":344,"neow_bonus":"TEN_PERCENT_HP_BONUS","is_prod":false,"is_daily":false,"chose_seed":false,"campfire_upgraded":1,"win_rate":0,"timestamp":1556486358,"path_taken":["M","M","?","M","?","E","R","M","T","E","?","R","E","M","R","BOSS","M","?"],"build_version":"2019-01-23","purchased_purges":0,"victory":false,"max_hp_per_floor":[72,72,72,72,72,72,72,72,72,72,72,72,72,72,72,72,72,72,72],"card_choices":[{"not_picked":["Blade Dance","Eviscerate"],"picked":"Dagger Spray","floor":1},{"not_picked":["Dodge and Roll","Blade Dance"],"picked":"Poisoned Stab","floor":2},{"not_picked":["Underhanded Strike","Slice"],"picked":"Leg Sweep","floor":4},{"not_picked":["Outmaneuver","Envenom"],"picked":"Quick Slash","floor":6},{"not_picked":["Distraction","Outmaneuver"],"picked":"Quick Slash","floor":8},{"not_picked":["Escape Plan","Masterful Stab"],"picked":"Terror","floor":10},{"not_picked":["Prepared","Outmaneuver"],"picked":"Deflect","floor":11},{"not_picked":["Blade Dance","Setup"],"picked":"Caltrops","floor":13},{"not_picked":["Bane","Outmaneuver+1"],"picked":"After Image","floor":14},{"not_picked":["Envenom","After Image"],"picked":"Phantasmal Killer+1","floor":16},{"not_picked":["Bane","Setup+1"],"picked":"Footwork+1","floor":18}],"player_experience":777942,"relics_obtained":[{"floor":6,"key":"War Paint"},{"floor":9,"key":"Potion Belt"},{"floor":10,"key":"Art of War"},{"floor":11,"key":"Odd Mushroom"},{"floor":13,"key":"Toxic Egg 2"}],"event_choices":[{"cards_removed":["Strike_G"],"damage_healed":0,"gold_gain":0,"player_choice":"Card Removal","damage_taken":0,"max_hp_gain":0,"max_hp_loss":0,"event_name":"The Cleric","floor":3,"gold_loss":75},{"damage_healed":0,"gold_gain":0,"player_choice":"Success","damage_taken":5,"relics_obtained":["Snake Skull"],"max_hp_gain":0,"max_hp_loss":0,"event_name":"Scrap Ooze","floor":5,"gold_loss":0},{"damage_healed":0,"gold_gain":0,"player_choice":"Fought Mushrooms","damage_taken":0,"max_hp_gain":0,"max_hp_loss":0,"event_name":"Mushrooms","floor":11,"gold_loss":0},{"damage_healed":0,"gold_gain":0,"player_choice":"Fight","damage_taken":0,"max_hp_gain":0,"max_hp_loss":0,"event_name":"Colosseum","floor":19,"gold_loss":0},{"damage_healed":0,"gold_gain":0,"player_choice":"Fought Nobs","damage_taken":0,"max_hp_gain":0,"max_hp_loss":0,"event_name":"Colosseum","floor":19,"gold_loss":0}],"is_beta":false,"boss_relics":[{"not_picked":["Runic Dome","Philosopher\u0027s Stone"],"picked":"Astrolabe"}],"items_purged_floors":[],"is_endless":false,"potions_floor_spawned":[1,4,10,13,16,18],"killed_by":"Colosseum Nobs","ascension_level":16}