{"path_per_floor":["M","?","M","$","M","E","R","M","T","T","E","R","E","M","R","B",null,"M","?","$","M","M","E"],"character_chosen":"THE_SILENT","items_purchased":["Dash","Caltrops","All Out Attack","Catalyst"],"gold_per_floor":[116,191,205,23,34,59,59,76,76,76,109,109,138,158,158,261,261,278,278,106,118,135,161,161],"floor_reached":24,"campfire_rested":2,"playtime":2217,"current_hp_per_floor":[70,59,59,59,53,41,62,49,49,49,46,46,39,39,64,42,84,84,84,84,68,58,16,0],"items_purged":["Defend_G","Strike_G"],"gold":161,"score":248,"play_id":"bdce1b16-e0c5-4341-9f03-879f5117afd5","local_time":"20180428141450","is_prod":false,"is_daily":false,"chose_seed":false,"is_ascension_mode":true,"campfire_upgraded":1,"timestamp":1524950090,"path_taken":["M","?","M","$","M","E","R","?","T","?","E","R","E","M","R","BOSS","M","?","$","M","?","E","M"],"build_version":"2018-04-26","seed_source_timestamp":998305278476489,"purchased_purges":2,"victory":false,"master_deck":["Defend_G","Defend_G","Defend_G","Defend_G","Strike_G","Strike_G","Strike_G","Strike_G","Survivor","Neutralize+1","Endless Agony+1","Outmaneuver","Dash","Caltrops","Envenom+1","All Out Attack","Riddle With Holes","Dagger Spray","Infinite Blades","Deadly Poison","Adrenaline","Well Laid Plans","All Out Attack","Catalyst","Bouncing Flask","Night Terror","Wraith Form v2"],"max_hp_per_floor":[70,70,70,70,70,70,70,70,70,70,84,84,84,84,84,84,84,84,84,84,84,84,84,84],"relics":["Ring of the Snake","The Courier","Thread and Needle","Whetstone","Mango","Prayer Wheel","Sozu","Toxic Egg 2"],"card_choices":[{"not_picked":["Dagger Spray","Distraction"],"picked":"Endless Agony","floor":1},{"not_picked":["Finisher","Poisoned Stab"],"picked":"Outmaneuver","floor":3},{"not_picked":["Bane","Quick Slash"],"picked":"Envenom","floor":5},{"not_picked":["Outmaneuver","Flying Knee"],"picked":"All Out Attack","floor":6},{"not_picked":["Deadly Poison","Outmaneuver"],"picked":"Riddle With Holes","floor":8},{"not_picked":["Prepared","PiercingWail"],"picked":"Dagger Spray","floor":11},{"not_picked":["Prepared","Expertise"],"picked":"Infinite Blades","floor":13},{"not_picked":["Slice","PiercingWail"],"picked":"Deadly Poison","floor":14},{"not_picked":["Die Die Die","Glass Knife"],"picked":"Adrenaline","floor":16},{"not_picked":["Sucker Punch","Dagger Spray"],"picked":"Well Laid Plans","floor":18},{"not_picked":["Underhanded Strike","Dagger Throw"],"picked":"Bouncing Flask","floor":21},{"not_picked":["Outmaneuver","Prepared"],"picked":"Night Terror","floor":22},{"not_picked":["Bouncing Flask","Dash"],"picked":"Wraith Form v2","floor":23}],"player_experience":303901,"potions_floor_usage":[6,8,23],"damage_taken":[{"damage":0,"enemies":"Jaw Worm","floor":1,"turns":5},{"damage":0,"enemies":"Small Slimes","floor":3,"turns":4},{"damage":6,"enemies":"Cultist","floor":5,"turns":5},{"damage":12,"enemies":"3 Sentries","floor":6,"turns":8},{"damage":13,"enemies":"Exordium Thugs","floor":8,"turns":4},{"damage":17,"enemies":"Lagavulin","floor":11,"turns":5},{"damage":7,"enemies":"Gremlin Nob","floor":13,"turns":4},{"damage":0,"enemies":"Red Slaver","floor":14,"turns":4},{"damage":22,"enemies":"Hexaghost","floor":16,"turns":8},{"damage":0,"enemies":"Shell Parasite","floor":18,"turns":4},{"damage":16,"enemies":"Spheric Guardian","floor":21,"turns":5},{"damage":10,"enemies":"Cultist and Chosen","floor":22,"turns":4},{"damage":42,"enemies":"Slavers","floor":23,"turns":4},{"damage":19,"enemies":"Slaver and Parasite","floor":24,"turns":3}],"event_choices":[{"event_name":"World of Goop","player_choice":"Gather Gold","floor":2,"damage_taken":0},{"event_name":"The Lab","player_choice":"Got Potions","floor":19,"damage_taken":0}],"boss_relics":[{"not_picked":["Runic Pyramid","White Beast Statue"],"picked":"Sozu"}],"potions_floor_spawned":[1,6,8,21,22],"seed_played":"7060975894764422592","killed_by":"Slaver and Parasite","ascension_level":1,"is_trial":false}