{"gold_per_floor":[112,123,123,143,158,192,192,207,230,277,289],"floor_reached":11,"playtime":529,"items_purged":[],"score":170,"play_id":"68ebecb8-f34e-40f9-91c7-1e722a841027","local_time":"20190122114656","is_ascension_mode":true,"campfire_choices":[{"data":"Skewer","floor":7,"key":"SMITH"}],"neow_cost":"NONE","seed_source_timestamp":1107514864965464,"circlet_count":0,"master_deck":["AscendersBane","Defend_G","Defend_G","Defend_G","Defend_G","Defend_G","Strike_G","Strike_G","Strike_G","Strike_G","Survivor","Neutralize","Bane","Leg Sweep","Flying Knee","Skewer+1","Backflip","Poisoned Stab","Escape Plan"],"relics":["Ring of the Snake","Omamori","MawBank","Regal Pillow"],"potions_floor_usage":[6,10],"damage_taken":[{"damage":1,"enemies":"Jaw Worm","floor":1,"turns":5},{"damage":1,"enemies":"Small Slimes","floor":2,"turns":5},{"damage":0,"enemies":"2 Louse","floor":4,"turns":3},{"damage":0,"enemies":"Blue Slaver","floor":5,"turns":6},{"damage":26,"enemies":"Gremlin Nob","floor":6,"turns":4},{"damage":0,"enemies":"Exordium Wildlife","floor":8,"turns":3},{"damage":34,"enemies":"3 Sentries","floor":10,"turns":11},{"damage":13,"enemies":"Lots of Slimes","floor":11,"turns":4}],"seed_played":"3233241881622451754","potions_obtained":[{"floor":1,"key":"Dexterity Potion"},{"floor":5,"key":"Regen Potion"},{"floor":6,"key":"Block Potion"}],"is_trial":false,"path_per_floor":["M","M","?","M","M","E","R","M","T","E","M"],"character_chosen":"THE_SILENT","items_purchased":[],"campfire_rested":0,"item_purchase_floors":[],"current_hp_per_floor":[58,57,62,62,62,45,45,45,45,11,0],"gold":289,"neow_bonus":"TRANSFORM_CARD","is_prod":false,"is_daily":false,"chose_seed":false,"campfire_upgraded":1,"win_rate":0,"timestamp":1548154016,"path_taken":["M","M","?","M","M","E","R","M","T","E","M"],"build_version":"2019-01-17v2","purchased_purges":0,"victory":false,"max_hp_per_floor":[66,66,71,71,71,71,71,71,71,71,71],"card_choices":[{"not_picked":["Underhanded Strike","Blade Dance"],"picked":"Leg Sweep","floor":1},{"not_picked":["Heel Hook","Slice"],"picked":"Flying Knee","floor":2},{"not_picked":["Outmaneuver","Blade Dance","Sucker Punch"],"picked":"SKIP","floor":4},{"not_picked":["Underhanded Strike","Backflip"],"picked":"Skewer","floor":5},{"not_picked":["Slice","Eviscerate"],"picked":"Backflip","floor":6},{"not_picked":["Bane","Dodge and Roll"],"picked":"Poisoned Stab","floor":8},{"not_picked":["Eviscerate","Choke"],"picked":"Escape Plan","floor":10}],"player_experience":1247377,"relics_obtained":[{"floor":6,"key":"Omamori"},{"floor":9,"key":"MawBank"},{"floor":10,"key":"Regal Pillow"}],"event_choices":[{"damage_healed":0,"gold_gain":0,"player_choice":"Donut","damage_taken":0,"max_hp_gain":5,"max_hp_loss":0,"event_name":"Big Fish","floor":3,"gold_loss":0}],"is_beta":false,"boss_relics":[],"items_purged_floors":[],"is_endless":false,"potions_floor_spawned":[1,5,6],"killed_by":"Lots of Slimes","ascension_level":20}