{"gold_per_floor":[109,109,6,81,81,81,97,130,130,173,193,193,236,259,259,378,378,393,48,48,63,88,88,13,48,48,48],"floor_reached":27,"playtime":971,"items_purged":["Strike_B"],"score":384,"play_id":"6721e766-67c0-47e5-bf15-def105417d00","local_time":"20190309163807","is_ascension_mode":true,"campfire_choices":[{"data":"Zap","floor":6,"key":"SMITH"},{"data":"Scrape","floor":12,"key":"SMITH"},{"floor":15,"key":"REST"},{"floor":23,"key":"REST"}],"neow_cost":"NONE","seed_source_timestamp":1003173590283800,"circlet_count":0,"master_deck":["Strike_B","Defend_B","Defend_B","Defend_B","Defend_B","Zap+1","Dualcast","Steam","Ball Lightning","Undo","Rainbow","Ball Lightning","Scrape+1","Undo","Heatsinks","Rainbow","Self Repair","Loop+1","Turbo","Chill"],"relics":["Cracked Core","NeowsBlessing","Golden Idol","Blood Vial","Calipers","Smiling Mask","Thread and Needle","Fusion Hammer","Frozen Egg 2","Blue Candle","Toxic Egg 2"],"potions_floor_usage":[10,13,18,25],"damage_taken":[{"damage":0,"enemies":"Small Slimes","floor":1,"turns":1},{"damage":0,"enemies":"2 Louse","floor":7,"turns":1},{"damage":0,"enemies":"3 Sentries","floor":8,"turns":1},{"damage":18,"enemies":"Lagavulin","floor":10,"turns":5},{"damage":0,"enemies":"Cultist","floor":11,"turns":2},{"damage":28,"enemies":"Gremlin Nob","floor":13,"turns":4},{"damage":0,"enemies":"Blue Slaver","floor":14,"turns":2},{"damage":15,"enemies":"The Guardian","floor":16,"turns":10},{"damage":7,"enemies":"2 Thieves","floor":18,"turns":3},{"damage":7,"enemies":"3 Byrds","floor":21,"turns":4},{"damage":26,"enemies":"3 Cultists","floor":22,"turns":6},{"damage":64,"enemies":"Slavers","floor":25,"turns":7},{"damage":18,"enemies":"Colosseum Slavers","floor":27,"turns":1}],"seed_played":"4244294226797625437","potions_obtained":[{"floor":7,"key":"Regen Potion"},{"floor":8,"key":"Swift Potion"},{"floor":13,"key":"AttackPotion"},{"floor":18,"key":"SteroidPotion"},{"floor":22,"key":"FearPotion"},{"floor":25,"key":"SpeedPotion"}],"is_trial":false,"path_per_floor":["M","?","$","?","?","R","M","E","T","E","M","R","E","M","R","B",null,"M","$","?","M","M","R","?","E","T","?"],"character_chosen":"DEFECT","items_purchased":["Steam","Ball Lightning","Frozen Egg 2","Loop+1"],"campfire_rested":2,"item_purchase_floors":[3,3,19,19],"current_hp_per_floor":[68,50,50,39,64,64,64,64,64,59,61,61,35,37,59,46,68,63,63,63,65,48,70,70,15,15,0],"gold":48,"neow_bonus":"THREE_ENEMY_KILL","is_prod":false,"is_daily":false,"chose_seed":false,"campfire_upgraded":2,"win_rate":0,"timestamp":1552174687,"path_taken":["M","?","$","?","?","R","M","E","T","E","M","R","E","M","R","BOSS","M","$","?","M","?","R","?","E","T","?"],"build_version":"2019-02-06","purchased_purges":1,"victory":false,"max_hp_per_floor":[75,75,75,75,75,75,75,75,75,75,75,75,75,75,75,75,75,75,75,75,75,75,75,75,75,75,75],"card_choices":[{"not_picked":["Streamline","Redo","Rebound"],"picked":"SKIP","floor":1},{"not_picked":["Reinforced Body","Turbo"],"picked":"Undo","floor":7},{"not_picked":["Hello World","Scrape"],"picked":"Rainbow","floor":8},{"not_picked":["Barrage","Rip and Tear"],"picked":"Ball Lightning","floor":10},{"not_picked":["Leap","Compile Driver"],"picked":"Scrape","floor":11},{"not_picked":["Redo","Compile Driver"],"picked":"Undo","floor":13},{"not_picked":["Storm","Barrage"],"picked":"Heatsinks","floor":14},{"not_picked":["Amplify","Multi-Cast"],"picked":"Rainbow","floor":16},{"not_picked":["Leap","Sweeping Beam+1"],"picked":"Self Repair","floor":18},{"not_picked":["Steam","Streamline+1"],"picked":"Turbo","floor":21},{"not_picked":["Streamline","Barrage","Consume"],"picked":"SKIP","floor":22},{"not_picked":["Consume","Force Field"],"picked":"Chill","floor":25}],"player_experience":597459,"relics_obtained":[{"floor":8,"key":"Blood Vial"},{"floor":9,"key":"Calipers"},{"floor":10,"key":"Smiling Mask"},{"floor":13,"key":"Thread and Needle"},{"floor":25,"key":"Blue Candle"},{"floor":26,"key":"Toxic Egg 2"}],"event_choices":[{"damage_healed":0,"gold_gain":0,"player_choice":"Take Damage","damage_taken":18,"relics_obtained":["Golden Idol"],"max_hp_gain":0,"max_hp_loss":0,"event_name":"Golden Idol","floor":2,"gold_loss":0},{"damage_healed":0,"gold_gain":75,"player_choice":"Gather Gold","damage_taken":11,"max_hp_gain":0,"max_hp_loss":0,"event_name":"World of Goop","floor":4,"gold_loss":0},{"damage_healed":25,"gold_gain":0,"player_choice":"Banana","damage_taken":0,"max_hp_gain":0,"max_hp_loss":0,"event_name":"Big Fish","floor":5,"gold_loss":0},{"cards_removed":["Strike_B"],"damage_healed":0,"gold_gain":0,"player_choice":"Offered Basic","damage_taken":0,"max_hp_gain":0,"max_hp_loss":0,"event_name":"Bonfire Elementals","floor":20,"gold_loss":0},{"cards_removed":["Strike_B"],"damage_healed":0,"gold_gain":0,"player_choice":"Gave Gold","damage_taken":0,"max_hp_gain":0,"max_hp_loss":0,"event_name":"Beggar","floor":24,"gold_loss":75},{"damage_healed":0,"gold_gain":0,"player_choice":"Fight","damage_taken":0,"max_hp_gain":0,"max_hp_loss":0,"event_name":"Colosseum","floor":27,"gold_loss":0}],"is_beta":true,"boss_relics":[{"not_picked":["Orrery","FrozenCore"],"picked":"Fusion Hammer"}],"items_purged_floors":[19],"is_endless":false,"potions_floor_spawned":[7,8,13,18,22,25],"killed_by":"Colosseum Slavers","ascension_level":8}