{"gold_per_floor":[117,117,117,140,140,184,216,271,307,334,364,376,409,441,453,584,596,623,635,647,659,681,719,731,743,779,803,815,839,868,910,922,1034,1046,1078,1106,1131,1156,1186,1223,1235,1247,1259,1303,1315,1327,1353,252,252,252],"floor_reached":51,"playtime":17486,"items_purged":["Defend_B"],"score":886,"play_id":"7bc9cbfe-642c-4f10-bc04-ad4e73156074","local_time":"20181214000235","is_ascension_mode":false,"campfire_choices":[{"data":"Zap","floor":12,"key":"SMITH"},{"data":"Stack","floor":15,"key":"SMITH"},{"data":"Dualcast","floor":25,"key":"SMITH"},{"data":"Beam Cell","floor":28,"key":"SMITH"},{"data":"Defragment","floor":32,"key":"SMITH"},{"data":"Machine Learning","floor":41,"key":"SMITH"},{"data":"Coolheaded","floor":45,"key":"SMITH"},{"data":"Redo","floor":49,"key":"SMITH"}],"neow_cost":"NONE","seed_source_timestamp":2248760310775001,"circlet_count":0,"master_deck":["Strike_B","Strike_B","Strike_B","Strike_B","Defend_B","Defend_B","Defend_B","Zap+1","Dualcast+1","Gash","Stack+1","Genetic Algorithm","Compile Driver","Coolheaded","Sunder","Barrage","Leap","Hologram","Electrodynamics","Beam Cell+1","RitualDagger","Compile Driver+1","Conserve Battery+1","Genetic Algorithm","Coolheaded+1","Rip and Tear+1","Defragment+1","Machine Learning+1","Steam Power+1","Chill+1","Tempest+1","Cold Snap","Beam Cell","Beam Cell+1","Chaos+1","White Noise+1","Capacitor","Swift Strike","Beam Cell","Conserve Battery","Ball Lightning","Redo+1"],"relics":["Cracked Core","NeowsBlessing","Bloody Idol","DataDisk","MawBank","Omamori","Pen Nib","Lizard Tail","Dodecahedron","Enchiridion","Vajra","Incense Burner","Inserter","Mummified Hand","Darkstone Periapt","Blood Vial","Meat on the Bone","Pantograph","Frozen Eye"],"potions_floor_usage":[8,8,8,22,23,33,38,39,50],"damage_taken":[{"damage":0,"enemies":"2 Louse","floor":1,"turns":1},{"damage":0,"enemies":"Jaw Worm","floor":4,"turns":1},{"damage":0,"enemies":"Gremlin Nob","floor":6,"turns":1},{"damage":0,"enemies":"Small Slimes","floor":7,"turns":3},{"damage":17,"enemies":"3 Sentries","floor":8,"turns":6},{"damage":4,"enemies":"Blue Slaver","floor":10,"turns":4},{"damage":0,"enemies":"2 Fungi Beasts","floor":11,"turns":3},{"damage":0,"enemies":"Large Slime","floor":13,"turns":4},{"damage":0,"enemies":"Exordium Wildlife","floor":14,"turns":2},{"damage":28,"enemies":"The Guardian","floor":16,"turns":12},{"damage":9,"enemies":"3 Byrds","floor":18,"turns":3},{"damage":33,"enemies":"2 Thieves","floor":22,"turns":4},{"damage":4,"enemies":"Gremlin Leader","floor":23,"turns":8},{"damage":3,"enemies":"Snake Plant","floor":27,"turns":3},{"damage":0,"enemies":"Cultist and Chosen","floor":29,"turns":4},{"damage":0,"enemies":"Shelled Parasite and Fungi","floor":30,"turns":4},{"damage":10,"enemies":"Slavers","floor":31,"turns":5},{"damage":0,"enemies":"Automaton","floor":33,"turns":8},{"damage":10,"enemies":"Orb Walker","floor":35,"turns":3},{"damage":0,"enemies":"3 Shapes","floor":36,"turns":3},{"damage":0,"enemies":"Transient","floor":37,"turns":5},{"damage":0,"enemies":"Jaw Worm Horde","floor":38,"turns":4},{"damage":1,"enemies":"3 Darklings","floor":39,"turns":5},{"damage":1,"enemies":"Reptomancer","floor":40,"turns":6},{"damage":0,"enemies":"Giant Head","floor":44,"turns":6},{"damage":0,"enemies":"Maw","floor":47,"turns":6},{"damage":26,"enemies":"Time Eater","floor":50,"turns":9}],"seed_played":"4956959168686838636","potions_obtained":[{"floor":4,"key":"LiquidBronze"},{"floor":6,"key":"LiquidBronze"},{"floor":7,"key":"AttackPotion"},{"floor":14,"key":"SpeedPotion"},{"floor":16,"key":"LiquidBronze"},{"floor":22,"key":"EssenceOfSteel"},{"floor":23,"key":"Swift Potion"},{"floor":33,"key":"FearPotion"},{"floor":35,"key":"EntropicBrew"},{"floor":37,"key":"Swift Potion"},{"floor":39,"key":"Energy Potion"},{"floor":44,"key":"SpeedPotion"}],"is_trial":false,"path_per_floor":["M","?","?","M","?","E","M","E","T","M","M","R","M","M","R","B",null,"M","$","?","?","M","E","?","R","T","M","R","M","M","E","R","B",null,"M","M","M","M","M","E","R","?","T","E","R","?","M","$","R","B",null],"character_chosen":"DEFECT","items_purchased":["Capacitor","Swift Strike","Beam Cell","Conserve Battery","Meat on the Bone","Pantograph","Frozen Eye","Ball Lightning","Redo"],"campfire_rested":0,"item_purchase_floors":[48,48,48,48,48,48,48,48,48],"current_hp_per_floor":[75,57,50,50,75,75,75,58,58,54,54,54,54,54,54,26,75,66,66,60,60,42,48,37,42,52,59,64,74,75,70,75,75,75,70,75,75,75,75,75,75,75,75,75,75,75,75,75,75,49],"gold":252,"neow_bonus":"THREE_ENEMY_KILL","is_prod":false,"is_daily":false,"chose_seed":false,"campfire_upgraded":8,"win_rate":0,"timestamp":1544770955,"path_taken":["M","?","?","M","?","E","M","E","T","M","M","R","M","M","R","BOSS","M","$","?","?","M","E","?","R","T","?","R","M","M","E","R","BOSS","M","M","M","M","M","E","R","?","T","E","R","?","M","$","R","BOSS"],"build_version":"2018-12-13","purchased_purges":1,"victory":true,"max_hp_per_floor":[75,75,75,75,75,75,75,75,75,75,75,75,75,75,75,75,75,75,75,75,75,75,75,75,75,75,75,75,75,75,75,75,75,75,75,75,75,75,75,75,75,75,75,75,75,75,75,75,75,75],"card_choices":[{"not_picked":["Redo","Steam"],"picked":"Gash","floor":1},{"not_picked":["Steam","Redo"],"picked":"Stack","floor":4},{"not_picked":["Turbo","Aggregate"],"picked":"Genetic Algorithm","floor":6},{"not_picked":["Go for the Eyes","Fusion"],"picked":"Compile Driver","floor":7},{"not_picked":["Undo","Fission"],"picked":"Coolheaded","floor":8},{"not_picked":["Auto Shields","Hologram"],"picked":"Sunder","floor":10},{"not_picked":["Rip and Tear","Undo"],"picked":"Barrage","floor":11},{"not_picked":["Sweeping Beam","Static Discharge"],"picked":"Leap","floor":13},{"not_picked":["Blizzard","Doom and Gloom"],"picked":"Hologram","floor":14},{"not_picked":["Hyperbeam","Creative AI"],"picked":"Electrodynamics","floor":16},{"not_picked":["Go for the Eyes","Streamline"],"picked":"Beam Cell","floor":18},{"not_picked":["Coolheaded","Barrage"],"picked":"Compile Driver+1","floor":22},{"not_picked":["Leap+1","Streamline"],"picked":"Conserve Battery+1","floor":23},{"not_picked":["Ball Lightning","Multi-Cast"],"picked":"Genetic Algorithm","floor":27},{"not_picked":["Turbo","Sweeping Beam"],"picked":"Coolheaded","floor":29},{"not_picked":["Go for the Eyes","Ball Lightning"],"picked":"Rip and Tear+1","floor":30},{"not_picked":["Consume","BootSequence"],"picked":"Defragment","floor":31},{"not_picked":["Amplify","Creative AI"],"picked":"Machine Learning","floor":33},{"not_picked":["Turbo","Hologram+1"],"picked":"Steam Power+1","floor":35},{"not_picked":["Static Discharge+1","Chaos+1"],"picked":"Chill+1","floor":36},{"not_picked":["Sunder","Skim"],"picked":"Tempest+1","floor":37},{"not_picked":["Doom and Gloom","Hologram+1"],"picked":"Cold Snap","floor":38},{"not_picked":["Sweeping Beam+1","Double Energy"],"picked":"Beam Cell","floor":39},{"not_picked":["Gash","Sunder+1"],"picked":"Beam Cell+1","floor":40},{"not_picked":["Leap+1","Go for the Eyes"],"picked":"Chaos+1","floor":44},{"not_picked":["Biased Cognition","Compile Driver+1"],"picked":"White Noise+1","floor":47}],"player_experience":230324,"relics_obtained":[{"floor":6,"key":"MawBank"},{"floor":8,"key":"Omamori"},{"floor":9,"key":"Pen Nib"},{"floor":23,"key":"Dodecahedron"},{"floor":24,"key":"Enchiridion"},{"floor":26,"key":"Vajra"},{"floor":31,"key":"Incense Burner"},{"floor":40,"key":"Mummified Hand"},{"floor":43,"key":"Darkstone Periapt"},{"floor":44,"key":"Blood Vial"}],"event_choices":[{"damage_healed":0,"gold_gain":0,"player_choice":"Take Damage","damage_taken":18,"relics_obtained":["Golden Idol"],"max_hp_gain":0,"max_hp_loss":0,"event_name":"Golden Idol","floor":2,"gold_loss":0},{"damage_healed":0,"gold_gain":0,"player_choice":"Success","damage_taken":7,"relics_obtained":["DataDisk"],"max_hp_gain":0,"max_hp_loss":0,"event_name":"Scrap Ooze","floor":3,"gold_loss":0},{"damage_healed":25,"gold_gain":0,"player_choice":"Banana","damage_taken":0,"max_hp_gain":0,"max_hp_loss":0,"event_name":"Big Fish","floor":5,"gold_loss":0},{"damage_healed":0,"gold_gain":0,"player_choice":"Joined the Cult","damage_taken":6,"max_hp_gain":0,"max_hp_loss":0,"event_name":"Nest","floor":20,"gold_loss":0,"cards_obtained":["RitualDagger"]},{"damage_healed":0,"gold_gain":0,"player_choice":"Gave Idol","damage_taken":0,"relics_obtained":["Bloody Idol"],"max_hp_gain":0,"max_hp_loss":0,"event_name":"Forgotten Altar","floor":21,"relics_lost":["Golden Idol"],"gold_loss":0},{"damage_healed":0,"gold_gain":0,"player_choice":"Obtained Book","damage_taken":16,"max_hp_gain":0,"max_hp_loss":0,"event_name":"Cursed Tome","floor":24,"gold_loss":0},{"damage_healed":0,"gold_gain":0,"player_choice":"Ignored","damage_taken":0,"max_hp_gain":0,"max_hp_loss":0,"event_name":"Tomb of Lord Red Mask","floor":42,"gold_loss":0},{"damage_healed":0,"gold_gain":0,"player_choice":"Full Heal","damage_taken":0,"max_hp_gain":0,"max_hp_loss":0,"event_name":"Wheel of Change","floor":46,"gold_loss":0}],"is_beta":true,"boss_relics":[{"not_picked":["Snecko Eye","Ectoplasm"],"picked":"Lizard Tail"},{"not_picked":["Astrolabe","Runic Dome"],"picked":"Inserter"}],"items_purged_floors":[48],"is_endless":false,"potions_floor_spawned":[4,6,7,14,16,22,23,33,35,37,39,44],"ascension_level":0}