{"gold_per_floor":[113,131,142,119,138,163,163,189,212,280,297,347,377,388,388,467,467,478,578,628,638,688,723,723,24,24,49,69,170,235,247,247,325,325,344,441,491,509,33,33,53,68,68,99,174,187,221,0,0,0],"floor_reached":51,"playtime":2680,"items_purged":["Strike_B+1"],"score":1515,"play_id":"fcc9b51e-5db9-41ae-9f24-4cb6e8479dac","local_time":"20181019113223","is_ascension_mode":true,"campfire_choices":[{"data":"Loop","floor":15,"key":"SMITH"},{"data":"Streamline","floor":24,"key":"SMITH"},{"floor":32,"key":"REST"},{"data":"Strike_B+1","floor":40,"key":"PURGE"},{"floor":49,"key":"DIG"}],"neow_cost":"NONE","seed_source_timestamp":0,"circlet_count":0,"master_deck":["Strike_B+1","Defend_B+1","Defend_B+1","Defend_B+1","Zap+1","Dualcast+1","AscendersBane","Conserve Battery","Ball Lightning","Chill+1","Ball Lightning","Leap","Sweeping Beam","Loop+1","Go for the Eyes","Glacier","Creative AI","Fusion","Streamline+1","Creative AI","Storm+1","Sweeping Beam+1","FTL+1","Electrodynamics","Storm","Chill+1","Static Discharge","Force Field"],"special_seed":0,"relics":["Cracked Core","Bag of Preparation","Torii","SsserpentHead","Lantern","Omamori","Oddly Smooth Stone","Snecko Eye","Strawberry","Ice Cream","Mummified Hand","Sling","Matryoshka","DataDisk","Symbiotic Virus","Centennial Puzzle","Empty Cage","Peace Pipe","StoneCalendar","War Paint","Incense Burner","Bag of Marbles","Shovel","Meat on the Bone","Blood Vial","Unceasing Top","Red Mask","Pocketwatch"],"potions_floor_usage":[13,13],"damage_taken":[{"damage":4.0,"enemies":"Jaw Worm","floor":1.0,"turns":4.0},{"damage":0.0,"enemies":"Cultist","floor":2.0,"turns":3.0},{"damage":3.0,"enemies":"2 Louse","floor":3.0,"turns":2.0},{"damage":0.0,"enemies":"Red Slaver","floor":5.0,"turns":3.0},{"damage":20,"enemies":"Lagavulin","floor":6,"turns":5},{"damage":7,"enemies":"3 Sentries","floor":8,"turns":5},{"damage":0,"enemies":"2 Fungi Beasts","floor":10,"turns":3},{"damage":0,"enemies":"3 Louse","floor":11,"turns":3},{"damage":12,"enemies":"Gremlin Nob","floor":13,"turns":5},{"damage":0,"enemies":"Blue Slaver","floor":14,"turns":3},{"damage":4,"enemies":"Hexaghost","floor":16,"turns":12},{"damage":0,"enemies":"Chosen","floor":18,"turns":4},{"damage":1,"enemies":"Shell Parasite","floor":21,"turns":8},{"damage":15,"enemies":"Book of Stabbing","floor":23,"turns":7},{"damage":0,"enemies":"Gremlin Leader","floor":27,"turns":5},{"damage":0,"enemies":"Shelled Parasite and Fungi","floor":28,"turns":3},{"damage":18,"enemies":"Snake Plant","floor":30,"turns":3},{"damage":0,"enemies":"Centurion and Healer","floor":31,"turns":4},{"damage":12,"enemies":"Collector","floor":33,"turns":6},{"damage":0,"enemies":"3 Shapes","floor":35,"turns":1},{"damage":1,"enemies":"2 Orb Walkers","floor":36,"turns":3},{"damage":1,"enemies":"Mind Bloom Boss Battle","floor":37,"turns":6},{"damage":0,"enemies":"Orb Walker","floor":38,"turns":2},{"damage":0,"enemies":"Writhing Mass","floor":41,"turns":4},{"damage":0,"enemies":"Transient","floor":42,"turns":5},{"damage":0,"enemies":"Giant Head","floor":44,"turns":6},{"damage":0,"enemies":"Jaw Worm Horde","floor":46,"turns":2},{"damage":0,"enemies":"Nemesis","floor":47,"turns":3},{"damage":1,"enemies":"Donu and Deca","floor":50,"turns":5}],"seed_played":"-4853508367059780984","potions_obtained":[{"floor":5,"key":"Block Potion"},{"floor":6,"key":"Swift Potion"},{"floor":11,"key":"Regen Potion"},{"floor":13,"key":"Block Potion"},{"floor":21,"key":"Swift Potion"},{"floor":38,"key":"FocusPotion"}],"is_trial":false,"path_per_floor":["M","M","M","$","M","E","?","E","T","M","M","?","E","M","R","B",null,"M","?","?","M","?","E","R","$","T","E","M","T","M","M","R","B",null,"M","?","?","M","$","R","M","M","T","E","T","M","E","?","R","B"],"character_chosen":"DEFECT","items_purchased":["Ball Lightning","Ice Cream","Mummified Hand","Sling","War Paint","Incense Burner"],"campfire_rested":1,"item_purchase_floors":[4,25,25,25,39,39],"current_hp_per_floor":[60,60,57,57,57,37,37,30,30,30,30,30,30,30,30,26,60,60,60,60,59,59,51,51,51,51,51,51,51,33,33,56,44,70,70,69,68,68,68,68,68,68,68,68,68,70,72,72,72,73],"gold":0,"neow_bonus":"RANDOM_COMMON_RELIC","is_prod":false,"is_daily":false,"chose_seed":false,"campfire_upgraded":2,"win_rate":0,"timestamp":1539941543,"path_taken":["M","M","M","$","M","E","?","E","T","?","M","?","E","M","R","BOSS","M","?","?","M","?","E","R","?","T","E","M","?","?","M","R","BOSS","M","?","?","M","?","R","M","M","T","E","?","M","E","?","R","BOSS"],"build_version":"2018-10-18","purchased_purges":1,"victory":true,"max_hp_per_floor":[71,71,71,71,71,71,71,71,71,71,71,71,71,71,71,71,71,71,71,71,71,71,78,78,78,78,78,78,78,78,78,78,78,78,78,78,78,78,78,78,78,78,78,78,78,78,78,78,78,78],"card_choices":[{"not_picked":["Gash","Hologram"],"picked":"Conserve Battery","floor":1.0},{"not_picked":["All For One","Steam"],"picked":"Ball Lightning","floor":2.0},{"not_picked":["Darkness","Scrape"],"picked":"Chill","floor":3.0},{"not_picked":["Recycle","Loop"],"picked":"Leap","floor":5},{"not_picked":["Reboot","Heatsinks","Steam Power"],"picked":"SKIP","floor":6},{"not_picked":["Genetic Algorithm","Leap"],"picked":"Sweeping Beam","floor":8},{"not_picked":["Coolheaded","Rebound"],"picked":"Loop","floor":10},{"not_picked":["Aggregate","Rebound"],"picked":"Go for the Eyes","floor":11},{"not_picked":["Barrage","Sweeping Beam"],"picked":"Glacier","floor":13},{"not_picked":["Rip and Tear","Compile Driver","Gash"],"picked":"SKIP","floor":14},{"not_picked":["All For One","Seek"],"picked":"Creative AI","floor":16},{"not_picked":["FTL","Cold Snap","Tempest"],"picked":"SKIP","floor":18},{"not_picked":["Chaos","Gash"],"picked":"Fusion","floor":21},{"not_picked":["Redo","Ball Lightning"],"picked":"Creative AI","floor":23},{"not_picked":["FTL","Rainbow"],"picked":"Storm+1","floor":27},{"not_picked":["Coolheaded","Auto Shields"],"picked":"Sweeping Beam+1","floor":28},{"not_picked":["Genetic Algorithm","Beam Cell+1"],"picked":"FTL+1","floor":30},{"not_picked":["Steam","Conserve Battery","Melter"],"picked":"SKIP","floor":31},{"not_picked":["Meteor Strike","Fission"],"picked":"Electrodynamics","floor":33},{"not_picked":["Conserve Battery","Beam Cell"],"picked":"Storm","floor":35},{"not_picked":["Glacier+1","Cold Snap"],"picked":"Chill+1","floor":36},{"not_picked":["Sweeping Beam","Streamline"],"picked":"Static Discharge","floor":38},{"not_picked":["Defragment","Gash+1"],"picked":"Force Field","floor":41},{"not_picked":["Gash","Double Energy","Steam Power"],"picked":"SKIP","floor":42},{"not_picked":["Compile Driver","FTL","Glacier"],"picked":"SKIP","floor":44},{"not_picked":["Reprogram","Reboot","Steam"],"picked":"SKIP","floor":46},{"not_picked":["Steam","Reinforced Body","Beam Cell"],"picked":"SKIP","floor":47}],"player_experience":580575,"relics_obtained":[{"floor":6,"key":"Torii"},{"floor":8,"key":"Lantern"},{"floor":9,"key":"Omamori"},{"floor":13,"key":"Oddly Smooth Stone"},{"floor":23,"key":"Strawberry"},{"floor":26,"key":"Matryoshka"},{"floor":27,"key":"DataDisk"},{"floor":29,"key":"Symbiotic Virus"},{"floor":29,"key":"Centennial Puzzle"},{"floor":36,"key":"Peace Pipe"},{"floor":37,"key":"StoneCalendar"},{"floor":43,"key":"Bag of Marbles"},{"floor":43,"key":"Shovel"},{"floor":44,"key":"Meat on the Bone"},{"floor":45,"key":"Blood Vial"},{"floor":47,"key":"Unceasing Top"},{"floor":49,"key":"Pocketwatch"}],"event_choices":[{"damage_healed":0,"gold_gain":0,"player_choice":"Trade","damage_taken":0,"relics_obtained":["SsserpentHead"],"max_hp_gain":0,"max_hp_loss":0,"event_name":"FaceTrader","floor":7,"gold_loss":0},{"damage_healed":0,"gold_gain":0,"player_choice":"Grow","damage_taken":0,"max_hp_gain":0,"max_hp_loss":0,"event_name":"Living Wall","floor":12,"gold_loss":0,"cards_upgraded":["Chill"]},{"damage_healed":0,"gold_gain":100,"player_choice":"Pray","damage_taken":0,"max_hp_gain":0,"max_hp_loss":0,"event_name":"Golden Shrine","floor":19,"gold_loss":0},{"damage_healed":0,"gold_gain":0,"player_choice":"Simplicity","damage_taken":0,"max_hp_gain":0,"max_hp_loss":0,"event_name":"Back to Basics","floor":20,"gold_loss":0,"cards_upgraded":["Strike_B","Strike_B","Strike_B","Strike_B","Defend_B","Defend_B","Defend_B","Defend_B"]},{"damage_healed":0,"gold_gain":0,"player_choice":"Read","damage_taken":0,"max_hp_gain":0,"max_hp_loss":0,"event_name":"The Library","floor":22,"gold_loss":0,"cards_obtained":["Streamline"]},{"damage_healed":0,"gold_gain":0,"player_choice":"Fight","damage_taken":0,"max_hp_gain":0,"max_hp_loss":0,"event_name":"Mysterious Sphere","floor":36,"gold_loss":0},{"damage_healed":0,"gold_gain":0,"player_choice":"Fight","damage_taken":0,"max_hp_gain":0,"max_hp_loss":0,"event_name":"MindBloom","floor":37,"gold_loss":0},{"damage_healed":0,"gold_gain":0,"player_choice":"Paid","damage_taken":0,"relics_obtained":["Red Mask"],"max_hp_gain":0,"max_hp_loss":0,"event_name":"Tomb of Lord Red Mask","floor":48,"gold_loss":271}],"is_beta":false,"boss_relics":[{"not_picked":["Runic Dome","Calling Bell"],"picked":"Snecko Eye"},{"not_picked":["Tiny House","Eternal Feather"],"picked":"Empty Cage"}],"items_purged_floors":[39],"is_endless":false,"potions_floor_spawned":[5,6,8,11,13,21,27,30,33,38,42,46,47],"ascension_level":15}