{"gold_per_floor":[113,63,79,4,79,114,114,141,168,129,145,165,165,178,178,282,282,298,298,298,298,315,345,345,363,412,159,185,185,198,262,262,365,415,427,440,440,740,757,757,352,362,362,11,11,38,52,103,103,103],"floor_reached":51,"playtime":2025,"items_purged":["Strike_R","Writhe"],"score":1277,"play_id":"5adbdf50-3bca-486d-87ae-edf6512c180b","local_time":"20181018095045","is_ascension_mode":true,"campfire_choices":[{"data":"Clothesline","floor":7,"key":"SMITH"},{"data":"Armaments","floor":15,"key":"SMITH"},{"data":"Limit Break","floor":24,"key":"SMITH"},{"floor":32,"key":"REST"},{"floor":40,"key":"REST"},{"data":"Seeing Red","floor":45,"key":"SMITH"},{"floor":49,"key":"REST"}],"neow_cost":"NONE","seed_source_timestamp":494855799427058,"circlet_count":0,"master_deck":["Defend_R","Defend_R","Defend_R","Defend_R","Bash","AscendersBane","Inflame","Cleave+1","Clothesline+1","Armaments+1","Battle Trance","Seeing Red+1","Limit Break+1","Feel No Pain+1","Whirlwind+1","Fiend Fire+1","Uppercut","Inflame","Armaments+1","Limit Break","Sword Boomerang+1","Battle Trance","Seeing Red+1","Shrug It Off","True Grit+1"],"relics":["Burning Blood","NeowsBlessing","Regal Pillow","Pocketwatch","Vajra","Astrolabe","MutagenicStrength","Strawberry","Dream Catcher","Singing Bowl","Art of War","Tiny Chest","Tiny House","Old Coin","Incense Burner","Unceasing Top","PreservedInsect","Centennial Puzzle","Ancient Tea Set","Turnip"],"potions_floor_usage":[16,16,31,50,50],"damage_taken":[{"damage":0,"enemies":"Jaw Worm","floor":1,"turns":1},{"damage":0,"enemies":"Small Slimes","floor":3,"turns":1},{"damage":0,"enemies":"Lagavulin","floor":6,"turns":1},{"damage":30,"enemies":"3 Sentries","floor":8,"turns":8},{"damage":0,"enemies":"Cultist","floor":11,"turns":3},{"damage":4,"enemies":"2 Fungi Beasts","floor":12,"turns":4},{"damage":6,"enemies":"Blue Slaver","floor":14,"turns":4},{"damage":39,"enemies":"Hexaghost","floor":16,"turns":10},{"damage":0,"enemies":"Shell Parasite","floor":18,"turns":4},{"damage":17,"enemies":"2 Thieves","floor":22,"turns":2},{"damage":0,"enemies":"Gremlin Leader","floor":23,"turns":3},{"damage":8,"enemies":"Centurion and Healer","floor":25,"turns":4},{"damage":9,"enemies":"Book of Stabbing","floor":28,"turns":3},{"damage":0,"enemies":"Snecko","floor":30,"turns":5},{"damage":17,"enemies":"Gremlin Leader","floor":31,"turns":4},{"damage":17,"enemies":"Champ","floor":33,"turns":7},{"damage":38,"enemies":"3 Darklings","floor":35,"turns":3},{"damage":3,"enemies":"Orb Walker","floor":36,"turns":2},{"damage":5,"enemies":"Mind Bloom Boss Battle","floor":38,"turns":5},{"damage":75,"enemies":"Transient","floor":39,"turns":5},{"damage":27,"enemies":"4 Shapes","floor":42,"turns":3},{"damage":27,"enemies":"2 Orb Walkers","floor":46,"turns":2},{"damage":6,"enemies":"Sphere and 2 Shapes","floor":47,"turns":3},{"damage":0,"enemies":"Mysterious Sphere","floor":48,"turns":1},{"damage":60,"enemies":"Donu and Deca","floor":50,"turns":7}],"seed_played":"6321128789198179808","potions_obtained":[{"floor":3,"key":"Block Potion"},{"floor":11,"key":"LiquidBronze"},{"floor":16,"key":"EssenceOfSteel"},{"floor":23,"key":"SteroidPotion"},{"floor":31,"key":"LiquidBronze"},{"floor":46,"key":"Regen Potion"}],"is_trial":false,"path_per_floor":["M","?","M","$","?","E","R","E","T","$","M","M","?","M","R","B",null,"M","?","?","?","M","E","R","M","T","$","E","?","M","E","R","B",null,"M","M","?","?","M","R","$","M","T","$","R","E","M","?","R","B"],"character_chosen":"IRONCLAD","items_purchased":["Battle Trance","Singing Bowl","Incense Burner","PreservedInsect","Shrug It Off","Centennial Puzzle"],"campfire_rested":3,"item_purchase_floors":[10,27,41,44,44,44],"current_hp_per_floor":[78,78,80,80,69,75,75,51,51,51,57,59,59,59,59,26,67,73,58,58,58,47,60,60,58,58,58,57,57,63,54,98,89,104,74,79,107,108,41,89,89,70,70,70,70,51,53,59,111,72],"gold":103,"neow_bonus":"THREE_ENEMY_KILL","is_prod":false,"is_daily":false,"chose_seed":false,"campfire_upgraded":4,"win_rate":0,"timestamp":1539849045,"path_taken":["M","?","M","$","?","E","R","E","T","$","M","M","?","M","R","BOSS","M","?","?","?","M","E","R","M","T","$","E","?","M","E","R","BOSS","M","M","?","?","M","R","$","M","T","$","R","E","M","?","R","BOSS"],"build_version":"2018-10-11","purchased_purges":2,"victory":true,"max_hp_per_floor":[80,80,80,80,80,80,80,80,80,80,80,80,80,80,80,80,80,80,85,85,85,85,92,92,92,92,92,94,94,94,96,98,100,107,109,111,111,111,113,113,113,115,115,115,115,117,119,119,121,121],"card_choices":[{"not_picked":["Armaments","Entrench"],"picked":"Inflame","floor":1},{"not_picked":["Battle Trance","Twin Strike"],"picked":"Cleave","floor":3},{"not_picked":["Exhume","Rage"],"picked":"Clothesline","floor":6},{"not_picked":["Anger","Headbutt"],"picked":"Armaments","floor":8},{"not_picked":["Havoc","Clothesline","Flex"],"picked":"SKIP","floor":11},{"not_picked":["Whirlwind","Havoc"],"picked":"Seeing Red","floor":12},{"not_picked":["Sentinel","Flex","Perfected Strike"],"picked":"SKIP","floor":14},{"not_picked":["Double Tap","Demon Form"],"picked":"Limit Break","floor":16},{"not_picked":["Bloodletting","Sentinel+1"],"picked":"Uppercut","floor":18},{"not_picked":["Evolve+1","Entrench"],"picked":"Armaments+1","floor":22},{"not_picked":["Feed","Fiend Fire"],"picked":"Limit Break","floor":23},{"not_picked":["Burning Pact","Cleave","Pommel Strike"],"picked":"SKIP","floor":25},{"not_picked":["Havoc","Feel No Pain","Fire Breathing"],"picked":"Singing Bowl","floor":28},{"not_picked":["Clash","Clothesline+1"],"picked":"Sword Boomerang+1","floor":30},{"not_picked":["Dual Wield","Iron Wave","Anger"],"picked":"Singing Bowl","floor":31},{"not_picked":["Infernal Blade","Second Wind","Body Slam"],"picked":"Singing Bowl","floor":32},{"not_picked":["Dark Embrace","Impervious","Berserk"],"picked":"Singing Bowl","floor":33},{"not_picked":["Anger","Iron Wave","Flame Barrier+1"],"picked":"Singing Bowl","floor":34},{"not_picked":["Pommel Strike","Body Slam+1","Thunderclap+1"],"picked":"Singing Bowl","floor":35},{"not_picked":["Armaments","Searing Blow","Warcry+1"],"picked":"Singing Bowl","floor":36},{"not_picked":["Corruption+1","Feed"],"picked":"Battle Trance","floor":38},{"not_picked":["Cleave","Body Slam","Wild Strike"],"picked":"Singing Bowl","floor":39},{"not_picked":["Havoc","Anger"],"picked":"Seeing Red+1","floor":40},{"not_picked":["Perfected Strike","Body Slam","Fire Breathing+1"],"picked":"Singing Bowl","floor":42},{"not_picked":["Entrench","Cleave","Dual Wield"],"picked":"Singing Bowl","floor":46},{"not_picked":["Iron Wave+1","Intimidate","Inflame+1"],"picked":"Singing Bowl","floor":47},{"not_picked":["Clash+1","Cleave+1"],"picked":"True Grit+1","floor":48},{"not_picked":["Dark Embrace","Intimidate","True Grit"],"picked":"Singing Bowl","floor":49}],"player_experience":577103,"relics_obtained":[{"floor":6,"key":"Regal Pillow"},{"floor":8,"key":"Pocketwatch"},{"floor":9,"key":"Vajra"},{"floor":23,"key":"Strawberry"},{"floor":26,"key":"Dream Catcher"},{"floor":28,"key":"Art of War"},{"floor":31,"key":"Tiny Chest"},{"floor":38,"key":"Old Coin"},{"floor":43,"key":"Unceasing Top"},{"floor":46,"key":"Ancient Tea Set"},{"floor":48,"key":"Turnip"}],"event_choices":[{"event_name":"The Cleric","player_choice":"Card Removal","floor":2,"damage_taken":0},{"event_name":"World of Goop","player_choice":"Gather Gold","floor":5,"damage_taken":0},{"event_name":"The Woman in Blue","player_choice":"Bought 0 Potions","floor":13,"damage_taken":0},{"event_name":"Forgotten Altar","player_choice":"Shed Blood","floor":19,"damage_taken":0},{"event_name":"Duplicator","player_choice":"One dupe","floor":20,"damage_taken":0},{"event_name":"Drug Dealer","player_choice":"Inject Mutagens","floor":21,"damage_taken":0},{"event_name":"Beggar","player_choice":"Ignored","floor":29,"damage_taken":0},{"event_name":"Winding Halls","player_choice":"Writhe","floor":37,"damage_taken":0},{"event_name":"MindBloom","player_choice":"Fight","floor":38,"damage_taken":0},{"event_name":"Mysterious Sphere","player_choice":"Fight","floor":48,"damage_taken":0}],"is_beta":false,"boss_relics":[{"not_picked":["Velvet Choker","Empty Cage"],"picked":"Astrolabe"},{"not_picked":["Snecko Eye","Pandora\u0027s Box"],"picked":"Tiny House"}],"items_purged_floors":[4,41],"is_endless":false,"potions_floor_spawned":[3,11,16,23,25,30,31,33,46,47],"ascension_level":11}