{"gold_per_floor":[114,126,126,126,141,169,182,213,213,213,169,8,8,8,8,81,81,100,25,25,43,53,53,70,70,94,94,40,67,67],"floor_reached":30,"playtime":1125,"items_purged":["Strike_G"],"score":476,"play_id":"f6a1c369-c83e-4bd4-abb8-8083010788be","local_time":"20190301184201","is_ascension_mode":true,"campfire_choices":[{"floor":10,"key":"REST"},{"floor":15,"key":"REST"},{"floor":23,"key":"REST"},{"floor":25,"key":"REST"},{"data":"Well Laid Plans","floor":27,"key":"SMITH"}],"neow_cost":"NONE","seed_source_timestamp":0,"circlet_count":0,"master_deck":["AscendersBane","Defend_G","Defend_G","Defend_G","Defend_G","Defend_G","Survivor","Neutralize","Poisoned Stab","Caltrops","Dash","Sucker Punch","Poisoned Stab","Backflip","Noxious Fumes+1","Well Laid Plans+1","Die Die Die","Corpse Explosion+1","Dash+1","Quick Slash+1","Infinite Blades+1","Backstab","Poisoned Stab","Deadly Poison"],"special_seed":0,"relics":["Ring of the Snake","Boot","Peace Pipe","Unceasing Top","Astrolabe","Juzu Bracelet","Bag of Preparation"],"potions_floor_usage":[6,6,8,16,30],"damage_taken":[{"damage":0,"enemies":"Cultist","floor":1,"turns":4},{"damage":0,"enemies":"2 Louse","floor":2,"turns":5},{"damage":1,"enemies":"Small Slimes","floor":5,"turns":4},{"damage":18,"enemies":"Gremlin Nob","floor":6,"turns":4},{"damage":6,"enemies":"Red Slaver","floor":7,"turns":3},{"damage":24,"enemies":"Lagavulin","floor":8,"turns":6},{"damage":5,"enemies":"Exordium Thugs","floor":11,"turns":5},{"damage":40,"enemies":"Slime Boss","floor":16,"turns":11},{"damage":8,"enemies":"Chosen","floor":18,"turns":5},{"damage":15,"enemies":"Spheric Guardian","floor":21,"turns":6},{"damage":21,"enemies":"Snake Plant","floor":22,"turns":4},{"damage":26,"enemies":"Centurion and Healer","floor":24,"turns":8},{"damage":32,"enemies":"Book of Stabbing","floor":30,"turns":4}],"seed_played":"6420840749170863615","potions_obtained":[{"floor":2,"key":"AttackPotion"},{"floor":5,"key":"Fruit Juice"},{"floor":7,"key":"Fire Potion"},{"floor":11,"key":"SpeedPotion"}],"is_trial":false,"path_per_floor":["M","M","?","?","M","E","M","E","T","R","M","$","?","?","R","B",null,"M","$","?","M","M","R","M","R","T","R","$","T","E"],"character_chosen":"THE_SILENT","items_purchased":["Well Laid Plans","Die Die Die","Explosive Potion"],"campfire_rested":4,"item_purchase_floors":[12,12,28],"current_hp_per_floor":[59,59,52,52,51,38,32,8,8,29,24,24,24,24,45,5,55,47,47,47,32,11,32,6,27,27,27,27,27,0],"gold":67,"neow_bonus":"THREE_CARDS","is_prod":false,"is_daily":false,"chose_seed":false,"campfire_upgraded":1,"win_rate":0,"timestamp":1551462121,"path_taken":["M","M","?","?","M","E","M","E","T","R","M","$","?","?","R","BOSS","M","$","?","M","M","R","M","R","T","R","$","?","E"],"build_version":"2019-01-23","purchased_purges":1,"victory":false,"max_hp_per_floor":[66,66,66,66,66,71,71,71,71,71,71,71,71,71,71,71,71,71,71,71,71,71,71,71,71,71,71,71,71,71],"card_choices":[{"not_picked":["Terror","Dagger Throw"],"picked":"Poisoned Stab","floor":0},{"not_picked":["Blade Dance","Finisher"],"picked":"Caltrops","floor":1},{"not_picked":["Setup","Outmaneuver"],"picked":"Dash","floor":2},{"not_picked":["Backflip","Concentrate"],"picked":"Sucker Punch","floor":5},{"not_picked":["Doppelganger","Choke","Slice"],"picked":"SKIP","floor":6},{"not_picked":["Quick Slash","Well Laid Plans"],"picked":"Poisoned Stab","floor":7},{"not_picked":["Underhanded Strike","Prepared"],"picked":"Backflip","floor":8},{"not_picked":["Well Laid Plans","Flying Knee"],"picked":"Noxious Fumes","floor":11},{"not_picked":["Die Die Die","Envenom"],"picked":"Corpse Explosion","floor":16},{"not_picked":["Prepared","Slice"],"picked":"Backstab","floor":18},{"not_picked":["Acrobatics+1","Bane"],"picked":"Poisoned Stab","floor":21},{"not_picked":["Tactician","Poisoned Stab"],"picked":"Deadly Poison","floor":22},{"not_picked":["Bane","Blade Dance","Dash"],"picked":"SKIP","floor":24}],"player_experience":1356298,"relics_obtained":[{"floor":6,"key":"Boot"},{"floor":8,"key":"Peace Pipe"},{"floor":9,"key":"Unceasing Top"},{"floor":26,"key":"Juzu Bracelet"},{"floor":29,"key":"Bag of Preparation"}],"event_choices":[{"cards_removed":["Strike_G"],"damage_healed":0,"gold_gain":0,"player_choice":"Card Removal","damage_taken":7,"max_hp_gain":0,"max_hp_loss":0,"event_name":"Golden Wing","floor":3,"gold_loss":0},{"damage_healed":0,"gold_gain":0,"player_choice":"Ignored","damage_taken":0,"max_hp_gain":0,"max_hp_loss":0,"event_name":"Liars Game","floor":4,"gold_loss":0},{"damage_healed":0,"gold_gain":0,"player_choice":"Leave","damage_taken":0,"max_hp_gain":0,"max_hp_loss":0,"event_name":"The Cleric","floor":13,"gold_loss":0},{"damage_healed":0,"gold_gain":0,"player_choice":"Forge","damage_taken":0,"max_hp_gain":0,"max_hp_loss":0,"event_name":"Accursed Blacksmith","floor":14,"gold_loss":0,"cards_upgraded":["Noxious Fumes"]},{"damage_healed":0,"gold_gain":0,"player_choice":"Upgraded","damage_taken":0,"max_hp_gain":0,"max_hp_loss":0,"event_name":"Upgrade Shrine","floor":20,"gold_loss":0,"cards_upgraded":["Corpse Explosion"]}],"is_beta":false,"boss_relics":[{"not_picked":["White Beast Statue","Philosopher\u0027s Stone"],"picked":"Astrolabe"}],"items_purged_floors":[19],"is_endless":false,"potions_floor_spawned":[2,5,7,11],"killed_by":"Book of Stabbing","ascension_level":20}