{"gold_per_floor":[116,116,39,50,50,50,63,77,104,118,15,47,47,63,63,137,137,97,97,97,97,97,97],"floor_reached":23,"playtime":596,"items_purged":["Strike_B"],"score":363,"play_id":"fc031a86-1988-4e28-a45d-387411f92aae","local_time":"20181211133907","is_ascension_mode":true,"campfire_choices":[{"data":"Defragment","floor":6.0,"key":"SMITH"},{"data":"Storm","floor":13.0,"key":"SMITH"},{"data":"Hologram","floor":15.0,"key":"SMITH"}],"neow_cost":"NONE","seed_source_timestamp":0,"circlet_count":0,"master_deck":["AscendersBane","Strike_B+1","Strike_B+1","Strike_B","Defend_B","Defend_B","Defend_B","Defend_B","Zap+1","Dualcast","Electrodynamics","Storm+1","Defragment+1","Doom and Gloom","Heatsinks","Ball Lightning","Self Repair","Ball Lightning","Conserve Battery","Leap","Hologram+1","Seek","Glacier"],"special_seed":0,"relics":["Cracked Core","Bronze Scales","Whetstone","Ectoplasm"],"potions_floor_usage":[23],"damage_taken":[{"damage":0.0,"enemies":"2 Louse","floor":1.0,"turns":1.0},{"damage":10.0,"enemies":"Small Slimes","floor":4.0,"turns":3.0},{"damage":1.0,"enemies":"Cultist","floor":7.0,"turns":3.0},{"damage":12.0,"enemies":"Lots of Slimes","floor":8.0,"turns":2.0},{"damage":11.0,"enemies":"Exordium Thugs","floor":10.0,"turns":3.0},{"damage":8.0,"enemies":"Gremlin Nob","floor":12.0,"turns":3.0},{"damage":11.0,"enemies":"Looter","floor":14.0,"turns":2.0},{"damage":10.0,"enemies":"Hexaghost","floor":16.0,"turns":6.0},{"damage":22.0,"enemies":"2 Thieves","floor":18.0,"turns":2.0},{"damage":1.0,"enemies":"Spheric Guardian","floor":22.0,"turns":3.0},{"damage":28,"enemies":"Gremlin Leader","floor":23,"turns":4}],"seed_played":"723920870543199167","potions_obtained":[{"floor":1.0,"key":"LiquidBronze"},{"floor":4.0,"key":"Block Potion"},{"floor":10.0,"key":"Explosive Potion"},{"floor":18.0,"key":"SkillPotion"}],"is_trial":false,"path_per_floor":["M","?","$","M","?","R","M","M","T","M","$","E","R","M","R","B",null,"M","?","?","?","M","E"],"character_chosen":"DEFECT","items_purchased":["Defragment","Conserve Battery"],"campfire_rested":0,"item_purchase_floors":[3,11],"current_hp_per_floor":[64,64,64,54,54,54,53,41,41,37,37,29,29,25,25,22,59,44,44,44,24,23,0],"gold":97,"neow_bonus":"ONE_RANDOM_RARE_CARD","is_prod":false,"is_daily":false,"chose_seed":false,"campfire_upgraded":3,"win_rate":0,"timestamp":1544531947,"path_taken":["M","?","$","M","?","R","M","?","T","?","?","E","R","M","R","BOSS","M","?","?","?","M","E"],"build_version":"2018-12-06","purchased_purges":1,"victory":false,"max_hp_per_floor":[71,71,71,71,71,71,71,71,71,71,71,71,71,71,71,71,71,71,71,71,76,76,76],"card_choices":[{"not_picked":["Redo","Force Field"],"picked":"Storm","floor":1.0},{"not_picked":["Cold Snap","Redo"],"picked":"Doom and Gloom","floor":4.0},{"not_picked":["Capacitor","Sunder"],"picked":"Ball Lightning","floor":7.0},{"not_picked":["Auto Shields","Gash"],"picked":"Self Repair","floor":8.0},{"not_picked":["Loop","Go for the Eyes"],"picked":"Ball Lightning","floor":10.0},{"not_picked":["Compile Driver","Heatsinks"],"picked":"Leap","floor":12.0},{"not_picked":["Stack","Doom and Gloom"],"picked":"Hologram","floor":14.0},{"not_picked":["Machine Learning","Hyperbeam"],"picked":"Seek","floor":16.0},{"not_picked":["Hologram","Steam","Double Energy+1"],"picked":"SKIP","floor":18.0},{"not_picked":["Stack","Darkness"],"picked":"Glacier","floor":22.0}],"player_experience":940753,"relics_obtained":[{"floor":9.0,"key":"Bronze Scales"},{"floor":12.0,"key":"Whetstone"}],"event_choices":[{"damage_healed":0.0,"max_hp_gain":0.0,"max_hp_loss":0.0,"gold_gain":0.0,"event_name":"Living Wall","player_choice":"Grow","floor":2.0,"gold_loss":0.0,"damage_taken":0.0,"cards_upgraded":["Zap"]},{"damage_healed":0.0,"max_hp_gain":0.0,"max_hp_loss":0.0,"gold_gain":0.0,"event_name":"Match and Keep!","player_choice":"1 cards matched","floor":5.0,"gold_loss":0.0,"damage_taken":0.0,"cards_obtained":["Heatsinks"]},{"damage_healed":0.0,"max_hp_gain":0.0,"max_hp_loss":0.0,"gold_gain":50.0,"event_name":"Nest","player_choice":"Stole From Cult","floor":19.0,"gold_loss":0.0,"damage_taken":0.0},{"damage_healed":0.0,"max_hp_gain":0.0,"max_hp_loss":0.0,"gold_gain":0.0,"event_name":"Ghosts","player_choice":"Ignored","floor":20.0,"gold_loss":0.0,"damage_taken":0.0},{"damage_healed":0.0,"max_hp_gain":5.0,"max_hp_loss":0.0,"gold_gain":0.0,"event_name":"Forgotten Altar","player_choice":"Shed Blood","floor":21.0,"gold_loss":0.0,"damage_taken":25.0}],"is_beta":false,"boss_relics":[{"not_picked":["Calling Bell","Pandora\u0027s Box"],"picked":"Ectoplasm"}],"items_purged_floors":[11],"is_endless":false,"potions_floor_spawned":[1,4,10,14,18],"killed_by":"Gremlin Leader","ascension_level":18}