{"gold_per_floor":[109,15,31,47,59,89,89,122,202,232,256,268,280,292,304,447,459,459,459,459,459,459,459,459,459,459,459,459],"floor_reached":28,"playtime":1899,"items_purged":[],"score":400,"play_id":"2a9791a0-bd7e-40bb-bdb6-c3a613b1923d","local_time":"20190418022526","is_ascension_mode":true,"campfire_choices":[{"data":"After Image","floor":7.0,"key":"SMITH"},{"data":"Infinite Blades","floor":12.0,"key":"SMITH"},{"data":"Dash","floor":15.0,"key":"SMITH"},{"floor":24,"key":"REST"}],"neow_cost":"NONE","seed_source_timestamp":0,"circlet_count":0,"master_deck":["AscendersBane","Defend_G","Defend_G","Defend_G","Defend_G","Defend_G","Strike_G","Strike_G","Strike_G","Strike_G","Strike_G","Survivor","Neutralize+1","PiercingWail","Dash+1","Backflip","Flying Knee","Infinite Blades+1","After Image+1","Flying Knee","Die Die Die","Backflip+1","Deflect","Bullet Time"],"special_seed":0,"relics":["Ring of the Snake","Bronze Scales","Gambling Chip","Meat on the Bone","Golden Idol","Ectoplasm","Nloth\u0027s Gift","Mango","Thread and Needle","Pear"],"potions_floor_usage":[23,28],"damage_taken":[{"damage":2.0,"enemies":"Cultist","floor":1.0,"turns":5.0},{"damage":2.0,"enemies":"Jaw Worm","floor":3.0,"turns":6.0},{"damage":3.0,"enemies":"Small Slimes","floor":4.0,"turns":4.0},{"damage":0.0,"enemies":"3 Louse","floor":5.0,"turns":6.0},{"damage":20.0,"enemies":"Lagavulin","floor":6.0,"turns":10.0},{"damage":7.0,"enemies":"3 Sentries","floor":8.0,"turns":8.0},{"damage":13.0,"enemies":"Red Slaver","floor":11.0,"turns":5.0},{"damage":11.0,"enemies":"Hexaghost","floor":16.0,"turns":12.0},{"damage":1.0,"enemies":"Chosen","floor":18.0,"turns":4.0},{"damage":4.0,"enemies":"3 Byrds","floor":20.0,"turns":3.0},{"damage":1.0,"enemies":"Snecko","floor":21.0,"turns":6.0},{"damage":1.0,"enemies":"Colosseum Slavers","floor":22.0,"turns":7.0},{"damage":8.0,"enemies":"Colosseum Nobs","floor":22.0,"turns":6.0},{"damage":14,"enemies":"Slavers","floor":23,"turns":7},{"damage":10,"enemies":"Snake Plant","floor":25,"turns":6},{"damage":6,"enemies":"Centurion and Healer","floor":27,"turns":11},{"damage":87,"enemies":"Gremlin Leader","floor":28,"turns":10}],"seed_played":"-8809916518926377415","potions_obtained":[{"floor":5.0,"key":"AttackPotion"},{"floor":6.0,"key":"Poison Potion"},{"floor":8.0,"key":"SkillPotion"},{"floor":18.0,"key":"Regen Potion"},{"floor":22.0,"key":"EssenceOfSteel"},{"floor":25,"key":"Ancient Potion"}],"is_trial":false,"path_per_floor":["M","$","M","M","M","E","R","E","T","?","M","R","$","?","R","B",null,"M","?","M","M","?","E","R","M","T","M","E"],"character_chosen":"THE_SILENT","items_purchased":["Dash","Backflip"],"campfire_rested":1,"item_purchase_floors":[2,2],"current_hp_per_floor":[61,61,59,56,56,36,36,29,29,29,28,28,28,28,28,29,56,55,55,51,50,55,41,64,54,64,58,0],"gold":459,"neow_bonus":"UPGRADE_CARD","is_prod":false,"is_daily":false,"chose_seed":false,"campfire_upgraded":3,"win_rate":0,"timestamp":1555565126,"path_taken":["M","$","M","?","M","E","R","E","T","?","M","R","$","?","R","BOSS","M","?","?","?","?","E","R","M","T","M","E"],"build_version":"2019-01-23","purchased_purges":0,"victory":false,"max_hp_per_floor":[70,70,70,70,70,70,70,70,70,70,70,70,70,65,65,65,65,65,65,65,65,79,79,79,79,89,89,89],"card_choices":[{"not_picked":["Cloak And Dagger","Bane"],"picked":"PiercingWail","floor":1.0},{"not_picked":["Deflect","Finisher"],"picked":"Flying Knee","floor":3.0},{"not_picked":["Bouncing Flask","Slice","Bane"],"picked":"SKIP","floor":4.0},{"not_picked":["Prepared","Tactician"],"picked":"Infinite Blades","floor":5.0},{"not_picked":["Backflip","Deflect"],"picked":"After Image","floor":6.0},{"not_picked":["Acrobatics","Masterful Stab","Underhanded Strike"],"picked":"SKIP","floor":8.0},{"not_picked":["Prepared","Sucker Punch"],"picked":"Flying Knee","floor":11.0},{"not_picked":["Grand Finale","A Thousand Cuts"],"picked":"Die Die Die","floor":16.0},{"not_picked":["Outmaneuver+1","Slice+1","Underhanded Strike"],"picked":"SKIP","floor":18.0},{"not_picked":["Acrobatics","Bane"],"picked":"Backflip+1","floor":20.0},{"not_picked":["Bane","Dodge and Roll"],"picked":"Deflect","floor":21.0},{"not_picked":["Finisher","Wraith Form v2"],"picked":"Bullet Time","floor":23},{"not_picked":["Reflex","Tactician","Blade Dance"],"picked":"SKIP","floor":25},{"not_picked":["Dagger Spray","Blade Dance","Sucker Punch"],"picked":"SKIP","floor":27}],"player_experience":650769,"relics_obtained":[{"floor":6.0,"key":"Bronze Scales"},{"floor":8.0,"key":"Gambling Chip"},{"floor":9.0,"key":"Meat on the Bone"},{"floor":22.0,"key":"Mango"},{"floor":23,"key":"Thread and Needle"},{"floor":26,"key":"Pear"}],"event_choices":[{"damage_healed":0.0,"max_hp_gain":0.0,"max_hp_loss":0.0,"gold_gain":30.0,"event_name":"Dead Adventurer","player_choice":"Searched \u00273\u0027 times","floor":10.0,"gold_loss":0.0,"damage_taken":0.0,"relics_obtained":["MawBank"]},{"damage_healed":0.0,"max_hp_gain":0.0,"max_hp_loss":5.0,"gold_gain":0.0,"event_name":"Golden Idol","player_choice":"Lose Max HP","floor":14.0,"gold_loss":0.0,"damage_taken":0.0,"relics_obtained":["Golden Idol"]},{"damage_healed":0.0,"max_hp_gain":0.0,"max_hp_loss":0.0,"gold_gain":0.0,"event_name":"N\u0027loth","player_choice":"Traded Relic","floor":19.0,"relics_lost":["MawBank"],"gold_loss":0.0,"damage_taken":0.0,"relics_obtained":["Nloth\u0027s Gift"]},{"damage_healed":0.0,"max_hp_gain":0.0,"max_hp_loss":0.0,"gold_gain":0.0,"event_name":"Colosseum","player_choice":"Fight","floor":22.0,"gold_loss":0.0,"damage_taken":0.0},{"damage_healed":0.0,"max_hp_gain":0.0,"max_hp_loss":0.0,"gold_gain":0.0,"event_name":"Colosseum","player_choice":"Fought Nobs","floor":22.0,"gold_loss":0.0,"damage_taken":0.0}],"is_beta":false,"boss_relics":[{"not_picked":["Philosopher\u0027s Stone","Lizard Tail"],"picked":"Ectoplasm"}],"items_purged_floors":[],"is_endless":false,"potions_floor_spawned":[5,6,8,11,18,22,25],"killed_by":"Gremlin Leader","ascension_level":10}