{"gold_per_floor":[116,127,141,141,153,184,184,243,243,38,38,57,77,87,87,183,183,196,23,298,314,314,339,339,364,418,191,206,206,219,236,236,335,335,353,353,367,367,383,383,414,427,427,427,474,505,516,527,527,527,527,527,6,38,38],"floor_reached":56,"playtime":4956,"items_purged":["Regret","Strike_B"],"score":1412,"play_id":"16c8eb5c-75e8-4bbd-b036-46ddf0b9d1af","local_time":"20190211231109","is_ascension_mode":true,"campfire_choices":[{"data":"Zap","floor":7,"key":"SMITH"},{"data":"Creative AI","floor":15,"key":"SMITH"},{"floor":29,"key":"REST"},{"floor":32,"key":"REST"},{"floor":40,"key":"REST"},{"floor":44,"key":"RECALL"},{"floor":49,"key":"REST"},{"floor":52,"key":"REST"}],"neow_cost":"NONE","seed_source_timestamp":2405650612622300,"circlet_count":0,"master_deck":["Defend_B","Defend_B","Defend_B","Defend_B","Zap+1","Dualcast","Cold Snap","Ball Lightning","Creative AI+1","FTL","Go for the Eyes","Scrape","Self Repair","Gash","Defragment","Rainbow","Gash+1","Panache","Sunder","Buffer","Stack","Chill+1","Recycle+1","Coolheaded","Beam Cell","Beam Cell+1","Beam Cell","Echo Form","Go for the Eyes+1","Steam Power+1","BootSequence","Cold Snap+1","Defragment+1","Consume+1","Heatsinks+1","Recycle+1","Stack","Hologram+1","Barrage+1","Scrape+1","Capacitor","Compile Driver"],"relics":["Runic Pyramid","Bronze Scales","Tiny Chest","Anchor","Medical Kit","Sozu","Bottled Tornado","Centennial Puzzle","PreservedInsect","Dream Catcher","Fusion Hammer","StoneCalendar","Mango","FossilizedHelix","DataDisk","Boot","Whetstone"],"potions_floor_usage":[6,13,16,25],"damage_taken":[{"damage":1,"enemies":"2 Louse","floor":1,"turns":2},{"damage":0,"enemies":"Cultist","floor":2,"turns":4},{"damage":0,"enemies":"Small Slimes","floor":3,"turns":2},{"damage":2,"enemies":"Blue Slaver","floor":5,"turns":4},{"damage":20,"enemies":"Gremlin Nob","floor":6,"turns":5},{"damage":12,"enemies":"Lagavulin","floor":8,"turns":6},{"damage":2,"enemies":"Large Slime","floor":12,"turns":4},{"damage":0,"enemies":"Gremlin Gang","floor":13,"turns":3},{"damage":1,"enemies":"3 Louse","floor":14,"turns":3},{"damage":23,"enemies":"Slime Boss","floor":16,"turns":9},{"damage":0,"enemies":"Chosen","floor":18,"turns":4},{"damage":16,"enemies":"Spheric Guardian","floor":21,"turns":5},{"damage":44,"enemies":"Gremlin Leader","floor":23,"turns":8},{"damage":19,"enemies":"Colosseum Slavers","floor":24,"turns":4},{"damage":13,"enemies":"Book of Stabbing","floor":25,"turns":4},{"damage":5,"enemies":"Cultist and Chosen","floor":28,"turns":7},{"damage":15,"enemies":"Snake Plant","floor":30,"turns":4},{"damage":0,"enemies":"Centurion and Healer","floor":31,"turns":5},{"damage":27,"enemies":"Collector","floor":33,"turns":10},{"damage":18,"enemies":"3 Darklings","floor":35,"turns":5},{"damage":0,"enemies":"Orb Walker","floor":37,"turns":4},{"damage":29,"enemies":"Spire Growth","floor":39,"turns":5},{"damage":0,"enemies":"Nemesis","floor":41,"turns":5},{"damage":2,"enemies":"3 Darklings","floor":42,"turns":5},{"damage":15,"enemies":"2 Orb Walkers","floor":45,"turns":4},{"damage":0,"enemies":"Giant Head","floor":46,"turns":7},{"damage":45,"enemies":"Writhing Mass","floor":47,"turns":5},{"damage":0,"enemies":"Jaw Worm Horde","floor":48,"turns":3},{"damage":30,"enemies":"Donu and Deca","floor":50,"turns":8},{"damage":0,"enemies":"Shield and Spear","floor":54,"turns":7},{"damage":78,"enemies":"The Heart","floor":55,"turns":12}],"seed_played":"8234004008068685469","potions_obtained":[{"floor":2,"key":"Strength Potion"},{"floor":5,"key":"Fire Potion"},{"floor":6,"key":"Ancient Potion"},{"floor":16,"key":"SkillPotion"}],"is_trial":false,"path_per_floor":["M","M","M","?","M","E","R","E","T","$","?","M","M","M","R","B",null,"M","$","?","M","?","E","?","E","T","$","M","R","M","M","R","B",null,"M","?","M","?","M","R","E","M","T","R","?","E","M","M","R","B",null,"R","$","E","B",null],"character_chosen":"DEFECT","items_purchased":["Medical Kit","Panache","Dream Catcher","DataDisk","Boot","Capacitor","Compile Driver"],"campfire_rested":5,"item_purchase_floors":[10,19,27,53,53,53,53],"current_hp_per_floor":[74,74,74,74,72,52,52,40,40,40,40,45,52,58,58,42,75,75,75,75,66,66,29,17,11,11,11,13,35,27,34,56,36,75,64,64,71,71,49,71,75,75,75,75,74,81,43,50,76,46,89,89,89,89,11],"gold":38,"neow_bonus":"BOSS_RELIC","is_prod":false,"is_daily":false,"chose_seed":false,"campfire_upgraded":2,"win_rate":0,"timestamp":1549951869,"path_taken":["M","M","M","?","?","E","R","E","T","$","?","M","?","M","R","BOSS","M","$","?","?","?","E","?","E","T","?","M","R","M","M","R","BOSS","M","?","?","?","M","R","E","?","T","R","?","E","M","M","R","BOSS","R","$","E","BOSS"],"build_version":"2019-02-06","purchased_purges":2,"victory":true,"max_hp_per_floor":[75,75,75,75,75,75,75,75,75,75,75,75,75,75,75,75,75,75,75,75,75,75,75,75,75,75,75,75,75,75,75,75,75,75,75,75,75,75,75,75,75,75,75,75,89,89,89,89,89,89,89,89,89,89,89],"card_choices":[{"not_picked":["Sweeping Beam","Steam"],"picked":"Cold Snap","floor":1},{"not_picked":["Rebound","Scrape"],"picked":"Ball Lightning","floor":2},{"not_picked":["Loop","Steam"],"picked":"Creative AI","floor":3},{"not_picked":["Leap","Streamline"],"picked":"Go for the Eyes","floor":5},{"not_picked":["Beam Cell","Steam"],"picked":"Scrape","floor":6},{"not_picked":["Loop","Storm"],"picked":"Self Repair","floor":8},{"not_picked":["Loop","Rebound"],"picked":"Gash","floor":12},{"not_picked":["Redo","Melter","Hyperbeam"],"picked":"SKIP","floor":13},{"not_picked":["Stack","Gash"],"picked":"Defragment","floor":14},{"not_picked":["Machine Learning","Meteor Strike"],"picked":"Rainbow","floor":16},{"not_picked":["Conserve Battery","Hello World"],"picked":"Gash+1","floor":18},{"not_picked":["Turbo+1","Sweeping Beam"],"picked":"Sunder","floor":21},{"not_picked":["Sweeping Beam+1","Hyperbeam"],"picked":"Stack","floor":23},{"not_picked":["Coolheaded","Compile Driver+1"],"picked":"Chill+1","floor":25},{"not_picked":["Sweeping Beam","Compile Driver"],"picked":"Recycle+1","floor":28},{"not_picked":["Auto Shields","Barrage"],"picked":"Coolheaded","floor":29},{"not_picked":["Melter","Hologram"],"picked":"Beam Cell","floor":30},{"not_picked":["Reprogram","Turbo"],"picked":"Beam Cell","floor":31},{"not_picked":["Leap","Blizzard"],"picked":"Beam Cell","floor":32},{"not_picked":["Amplify","Multi-Cast"],"picked":"Echo Form","floor":33},{"not_picked":["Gash+1","Redo+1"],"picked":"Go for the Eyes+1","floor":35},{"not_picked":["Ball Lightning","Coolheaded+1"],"picked":"Steam Power+1","floor":37},{"not_picked":["Sunder","Core Surge"],"picked":"BootSequence","floor":39},{"not_picked":["Beam Cell","Streamline+1"],"picked":"Cold Snap","floor":40},{"not_picked":["Conserve Battery+1","Streamline+1"],"picked":"Defragment+1","floor":41},{"not_picked":["Undo+1","Barrage+1"],"picked":"Consume+1","floor":42},{"not_picked":["Double Energy","Chill"],"picked":"Heatsinks+1","floor":45},{"not_picked":["Tempest","Rainbow"],"picked":"Recycle+1","floor":46},{"not_picked":["FTL","Beam Cell"],"picked":"Stack","floor":47},{"not_picked":["Scrape","Heatsinks"],"picked":"Hologram+1","floor":48},{"not_picked":["Undo","Go for the Eyes"],"picked":"Barrage+1","floor":49},{"not_picked":["Double Energy","Leap+1"],"picked":"Scrape+1","floor":52},{"not_picked":["Heatsinks","Sweeping Beam","Barrage"],"picked":"SKIP","floor":54}],"player_experience":482980,"relics_obtained":[{"floor":6,"key":"Bronze Scales"},{"floor":8,"key":"Tiny Chest"},{"floor":9,"key":"Anchor"},{"floor":23,"key":"Bottled Tornado"},{"floor":25,"key":"Centennial Puzzle"},{"floor":26,"key":"PreservedInsect"},{"floor":41,"key":"StoneCalendar"},{"floor":45,"key":"Mango"},{"floor":46,"key":"FossilizedHelix"},{"floor":54,"key":"Whetstone"}],"event_choices":[{"damage_healed":0,"gold_gain":0,"cards_transformed":["Strike_B"],"player_choice":"Transformed","damage_taken":0,"max_hp_gain":0,"max_hp_loss":0,"event_name":"Transmorgrifier","floor":4,"gold_loss":0,"cards_obtained":["FTL"]},{"cards_removed":["Strike_B"],"damage_healed":0,"gold_gain":0,"player_choice":"Purged","damage_taken":0,"max_hp_gain":0,"max_hp_loss":0,"event_name":"Purifier","floor":11,"gold_loss":0},{"damage_healed":0,"gold_gain":275,"player_choice":"Desecrate","damage_taken":0,"max_hp_gain":0,"max_hp_loss":0,"event_name":"Golden Shrine","floor":20,"gold_loss":0,"cards_obtained":["Regret"]},{"damage_healed":0,"gold_gain":0,"player_choice":"Read","damage_taken":0,"max_hp_gain":0,"max_hp_loss":0,"event_name":"The Library","floor":22,"gold_loss":0,"cards_obtained":["Buffer"]},{"damage_healed":0,"gold_gain":0,"player_choice":"Fight","damage_taken":0,"max_hp_gain":0,"max_hp_loss":0,"event_name":"Colosseum","floor":24,"gold_loss":0},{"damage_healed":0,"gold_gain":0,"player_choice":"Fled From Nobs","damage_taken":0,"max_hp_gain":0,"max_hp_loss":0,"event_name":"Colosseum","floor":24,"gold_loss":0},{"cards_removed":["Strike_B"],"damage_healed":0,"gold_gain":0,"player_choice":"Purged","damage_taken":0,"max_hp_gain":0,"max_hp_loss":0,"event_name":"Purifier","floor":36,"gold_loss":0},{"damage_healed":0,"gold_gain":0,"player_choice":"Bought 0 Potions","damage_taken":0,"max_hp_gain":0,"max_hp_loss":0,"event_name":"The Woman in Blue","floor":38,"gold_loss":0},{"damage_healed":0,"gold_gain":0,"player_choice":"Fight","damage_taken":0,"max_hp_gain":0,"max_hp_loss":0,"event_name":"Mysterious Sphere","floor":45,"gold_loss":0}],"is_beta":true,"boss_relics":[{"not_picked":["Busted Crown","Ectoplasm"],"picked":"Sozu"},{"not_picked":["Astrolabe","Coffee Dripper"],"picked":"Fusion Hammer"}],"items_purged_floors":[27,53],"is_endless":false,"potions_floor_spawned":[2,5,6,16,18,21,24,28,33,35,37,41,47,48],"ascension_level":2}