{"gold_per_floor":[109,125,136,136,136,136,151,29,29,44,62,62,83,102,102,232,232,256,256,202,202,216,216,257,104,104,104,25,25,25,45,45,166,166,189,212,231,256,274,315,315,333,333,347,347],"floor_reached":45,"playtime":22601,"items_purged":["Survivor"],"score":461,"play_id":"3e5d09f1-3d16-4ed7-8888-e0ad838484f4","local_time":"20190110162303","is_ascension_mode":false,"campfire_choices":[{"floor":6.0,"key":"RECALL"},{"floor":12.0,"key":"REST"},{"floor":15.0,"key":"REST"},{"data":"Neutralize","floor":23.0,"key":"SMITH"},{"floor":27.0,"key":"REST"},{"data":"Outmaneuver","floor":30.0,"key":"SMITH"},{"data":"Noxious Fumes","floor":32.0,"key":"SMITH"},{"floor":41.0,"key":"REST"}],"neow_cost":"NONE","seed_source_timestamp":0,"circlet_count":0,"master_deck":["Neutralize+1","Infinite Blades","Unload+1","Footwork","Bouncing Flask","Tools of the Trade","Noxious Fumes","Unload+1","Accuracy","Escape Plan","Backflip","Backflip","Backflip","Venomology","Outmaneuver+1","Caltrops+1","Noxious Fumes+1","Infinite Blades","Catalyst","Blur+1","Parasite","Catalyst+1"],"special_seed":0,"relics":["Pandora\u0027s Box","Golden Idol","WristBlade","MutagenicStrength","Pear","Art of War","Bag of Preparation","Runic Pyramid","Whetstone","Juzu Bracelet"],"potions_floor_usage":[45],"damage_taken":[{"damage":0.0,"enemies":"Cultist","floor":1.0,"turns":3.0},{"damage":0.0,"enemies":"2 Louse","floor":2.0,"turns":3.0},{"damage":15.0,"enemies":"Small Slimes","floor":3.0,"turns":3.0},{"damage":6.0,"enemies":"Blue Slaver","floor":7.0,"turns":3.0},{"damage":0.0,"enemies":"Large Slime","floor":10.0,"turns":6.0},{"damage":9.0,"enemies":"Lots of Slimes","floor":11.0,"turns":3.0},{"damage":5.0,"enemies":"Exordium Thugs","floor":13.0,"turns":5.0},{"damage":2.0,"enemies":"Looter","floor":14.0,"turns":3.0},{"damage":19.0,"enemies":"The Guardian","floor":16.0,"turns":8.0},{"damage":16.0,"enemies":"2 Thieves","floor":18.0,"turns":4.0},{"damage":1.0,"enemies":"Chosen","floor":22.0,"turns":6.0},{"damage":25.0,"enemies":"Gremlin Leader","floor":24.0,"turns":6.0},{"damage":7.0,"enemies":"Centurion and Healer","floor":31.0,"turns":6.0},{"damage":22.0,"enemies":"Collector","floor":33.0,"turns":8.0},{"damage":9.0,"enemies":"3 Shapes","floor":35.0,"turns":5.0},{"damage":29.0,"enemies":"3 Darklings","floor":36.0,"turns":5.0},{"damage":14.0,"enemies":"Transient","floor":37.0,"turns":5.0},{"damage":14.0,"enemies":"Spire Growth","floor":38.0,"turns":6.0},{"damage":0.0,"enemies":"Maw","floor":39.0,"turns":8.0},{"damage":8.0,"enemies":"Nemesis","floor":40.0,"turns":7.0},{"damage":0.0,"enemies":"Writhing Mass","floor":42.0,"turns":7.0},{"damage":27.0,"enemies":"3 Darklings","floor":44.0,"turns":6.0},{"damage":3,"enemies":"Spire Growth","floor":45,"turns":1}],"seed_played":"-2331255079333474563","potions_obtained":[{"floor":2.0,"key":"LiquidBronze"},{"floor":3.0,"key":"Strength Potion"},{"floor":13.0,"key":"Energy Potion"},{"floor":14.0,"key":"EntropicBrew"},{"floor":33.0,"key":"SpeedPotion"},{"floor":40.0,"key":"Dexterity Potion"},{"floor":44.0,"key":"Energy Potion"}],"is_trial":false,"path_per_floor":["M","M","M","?","?","R","M","$","T","M","M","R","M","M","R","B",null,"M","?","$","?","M","R","E","$","T","R","$","?","R","M","R","B",null,"M","M","M","M","M","E","R","M","T","M","M"],"character_chosen":"THE_SILENT","items_purchased":["Backflip","Outmaneuver","Art of War","Noxious Fumes"],"campfire_rested":4,"item_purchase_floors":[8,20,25,28],"current_hp_per_floor":[70,70,55,38,38,38,32,32,32,32,23,44,39,37,58,39,70,54,54,54,54,53,53,38,38,38,62,62,67,67,74,74,52,80,71,42,28,14,14,6,30,30,30,3,0],"gold":347,"neow_bonus":"BOSS_RELIC","is_prod":false,"is_daily":false,"chose_seed":false,"campfire_upgraded":3,"win_rate":0,"timestamp":1547166183,"path_taken":["M","M","?","?","?","R","?","$","T","M","M","R","M","M","R","BOSS","M","?","$","?","M","R","E","$","T","R","$","?","R","M","R","BOSS","M","M","?","M","M","E","R","M","T","M","M"],"build_version":"2019-01-03v4","purchased_purges":1,"victory":false,"max_hp_per_floor":[70,70,70,70,70,70,70,70,70,70,70,70,70,70,70,70,70,70,70,70,70,70,70,80,80,80,80,80,80,80,80,80,80,80,80,80,80,80,80,80,80,80,80,80,80],"card_choices":[{"not_picked":["Quick Slash","Dagger Throw","Escape Plan"],"picked":"SKIP","floor":1.0},{"not_picked":["Endless Agony","Dagger Spray","Deadly Poison"],"picked":"SKIP","floor":2.0},{"not_picked":["Underhanded Strike","Poisoned Stab","Outmaneuver"],"picked":"SKIP","floor":3.0},{"not_picked":["Burst","Slice"],"picked":"Backflip","floor":7.0},{"not_picked":["Sucker Punch","Cloak And Dagger","Prepared"],"picked":"SKIP","floor":10.0},{"not_picked":["Flying Knee","Cloak And Dagger","Backstab"],"picked":"SKIP","floor":11.0},{"not_picked":["Acrobatics","Cloak And Dagger","Poisoned Stab"],"picked":"SKIP","floor":13.0},{"not_picked":["Slice","Dagger Spray"],"picked":"Backflip","floor":14.0},{"not_picked":["Malaise","Doppelganger"],"picked":"Venomology","floor":16.0},{"not_picked":["PiercingWail","Backflip+1","Sucker Punch+1"],"picked":"SKIP","floor":18.0},{"not_picked":["PiercingWail","Distraction"],"picked":"Caltrops+1","floor":22.0},{"not_picked":["Burst","Calculated Gamble","Finisher"],"picked":"SKIP","floor":24.0},{"not_picked":["PiercingWail","Poisoned Stab"],"picked":"Infinite Blades","floor":31.0},{"not_picked":["Acrobatics","All Out Attack+1","Riddle With Holes"],"picked":"SKIP","floor":35.0},{"not_picked":["Distraction+1","PiercingWail+1"],"picked":"Catalyst","floor":36.0},{"not_picked":["Poisoned Stab","Backstab"],"picked":"Blur+1","floor":37.0},{"not_picked":["Heel Hook","Underhanded Strike+1","All Out Attack+1"],"picked":"SKIP","floor":38.0},{"not_picked":["Choke","Bane","Predator"],"picked":"SKIP","floor":39.0},{"not_picked":["Crippling Poison","Reflex","Outmaneuver"],"picked":"SKIP","floor":40.0},{"not_picked":["Flying Knee+1","Malaise"],"picked":"Catalyst+1","floor":42.0},{"not_picked":["Acrobatics","Dash+1","Flying Knee+1"],"picked":"SKIP","floor":44.0}],"player_experience":999641,"relics_obtained":[{"floor":24.0,"key":"Pear"},{"floor":26.0,"key":"Bag of Preparation"},{"floor":40.0,"key":"Whetstone"},{"floor":43.0,"key":"Juzu Bracelet"}],"event_choices":[{"damage_healed":0.0,"max_hp_gain":0.0,"max_hp_loss":0.0,"gold_gain":0.0,"event_name":"Golden Idol","player_choice":"Take Damage","floor":4.0,"gold_loss":0.0,"damage_taken":17.0,"relics_obtained":["Golden Idol"]},{"cards_removed":["Wraith Form v2"],"damage_healed":0.0,"max_hp_gain":0.0,"max_hp_loss":0.0,"gold_gain":0.0,"event_name":"NoteForYourself","player_choice":"Took Card","floor":5.0,"gold_loss":0.0,"damage_taken":0.0,"cards_obtained":["Iron Wave"]},{"damage_healed":0.0,"max_hp_gain":0.0,"max_hp_loss":0.0,"gold_gain":0.0,"event_name":"Cursed Tome","player_choice":"Ignored","floor":19.0,"gold_loss":0.0,"damage_taken":0.0},{"damage_healed":0.0,"max_hp_gain":0.0,"max_hp_loss":0.0,"gold_gain":0.0,"event_name":"Drug Dealer","player_choice":"Inject Mutagens","floor":21.0,"gold_loss":0.0,"damage_taken":0.0,"relics_obtained":["MutagenicStrength"]},{"cards_removed":["Iron Wave"],"damage_healed":5.0,"max_hp_gain":0.0,"max_hp_loss":0.0,"gold_gain":0.0,"event_name":"Bonfire Elementals","player_choice":"Offered Common","floor":29.0,"gold_loss":0.0,"damage_taken":0.0},{"cards_removed":["Iron Wave"],"damage_healed":5.0,"max_hp_gain":0.0,"max_hp_loss":0.0,"gold_gain":0.0,"event_name":"Bonfire Elementals","player_choice":"Offered Special","floor":29.0,"gold_loss":0.0,"damage_taken":0.0}],"is_beta":false,"boss_relics":[{"not_picked":["Velvet Choker","Tiny House"],"picked":"WristBlade"},{"not_picked":["Eternal Feather","Black Star"],"picked":"Runic Pyramid"}],"items_purged_floors":[8],"is_endless":false,"potions_floor_spawned":[2,3,13,14,18,24,33,36,40,44],"killed_by":"Spire Growth","ascension_level":0}