{"gold_per_floor":[116,4,4,18,18,53,71,71,71,106,106,20,38,58,58,162,162,172,87,12,12,12,45,45,72,99,99,113,113,133,160,160,264,264,282,282,300,316,316,346,346,363,363,363,382,382,408,97,97,97],"floor_reached":50,"playtime":2811,"items_purged":[],"score":811,"play_id":"e35d5a43-2fa1-4c24-9949-9730e1d28173","local_time":"20190215212340","is_ascension_mode":true,"campfire_choices":[{"floor":8,"key":"REST"},{"data":"Defragment","floor":11,"key":"SMITH"},{"floor":15,"key":"REST"},{"data":"Stack","floor":24,"key":"SMITH"},{"data":"Machine Learning","floor":27,"key":"SMITH"},{"floor":29,"key":"REST"},{"data":"Go for the Eyes","floor":32,"key":"SMITH"},{"floor":41,"key":"RECALL"},{"floor":46,"key":"REST"},{"floor":49,"key":"REST"}],"neow_cost":"NONE","seed_source_timestamp":2746969723924600,"circlet_count":0,"master_deck":["Defend_B","Defend_B+1","Defend_B","Defend_B","Zap","Dualcast+1","Core Surge","Stack+1","Cold Snap","Swift Strike+1","Conserve Battery+1","Ball Lightning","Go for the Eyes","Defragment+1","FTL","Ball Lightning","Machine Learning+1","Ball Lightning","Bite","Bite","Bite","Bite","Bite","Skim","Go for the Eyes+1","Sweeping Beam+1","Auto Shields","Buffer+1","Sweeping Beam+1","Scrape+1","Madness","Madness","Ball Lightning","Turbo","Storm"],"relics":["Cracked Core","War Paint","Pear","Whetstone","Oddly Smooth Stone","Busted Crown","Mercury Hourglass","MutagenicStrength","Bottled Lightning","Gambling Chip","Ancient Tea Set","Bag of Preparation","Nuclear Battery","Juzu Bracelet","Blood Vial","Bronze Scales"],"potions_floor_usage":[6,10,16,33,33,37,40,45,47,50,50],"damage_taken":[{"damage":5,"enemies":"Small Slimes","floor":1,"turns":2},{"damage":0,"enemies":"Jaw Worm","floor":4,"turns":3},{"damage":23,"enemies":"3 Sentries","floor":6,"turns":15},{"damage":0,"enemies":"Cultist","floor":7,"turns":3},{"damage":2,"enemies":"Gremlin Nob","floor":10,"turns":3},{"damage":0,"enemies":"Large Slime","floor":13,"turns":3},{"damage":7,"enemies":"Exordium Wildlife","floor":14,"turns":4},{"damage":25,"enemies":"Slime Boss","floor":16,"turns":8},{"damage":9,"enemies":"Spheric Guardian","floor":18,"turns":3},{"damage":28,"enemies":"Book of Stabbing","floor":23,"turns":5},{"damage":20,"enemies":"Gremlin Leader","floor":25,"turns":5},{"damage":2,"enemies":"Shell Parasite","floor":28,"turns":3},{"damage":4,"enemies":"Snake Plant","floor":30,"turns":3},{"damage":24,"enemies":"Slavers","floor":31,"turns":4},{"damage":55,"enemies":"Collector","floor":33,"turns":9},{"damage":0,"enemies":"3 Shapes","floor":35,"turns":3},{"damage":0,"enemies":"Orb Walker","floor":37,"turns":3},{"damage":0,"enemies":"Writhing Mass","floor":38,"turns":6},{"damage":15,"enemies":"Giant Head","floor":40,"turns":10},{"damage":0,"enemies":"Jaw Worm Horde","floor":42,"turns":2},{"damage":17,"enemies":"Spire Growth","floor":45,"turns":6},{"damage":26,"enemies":"Reptomancer","floor":47,"turns":5},{"damage":67,"enemies":"Donu and Deca","floor":50,"turns":7}],"seed_played":"8802047433980100146","potions_obtained":[{"floor":1,"key":"Block Potion"},{"floor":7,"key":"FocusPotion"},{"floor":14,"key":"SkillPotion"},{"floor":23,"key":"Poison Potion"},{"floor":30,"key":"Regen Potion"},{"floor":36,"key":"Swift Potion"},{"floor":36,"key":"LiquidBronze"},{"floor":36,"key":"EssenceOfSteel"},{"floor":40,"key":"SkillPotion"},{"floor":42,"key":"Explosive Potion"},{"floor":45,"key":"GamblersBrew"}],"is_trial":false,"path_per_floor":["M","$","?","M","?","E","M","R","T","E","R","?","M","M","R","B",null,"M","?","?","?","?","E","R","E","T","R","M","R","M","E","R","B",null,"M","?","M","M","?","E","R","M","T","?","M","R","E","$","R","B"],"character_chosen":"DEFECT","items_purchased":["Cold Snap","Swift Strike","Bronze Scales","Ball Lightning","Turbo","Storm"],"campfire_rested":5,"item_purchase_floors":[2,2,48,48,48,48],"current_hp_per_floor":[63,63,48,48,48,25,25,47,57,55,55,55,55,48,73,48,76,67,67,67,59,59,41,41,33,33,33,39,56,59,43,43,12,47,51,51,55,59,59,46,46,48,48,41,34,51,33,33,50,0],"gold":97,"neow_bonus":"ONE_RANDOM_RARE_CARD","is_prod":false,"is_daily":false,"chose_seed":false,"campfire_upgraded":4,"win_rate":0,"timestamp":1550291020,"path_taken":["M","$","?","M","?","E","M","R","T","E","R","?","M","?","R","BOSS","M","?","?","?","?","E","R","E","T","R","M","R","M","E","R","BOSS","M","?","?","M","?","E","R","M","T","?","M","R","E","$","R","BOSS"],"build_version":"2019-02-06","purchased_purges":0,"victory":false,"max_hp_per_floor":[75,75,75,75,75,75,75,75,85,85,85,85,85,85,85,85,85,85,85,85,59,59,59,59,59,59,59,59,59,59,59,59,59,59,59,59,59,59,59,59,59,59,59,59,59,59,59,59,59,59],"card_choices":[{"not_picked":["Reinforced Body","Rebound"],"picked":"Stack","floor":1},{"not_picked":["Hologram","Redo"],"picked":"Conserve Battery","floor":4},{"not_picked":["Streamline","Blizzard"],"picked":"Ball Lightning","floor":6},{"not_picked":["Hologram","Storm"],"picked":"Go for the Eyes","floor":7},{"not_picked":["Machine Learning","Steam"],"picked":"Defragment","floor":10},{"not_picked":["Redo","Rebound"],"picked":"FTL","floor":13},{"not_picked":["Barrage","Recycle"],"picked":"Ball Lightning","floor":14},{"not_picked":["Meteor Strike","Multi-Cast"],"picked":"Machine Learning","floor":16},{"not_picked":[],"picked":"Ball Lightning","floor":18},{"not_picked":[],"picked":"Skim","floor":23},{"not_picked":["Sweeping Beam"],"picked":"SKIP","floor":25},{"not_picked":[],"picked":"Go for the Eyes","floor":28},{"not_picked":[],"picked":"Sweeping Beam+1","floor":30},{"not_picked":[],"picked":"Auto Shields","floor":31},{"not_picked":[],"picked":"Buffer","floor":33},{"not_picked":[],"picked":"Sweeping Beam+1","floor":35},{"not_picked":["Redo"],"picked":"SKIP","floor":37},{"not_picked":["Rebound+1"],"picked":"SKIP","floor":38},{"not_picked":[],"picked":"Scrape+1","floor":40},{"not_picked":["Sweeping Beam"],"picked":"SKIP","floor":42},{"not_picked":["Hologram"],"picked":"SKIP","floor":45},{"not_picked":["Rebound"],"picked":"SKIP","floor":47}],"player_experience":529583,"relics_obtained":[{"floor":6,"key":"War Paint"},{"floor":9,"key":"Pear"},{"floor":10,"key":"Whetstone"},{"floor":23,"key":"Bottled Lightning"},{"floor":25,"key":"Gambling Chip"},{"floor":26,"key":"Ancient Tea Set"},{"floor":31,"key":"Bag of Preparation"},{"floor":40,"key":"Juzu Bracelet"},{"floor":47,"key":"Blood Vial"}],"event_choices":[{"damage_healed":0,"gold_gain":0,"player_choice":"Entered Light","damage_taken":15,"max_hp_gain":0,"max_hp_loss":0,"event_name":"Shining Light","floor":3,"gold_loss":0,"cards_upgraded":["Strike_B","Defend_B"]},{"damage_healed":0,"gold_gain":0,"player_choice":"Leave","damage_taken":0,"max_hp_gain":0,"max_hp_loss":0,"event_name":"The Cleric","floor":5,"gold_loss":0},{"damage_healed":0,"gold_gain":0,"player_choice":"Paid Gold","damage_taken":0,"relics_obtained":["Oddly Smooth Stone"],"max_hp_gain":0,"max_hp_loss":0,"event_name":"WeMeetAgain","floor":12,"gold_loss":86},{"damage_healed":0,"gold_gain":0,"player_choice":"Obtained Relic","damage_taken":0,"relics_obtained":["Mercury Hourglass"],"max_hp_gain":0,"max_hp_loss":0,"event_name":"Addict","floor":19,"gold_loss":85},{"cards_removed":["Strike_B"],"damage_healed":0,"gold_gain":0,"player_choice":"Gave Gold","damage_taken":0,"max_hp_gain":0,"max_hp_loss":0,"event_name":"Beggar","floor":20,"gold_loss":75},{"damage_healed":0,"gold_gain":0,"player_choice":"Became a vampire","damage_taken":0,"max_hp_gain":0,"max_hp_loss":26,"event_name":"Vampires","floor":21,"gold_loss":0,"cards_obtained":["Bite","Bite","Bite","Bite","Bite"]},{"damage_healed":0,"gold_gain":0,"player_choice":"Inject Mutagens","damage_taken":0,"relics_obtained":["MutagenicStrength"],"max_hp_gain":0,"max_hp_loss":0,"event_name":"Drug Dealer","floor":22,"gold_loss":0},{"damage_healed":0,"gold_gain":0,"player_choice":"Got Potions","damage_taken":0,"max_hp_gain":0,"max_hp_loss":0,"event_name":"Lab","floor":36,"gold_loss":0},{"damage_healed":0,"gold_gain":0,"player_choice":"Upgraded","damage_taken":0,"max_hp_gain":0,"max_hp_loss":0,"event_name":"Upgrade Shrine","floor":39,"gold_loss":0,"cards_upgraded":["Buffer"]},{"damage_healed":0,"gold_gain":0,"player_choice":"Embrace Madness","damage_taken":7,"max_hp_gain":0,"max_hp_loss":0,"event_name":"Winding Halls","floor":44,"gold_loss":0,"cards_obtained":["Madness","Madness"]}],"is_beta":true,"boss_relics":[{"not_picked":["Black Star","Pandora\u0027s Box"],"picked":"Busted Crown"},{"not_picked":["Astrolabe","Fusion Hammer"],"picked":"Nuclear Battery"}],"items_purged_floors":[],"is_endless":false,"potions_floor_spawned":[1,7,14,23,30,40,42,45],"killed_by":"Donu and Deca","ascension_level":6}