{"gold_per_floor":[113,16,16,191,210,253,4,28,51,51,0,43,43,63,63,188,188,212,11,31,31,31,31],"floor_reached":23,"playtime":902,"items_purged":[],"score":367,"play_id":"e7205247-2360-44ba-9b3f-8ad5a717e31d","local_time":"20190216140933","is_ascension_mode":true,"campfire_choices":[{"data":"Zap","floor":10,"key":"SMITH"},{"data":"Glacier","floor":13,"key":"SMITH"},{"data":"Blind","floor":15,"key":"SMITH"}],"neow_cost":"NONE","seed_source_timestamp":2809233400750900,"circlet_count":0,"master_deck":["Strike_B","Strike_B","Strike_B","Strike_B","Defend_B","Defend_B","Defend_B","Defend_B","Zap+1","Dualcast","Steam","Blind+1","Injury","Doubt","Stack","Coolheaded","Loop","Barrage","Glacier+1","Turbo","Loop","Loop","Leap","Creative AI","Self Repair+1","Beam Cell"],"relics":["Cracked Core","NeowsBlessing","Golden Idol","DataDisk","Membership Card","PreservedInsect","Cables","Inserter","Bronze Scales","ClockworkSouvenir","Nilry\u0027s Codex","Omamori"],"potions_floor_usage":[12,16,18,20],"damage_taken":[{"damage":0,"enemies":"Jaw Worm","floor":1,"turns":1},{"damage":0,"enemies":"2 Louse","floor":5,"turns":1},{"damage":0,"enemies":"3 Sentries","floor":6,"turns":2},{"damage":1,"enemies":"Cultist","floor":8,"turns":5},{"damage":8,"enemies":"Gremlin Nob","floor":12,"turns":4},{"damage":12,"enemies":"3 Louse","floor":14,"turns":3},{"damage":0,"enemies":"Slime Boss","floor":16,"turns":13},{"damage":7,"enemies":"Shell Parasite","floor":18,"turns":7},{"damage":6,"enemies":"3 Byrds","floor":20,"turns":3},{"damage":46,"enemies":"Slavers","floor":23,"turns":3}],"seed_played":"4619528952168699484","potions_obtained":[{"floor":5,"key":"Weak Potion"},{"floor":8,"key":"Regen Potion"},{"floor":14,"key":"FocusPotion"},{"floor":16,"key":"SkillPotion"},{"floor":18,"key":"Fire Potion"}],"is_trial":false,"path_per_floor":["M","$","?","?","M","E","$","M","T","R","$","E","R","M","R","B",null,"M","$","M","?","?","E"],"character_chosen":"DEFECT","items_purchased":["Blind","Membership Card","Loop","Barrage","Turbo","Loop","Bronze Scales","ClockworkSouvenir","Beam Cell"],"campfire_rested":0,"item_purchase_floors":[2,7,7,7,11,11,19,19,19],"current_hp_per_floor":[68,68,68,68,68,68,68,67,67,67,67,70,70,58,58,58,71,64,64,58,42,42,0],"gold":31,"neow_bonus":"THREE_ENEMY_KILL","is_prod":false,"is_daily":false,"chose_seed":false,"campfire_upgraded":3,"win_rate":0,"timestamp":1550351373,"path_taken":["M","$","?","?","M","E","$","M","T","R","?","E","R","?","R","BOSS","M","$","M","?","?","E"],"build_version":"2019-02-06","purchased_purges":0,"victory":false,"max_hp_per_floor":[75,75,75,75,75,75,75,75,75,75,75,75,75,75,75,75,75,75,75,75,75,75,75],"card_choices":[{"not_picked":["Gash","Barrage"],"picked":"Steam","floor":1},{"not_picked":["Sweeping Beam","Steam Power"],"picked":"Stack","floor":5},{"not_picked":["Loop","Compile Driver"],"picked":"Coolheaded","floor":6},{"not_picked":["Fusion","Redo"],"picked":"Glacier","floor":8},{"not_picked":["Sweeping Beam","Hologram"],"picked":"Loop","floor":12},{"not_picked":["Amplify","Streamline"],"picked":"Leap","floor":14},{"not_picked":["Reboot","Biased Cognition"],"picked":"Creative AI","floor":16},{"not_picked":["Coolheaded+1","White Noise"],"picked":"Self Repair+1","floor":18},{"not_picked":["Reprogram","Undo","Rebound"],"picked":"SKIP","floor":20}],"player_experience":539805,"relics_obtained":[{"floor":6,"key":"DataDisk"},{"floor":9,"key":"PreservedInsect"},{"floor":12,"key":"Cables"},{"floor":21,"key":"Nilry\u0027s Codex"}],"event_choices":[{"damage_healed":0,"gold_gain":0,"player_choice":"Take Wound","damage_taken":0,"relics_obtained":["Golden Idol"],"max_hp_gain":0,"max_hp_loss":0,"event_name":"Golden Idol","floor":3,"gold_loss":0,"cards_obtained":["Injury"]},{"damage_healed":0,"gold_gain":175,"player_choice":"AGREE","damage_taken":0,"max_hp_gain":0,"max_hp_loss":0,"event_name":"Liars Game","floor":4,"gold_loss":0,"cards_obtained":["Doubt"]},{"damage_healed":0,"gold_gain":0,"player_choice":"Obtained Book","damage_taken":16,"max_hp_gain":0,"max_hp_loss":0,"event_name":"Cursed Tome","floor":21,"gold_loss":0},{"damage_healed":0,"gold_gain":0,"player_choice":"Gave Potion","damage_taken":0,"relics_obtained":["Omamori"],"max_hp_gain":0,"max_hp_loss":0,"event_name":"WeMeetAgain","floor":22,"gold_loss":0}],"is_beta":true,"boss_relics":[{"not_picked":["Coffee Dripper","Black Star"],"picked":"Inserter"}],"items_purged_floors":[],"is_endless":false,"potions_floor_spawned":[5,8,14,16,18],"killed_by":"Slavers","ascension_level":7}