{"gold_per_floor":[118,129,146,165,135,166,15,35,35,50,85,85,96,116,116,214,214,227,244,279,279,295,295,327,327,376,411,336,20,50,65,65,169,169,183,183,196,213,35,62,75,75,123,123,151,171,171,188,188,188],"floor_reached":51,"playtime":2868,"items_purged":["Strike_R"],"score":906,"play_id":"aa94fdbc-c13d-4a73-94af-c92fe237ed32","local_time":"20190429023248","is_ascension_mode":false,"campfire_choices":[{"data":"Clothesline","floor":12,"key":"SMITH"},{"data":"Armaments","floor":15,"key":"SMITH"},{"data":"Bash","floor":23,"key":"SMITH"},{"floor":25,"key":"REST"},{"data":"Demon Form","floor":32,"key":"SMITH"},{"data":"Limit Break","floor":42,"key":"SMITH"},{"data":"Clothesline","floor":44,"key":"SMITH"},{"data":"Disarm","floor":49,"key":"SMITH"}],"neow_cost":"PERCENT_DAMAGE","seed_source_timestamp":1437070318719100,"circlet_count":0,"master_deck":["Strike_R","Strike_R","Strike_R","Defend_R","Defend_R","Defend_R","Defend_R","Bash+1","Feed","Inflame","Clothesline+1","Feed","Armaments+1","Demon Form+1","Iron Wave","Metallicize","Carnage","Sword Boomerang","Feel No Pain","Impervious","Headbutt","Spot Weakness","True Grit","Whirlwind+1","Disarm+1","Pommel Strike+1","Limit Break+1","Burning Pact+1","Clothesline+1","Uppercut+1","Spot Weakness","Impervious","Heavy Blade+1"],"relics":["Burning Blood","Red Skull","Anchor","Blue Candle","The Courier","Sozu","Red Mask","Frozen Egg 2","Sundial","Blood Vial","Pear","Meat on the Bone","Lantern","Potion Belt","Snecko Eye","Orichalcum","Dead Branch","Ancient Tea Set","Juzu Bracelet"],"potions_floor_usage":[6,6,11,50,50],"damage_taken":[{"damage":6,"enemies":"Cultist","floor":1,"turns":4},{"damage":2,"enemies":"2 Louse","floor":2,"turns":3},{"damage":9,"enemies":"Small Slimes","floor":3,"turns":3},{"damage":11,"enemies":"Blue Slaver","floor":4,"turns":4},{"damage":22,"enemies":"3 Sentries","floor":6,"turns":6},{"damage":0,"enemies":"Red Slaver","floor":8,"turns":4},{"damage":3,"enemies":"3 Louse","floor":10,"turns":4},{"damage":15,"enemies":"Gremlin Nob","floor":11,"turns":5},{"damage":5,"enemies":"Exordium Thugs","floor":13,"turns":7},{"damage":1,"enemies":"Gremlin Gang","floor":14,"turns":4},{"damage":42,"enemies":"The Guardian","floor":16,"turns":11},{"damage":3,"enemies":"Chosen","floor":18,"turns":6},{"damage":2,"enemies":"3 Byrds","floor":19,"turns":5},{"damage":24,"enemies":"Masked Bandits","floor":20,"turns":7},{"damage":14,"enemies":"Shelled Parasite and Fungi","floor":22,"turns":9},{"damage":49,"enemies":"Gremlin Leader","floor":24,"turns":5},{"damage":23,"enemies":"Slavers","floor":27,"turns":4},{"damage":6,"enemies":"Gremlin Leader","floor":30,"turns":7},{"damage":6,"enemies":"Snecko","floor":31,"turns":4},{"damage":19,"enemies":"Champ","floor":33,"turns":10},{"damage":0,"enemies":"3 Darklings","floor":35,"turns":3},{"damage":0,"enemies":"3 Shapes","floor":37,"turns":8},{"damage":12,"enemies":"Maw","floor":38,"turns":6},{"damage":0,"enemies":"Giant Head","floor":40,"turns":5},{"damage":0,"enemies":"4 Shapes","floor":41,"turns":6},{"damage":0,"enemies":"Reptomancer","floor":45,"turns":5},{"damage":43,"enemies":"Transient","floor":46,"turns":5},{"damage":0,"enemies":"3 Darklings","floor":48,"turns":4},{"damage":19,"enemies":"Time Eater","floor":50,"turns":5}],"seed_played":"-6565429712175087744","potions_obtained":[{"floor":1,"key":"Poison Potion"},{"floor":2,"key":"Energy Potion"},{"floor":5,"key":"EssenceOfSteel"},{"floor":5,"key":"SteroidPotion"},{"floor":6,"key":"Weak Potion"},{"floor":13,"key":"Strength Potion"}],"is_trial":false,"path_per_floor":["M","M","M","M","?","E","$","M","T","M","E","R","M","M","R","B",null,"M","M","?","?","M","R","E","R","T","E","?","$","E","M","R","B",null,"M","?","M","M","$","E","M","R","T","R","E","M","?","M","R","B",null],"character_chosen":"IRONCLAD","items_purchased":["Anchor","Meat on the Bone","Lantern","Orichalcum"],"campfire_rested":1,"item_purchase_floors":[7,29,29,39],"current_hp_per_floor":[56,63,63,61,61,52,52,61,61,71,62,62,69,81,81,49,123,126,132,118,118,116,116,77,120,120,118,118,118,120,122,122,114,162,165,165,171,168,168,174,180,180,180,180,184,147,147,158,158,150],"gold":188,"neow_bonus":"THREE_RARE_CARDS","is_prod":false,"is_daily":false,"chose_seed":false,"campfire_upgraded":7,"win_rate":1,"timestamp":1556530368,"path_taken":["M","M","M","M","?","E","?","M","T","M","E","R","M","M","R","BOSS","M","M","?","?","M","R","E","R","T","E","?","?","E","M","R","BOSS","M","?","?","M","$","E","M","R","T","R","E","M","?","M","R","BOSS"],"build_version":"2019-01-23","purchased_purges":1,"victory":true,"max_hp_per_floor":[80,83,86,89,89,96,96,99,99,106,106,106,112,119,119,123,123,126,132,136,136,142,142,146,146,146,159,159,159,159,159,159,162,162,165,165,171,174,174,174,180,180,180,180,184,184,184,187,187,190],"card_choices":[{"not_picked":["Limit Break","Juggernaut"],"picked":"Feed","floor":0},{"not_picked":["Warcry","Rage"],"picked":"Inflame","floor":1},{"not_picked":["True Grit","Ghostly Armor"],"picked":"Clothesline","floor":2},{"not_picked":["Iron Wave","Uppercut"],"picked":"Feed","floor":3},{"not_picked":["Ghostly Armor","Thunderclap"],"picked":"Armaments","floor":4},{"not_picked":["Body Slam","Headbutt"],"picked":"Demon Form","floor":6},{"not_picked":["Wild Strike","Thunderclap"],"picked":"Iron Wave","floor":8},{"not_picked":["Iron Wave","Havoc"],"picked":"Metallicize","floor":10},{"not_picked":["Armaments","Flex"],"picked":"Carnage","floor":11},{"not_picked":["Barricade","Sentinel"],"picked":"Sword Boomerang","floor":13},{"not_picked":["Body Slam","Blood for Blood"],"picked":"Feel No Pain","floor":14},{"not_picked":["Fiend Fire","Demon Form"],"picked":"Impervious","floor":16},{"not_picked":["Havoc+1","Heavy Blade"],"picked":"Headbutt","floor":18},{"not_picked":["Sword Boomerang","Headbutt"],"picked":"Combust+1","floor":19},{"not_picked":["Rampage","Iron Wave+1"],"picked":"Spot Weakness","floor":20},{"not_picked":["Sword Boomerang+1","Perfected Strike"],"picked":"True Grit","floor":22},{"not_picked":["Iron Wave","Clash"],"picked":"Whirlwind+1","floor":24},{"not_picked":["Twin Strike+1","Impervious"],"picked":"Disarm","floor":27},{"not_picked":["Combust+1","Fire Breathing+1","Dual Wield"],"picked":"SKIP","floor":30},{"not_picked":["Anger","Twin Strike"],"picked":"Pommel Strike+1","floor":31},{"not_picked":["Fiend Fire","Feed"],"picked":"Limit Break","floor":33},{"not_picked":["Clash+1","Thunderclap+1"],"picked":"Burning Pact+1","floor":35},{"not_picked":["Clothesline","Havoc","Body Slam"],"picked":"SKIP","floor":37},{"not_picked":["Havoc","Body Slam"],"picked":"Clothesline","floor":37},{"not_picked":["Thunderclap","Juggernaut+1"],"picked":"Uppercut+1","floor":38},{"not_picked":["Armaments","Cleave","Twin Strike+1"],"picked":"SKIP","floor":40},{"not_picked":["Dropkick+1","Cleave+1"],"picked":"Spot Weakness","floor":41},{"not_picked":["Disarm","Twin Strike"],"picked":"Impervious","floor":45},{"not_picked":["Armaments","Carnage","Flex+1"],"picked":"SKIP","floor":46},{"not_picked":["Carnage+1","True Grit"],"picked":"Heavy Blade+1","floor":48}],"player_experience":652904,"relics_obtained":[{"floor":6,"key":"Red Skull"},{"floor":9,"key":"Blue Candle"},{"floor":11,"key":"The Courier"},{"floor":20,"key":"Red Mask"},{"floor":24,"key":"Sundial"},{"floor":26,"key":"Blood Vial"},{"floor":27,"key":"Pear"},{"floor":30,"key":"Potion Belt"},{"floor":40,"key":"Dead Branch"},{"floor":43,"key":"Ancient Tea Set"},{"floor":45,"key":"Juzu Bracelet"}],"event_choices":[{"damage_healed":0,"gold_gain":0,"player_choice":"Bought 2 Potions","damage_taken":0,"max_hp_gain":0,"max_hp_loss":0,"event_name":"The Woman in Blue","floor":5,"gold_loss":0},{"damage_healed":0,"gold_gain":0,"player_choice":"Fought Bandits","damage_taken":0,"max_hp_gain":0,"max_hp_loss":0,"event_name":"Masked Bandits","floor":20,"gold_loss":0},{"damage_healed":0,"gold_gain":0,"player_choice":"Opened","damage_taken":0,"relics_obtained":["Frozen Egg 2"],"max_hp_gain":0,"max_hp_loss":0,"event_name":"The Mausoleum","floor":21,"gold_loss":0},{"cards_removed":["Strike_R"],"damage_healed":0,"gold_gain":0,"player_choice":"Gave Gold","damage_taken":0,"max_hp_gain":0,"max_hp_loss":0,"event_name":"Beggar","floor":28,"gold_loss":75},{"cards_removed":["Combust"],"damage_healed":0,"gold_gain":0,"player_choice":"Offered Uncommon","damage_taken":0,"max_hp_gain":0,"max_hp_loss":0,"event_name":"Bonfire Elementals","floor":36,"gold_loss":0},{"damage_healed":0,"gold_gain":0,"player_choice":"Ignored","damage_taken":0,"max_hp_gain":0,"max_hp_loss":0,"event_name":"SecretPortal","floor":47,"gold_loss":0}],"is_beta":false,"boss_relics":[{"not_picked":["White Beast Statue","Empty Cage"],"picked":"Sozu"},{"not_picked":["Mark of Pain","Busted Crown"],"picked":"Snecko Eye"}],"items_purged_floors":[39],"is_endless":false,"potions_floor_spawned":[1,2,6,13,19,20,24,30,35,37,40],"ascension_level":0}