{"gold_per_floor":[113,63,63,63,63,63,93,108,108,135,108,108,108,131,131,257,257,280,280,205,205,205,241,260,279,279,279,313,336,202,220,220,349,349,373,373,393,726,726,726,757,757,810,844,606,618,21,31,31,31],"floor_reached":51,"playtime":3714,"items_purged":["Strike_G","Strike_G","Strike_G"],"score":838,"play_id":"e3d880e0-9a95-412c-90b1-1ae8b87c85e5","local_time":"20190401174338","is_ascension_mode":true,"campfire_choices":[{"data":"Survivor","floor":6,"key":"SMITH"},{"floor":12,"key":"REST"},{"data":"Crippling Poison","floor":15,"key":"SMITH"},{"data":"Catalyst","floor":27,"key":"SMITH"},{"floor":32,"key":"REST"},{"data":"Apotheosis","floor":40,"key":"SMITH"},{"floor":42,"key":"REST"},{"floor":49,"key":"REST"}],"neow_cost":"NONE","seed_source_timestamp":18280125596777,"circlet_count":0,"master_deck":["Defend_G","Defend_G","Defend_G","Defend_G","Strike_G","Strike_G","Survivor+1","Neutralize+1","Crippling Poison+1","PiercingWail","Backflip","Flying Knee","Footwork","Night Terror","Noxious Fumes","Catalyst+1","Escape Plan","Dodge and Roll","Noxious Fumes","Deadly Poison","Corpse Explosion","Deadly Poison+1","Master of Strategy","Apotheosis+1","Crippling Poison","Writhe","Backflip+1","Crippling Poison","Dodge and Roll","Well Laid Plans","Noxious Fumes"],"relics":["Ring of the Snake","NeowsBlessing","Snake Skull","Dream Catcher","Thread and Needle","Art of War","Lizard Tail","Mercury Hourglass","Gremlin Horn","Matryoshka","Cursed Key","Blue Candle","Smiling Mask","Bottled Flame","Blood Vial","Unceasing Top","Toy Ornithopter"],"potions_floor_usage":[10,16,16,28,31,46,50,50],"damage_taken":[{"damage":0,"enemies":"2 Louse","floor":1,"turns":1},{"damage":0,"enemies":"Gremlin Nob","floor":7,"turns":1},{"damage":0,"enemies":"Jaw Worm","floor":8,"turns":1},{"damage":50,"enemies":"Lagavulin","floor":10,"turns":15},{"damage":0,"enemies":"Small Slimes","floor":14,"turns":3},{"damage":31,"enemies":"Slime Boss","floor":16,"turns":24},{"damage":0,"enemies":"Shell Parasite","floor":18,"turns":9},{"damage":35,"enemies":"Gremlin Leader","floor":23,"turns":8},{"damage":9,"enemies":"2 Thieves","floor":24,"turns":5},{"damage":1,"enemies":"3 Cultists","floor":25,"turns":4},{"damage":8,"enemies":"Slavers","floor":28,"turns":4},{"damage":2,"enemies":"Cultist and Chosen","floor":29,"turns":5},{"damage":11,"enemies":"Snake Plant","floor":31,"turns":4},{"damage":3,"enemies":"Collector","floor":33,"turns":6},{"damage":8,"enemies":"3 Shapes","floor":35,"turns":4},{"damage":2,"enemies":"Orb Walker","floor":37,"turns":4},{"damage":0,"enemies":"Giant Head","floor":41,"turns":7},{"damage":38,"enemies":"Reptomancer","floor":44,"turns":6},{"damage":11,"enemies":"3 Darklings","floor":46,"turns":3},{"damage":13,"enemies":"Sphere and 2 Shapes","floor":48,"turns":5},{"damage":36,"enemies":"Awakened One","floor":50,"turns":11}],"seed_played":"-1138076814900560756","potions_obtained":[{"floor":7,"key":"Regen Potion"},{"floor":8,"key":"Dexterity Potion"},{"floor":10,"key":"Fruit Juice"},{"floor":24,"key":"Dexterity Potion"},{"floor":28,"key":"AttackPotion"},{"floor":29,"key":"SteroidPotion"},{"floor":31,"key":"AttackPotion"},{"floor":35,"key":"SkillPotion"},{"floor":37,"key":"GamblersBrew"},{"floor":46,"key":"Regen Potion"}],"is_trial":false,"path_per_floor":["?","?","?","$","M","?","?","?","?","?","M","?","?","?"],"character_chosen":"THE_SILENT","items_purchased":["Noxious Fumes","Blood Vial","Crippling Poison","Unceasing Top","Well Laid Plans","Toy Ornithopter"],"campfire_rested":4,"item_purchase_floors":[30,45,45,47,47,47],"current_hp_per_floor":[70,70,52,52,52,52,52,52,52,7,7,29,29,29,29,13,69,69,69,69,69,69,34,25,24,24,24,16,14,14,3,23,20,69,61,56,54,54,54,54,54,69,69,31,31,22,22,11,31,22],"gold":31,"neow_bonus":"THREE_ENEMY_KILL","is_prod":false,"is_daily":false,"chose_seed":false,"campfire_upgraded":4,"win_rate":0,"timestamp":1554115418,"path_taken":["M","?","?","?","?","R","E","?","T","E","?","R","?","M","R","BOSS","M","?","$","?","?","E","M","M","T","R","E","M","$","?","R","BOSS","M","?","M","?","?","R","E","R","T","E","$","M","$","M","R","BOSS"],"build_version":"2019-01-23","purchased_purges":3,"victory":true,"max_hp_per_floor":[70,70,70,70,70,70,70,70,70,75,75,75,69,69,69,69,69,69,69,69,69,69,69,69,69,69,69,69,69,69,69,69,69,69,69,69,69,69,69,69,69,69,69,69,69,69,69,69,69,69],"card_choices":[{"not_picked":["Prepared","Acrobatics","Underhanded Strike"],"picked":"SKIP","floor":1},{"not_picked":["Deflect","Night Terror"],"picked":"Crippling Poison","floor":7},{"not_picked":["Blade Dance","Masterful Stab"],"picked":"PiercingWail","floor":8},{"not_picked":["Quick Slash","Cloak And Dagger"],"picked":"Backflip","floor":10},{"not_picked":["Dagger Throw","Caltrops"],"picked":"Flying Knee","floor":12},{"not_picked":["Terror","PiercingWail"],"picked":"Footwork","floor":14},{"not_picked":["Die Die Die","Phantasmal Killer"],"picked":"Night Terror","floor":16},{"not_picked":["Underhanded Strike","Quick Slash","Outmaneuver"],"picked":"SKIP","floor":18},{"not_picked":["Backflip+1","Tools of the Trade"],"picked":"Catalyst","floor":23},{"not_picked":["Outmaneuver+1","Heel Hook"],"picked":"Escape Plan","floor":24},{"not_picked":["Sucker Punch","Calculated Gamble"],"picked":"Poisoned Stab","floor":25},{"not_picked":["Eviscerate","Finisher","Slice"],"picked":"SKIP","floor":28},{"not_picked":["Accuracy+1","Riddle With Holes"],"picked":"Dodge and Roll","floor":29},{"not_picked":["Concentrate","Bouncing Flask"],"picked":"Deadly Poison","floor":31},{"not_picked":["Doppelganger","Unload"],"picked":"Corpse Explosion","floor":33},{"not_picked":["Terror","Choke"],"picked":"Deadly Poison+1","floor":35},{"not_picked":["Dramatic Entrance","Panache"],"picked":"Master of Strategy","floor":36},{"not_picked":["Flash of Steel","Dramatic Entrance"],"picked":"Apotheosis","floor":36},{"not_picked":["Prepared+1","Cloak And Dagger+1","Expertise+1"],"picked":"SKIP","floor":37},{"not_picked":["Riddle With Holes+1","Cloak And Dagger+1"],"picked":"Crippling Poison","floor":41},{"not_picked":["PiercingWail","Cloak And Dagger"],"picked":"Backflip+1","floor":44},{"not_picked":["Expertise","Underhanded Strike"],"picked":"Dodge and Roll","floor":46},{"not_picked":["Terror","Sucker Punch"],"picked":"Noxious Fumes","floor":48}],"player_experience":158795,"relics_obtained":[{"floor":7,"key":"Dream Catcher"},{"floor":9,"key":"Thread and Needle"},{"floor":10,"key":"Art of War"},{"floor":23,"key":"Mercury Hourglass"},{"floor":26,"key":"Gremlin Horn"},{"floor":28,"key":"Matryoshka"},{"floor":41,"key":"Blue Candle"},{"floor":43,"key":"Smiling Mask"},{"floor":44,"key":"Bottled Flame"}],"event_choices":[{"cards_removed":["Defend_G"],"damage_healed":0,"gold_gain":0,"player_choice":"Card Removal","damage_taken":0,"max_hp_gain":0,"max_hp_loss":0,"event_name":"The Cleric","floor":2,"gold_loss":50},{"damage_healed":0,"gold_gain":0,"player_choice":"Success","damage_taken":18,"relics_obtained":["Snake Skull"],"max_hp_gain":0,"max_hp_loss":0,"event_name":"Scrap Ooze","floor":3,"gold_loss":0},{"damage_healed":0,"gold_gain":0,"player_choice":"Grow","damage_taken":0,"max_hp_gain":0,"max_hp_loss":0,"event_name":"Living Wall","floor":4,"gold_loss":0,"cards_upgraded":["Neutralize"]},{"damage_healed":0,"gold_gain":0,"player_choice":"Left Gold","damage_taken":0,"max_hp_gain":0,"max_hp_loss":0,"event_name":"World of Goop","floor":11,"gold_loss":27},{"damage_healed":0,"gold_gain":0,"player_choice":"Lose Max HP","damage_taken":0,"relics_obtained":["Golden Idol"],"max_hp_gain":0,"max_hp_loss":6,"event_name":"Golden Idol","floor":13,"gold_loss":0},{"damage_healed":0,"gold_gain":0,"player_choice":"Ignored","damage_taken":0,"max_hp_gain":0,"max_hp_loss":0,"event_name":"Ghosts","floor":19,"gold_loss":0},{"damage_healed":0,"gold_gain":0,"player_choice":"Read","damage_taken":0,"max_hp_gain":0,"max_hp_loss":0,"event_name":"The Library","floor":21,"gold_loss":0,"cards_obtained":["Noxious Fumes"]},{"damage_healed":0,"gold_gain":0,"player_choice":"Full Heal","damage_taken":0,"max_hp_gain":0,"max_hp_loss":0,"event_name":"Wheel of Change","floor":22,"gold_loss":0},{"damage_healed":0,"gold_gain":0,"player_choice":"Memory 2","damage_taken":5,"max_hp_gain":0,"max_hp_loss":0,"event_name":"SensoryStone","floor":36,"gold_loss":0},{"damage_healed":0,"gold_gain":333,"player_choice":"Gave Idol","damage_taken":0,"max_hp_gain":0,"max_hp_loss":0,"event_name":"The Moai Head","floor":38,"relics_lost":["Golden Idol"],"gold_loss":0},{"cards_removed":["Poisoned Stab"],"damage_healed":0,"gold_gain":0,"player_choice":"Removed Attack","damage_taken":0,"max_hp_gain":0,"max_hp_loss":0,"event_name":"Falling","floor":39,"gold_loss":0}],"is_beta":false,"boss_relics":[{"not_picked":["White Beast Statue","Runic Pyramid"],"picked":"Lizard Tail"},{"not_picked":["Fusion Hammer","Pandora\u0027s Box"],"picked":"Cursed Key"}],"items_purged_floors":[20,30,45],"is_endless":false,"potions_floor_spawned":[7,8,10,24,28,29,31,35,37,46],"ascension_level":1}