{"gold_per_floor":[116,191,210,210,52,52,87,101,101,122,147,147,147],"floor_reached":13,"playtime":395,"items_purged":[],"score":170,"play_id":"4582381d-bf5e-4c1f-ade0-1048a8ba926e","local_time":"20190328131428","is_ascension_mode":true,"campfire_choices":[{"data":"Uppercut","floor":6,"key":"SMITH"},{"data":"Anger","floor":12,"key":"SMITH"}],"neow_cost":"NONE","seed_source_timestamp":495716425157498,"circlet_count":0,"master_deck":["AscendersBane","Strike_R","Strike_R","Strike_R","Strike_R","Strike_R","Defend_R","Defend_R","Defend_R","Defend_R","Bash+1","Uppercut+1","Iron Wave","Offering","Anger+1","Shrug It Off","Twin Strike"],"relics":["Burning Blood","Golden Idol","Dodecahedron","Smiling Mask"],"potions_floor_usage":[13],"damage_taken":[{"damage":4,"enemies":"2 Louse","floor":1,"turns":5},{"damage":8,"enemies":"Jaw Worm","floor":3,"turns":5},{"damage":35,"enemies":"Gremlin Nob","floor":7,"turns":4},{"damage":6,"enemies":"Cultist","floor":8,"turns":2},{"damage":14,"enemies":"Lots of Slimes","floor":10,"turns":5},{"damage":2,"enemies":"Red Slaver","floor":11,"turns":2},{"damage":29,"enemies":"3 Sentries","floor":13,"turns":4}],"seed_played":"-374764323043529037","potions_obtained":[{"floor":1,"key":"Dexterity Potion"},{"floor":7,"key":"SteroidPotion"}],"is_trial":false,"path_per_floor":["M","?","M","?","$","R","E","M","T","M","M","R","E"],"character_chosen":"IRONCLAD","items_purchased":["Offering"],"campfire_rested":0,"item_purchase_floors":[5],"current_hp_per_floor":[70,59,57,57,57,57,28,28,28,20,24,24,0],"gold":147,"neow_bonus":"UPGRADE_CARD","is_prod":false,"is_daily":false,"chose_seed":false,"campfire_upgraded":2,"win_rate":0,"timestamp":1553775268,"path_taken":["M","?","M","?","?","R","E","?","T","M","?","R","E"],"build_version":"2019-01-23","purchased_purges":0,"victory":false,"max_hp_per_floor":[75,75,75,68,68,68,68,68,68,68,68,68,68],"card_choices":[{"not_picked":["Searing Blow","Carnage"],"picked":"Uppercut","floor":1},{"not_picked":["Seeing Red","Reckless Charge"],"picked":"Iron Wave","floor":3},{"not_picked":["Rage","Sever Soul"],"picked":"Anger","floor":7},{"not_picked":["Spot Weakness","Clothesline"],"picked":"Shrug It Off","floor":8},{"not_picked":["Havoc","Searing Blow"],"picked":"Twin Strike","floor":10},{"not_picked":["True Grit","Bloodletting","Sword Boomerang"],"picked":"SKIP","floor":11}],"player_experience":1402892,"relics_obtained":[{"floor":7,"key":"Dodecahedron"},{"floor":9,"key":"Smiling Mask"}],"event_choices":[{"damage_healed":0,"gold_gain":75,"player_choice":"Gather Gold","damage_taken":11,"max_hp_gain":0,"max_hp_loss":0,"event_name":"World of Goop","floor":2,"gold_loss":0},{"damage_healed":0,"gold_gain":0,"player_choice":"Lose Max HP","damage_taken":0,"relics_obtained":["Golden Idol"],"max_hp_gain":0,"max_hp_loss":7,"event_name":"Golden Idol","floor":4,"gold_loss":0}],"is_beta":false,"boss_relics":[],"items_purged_floors":[],"is_endless":false,"potions_floor_spawned":[1,7,8,11],"killed_by":"3 Sentries","ascension_level":20}