{"path_per_floor":["M","$","?","?","?","E","R","M","T","?","T","M","R","M","R","B",null,"M","M","M","$","?","E","M","R","T","M","R","M","?","E","R"],"character_chosen":"DEFECT","items_purchased":["Cold Snap","Ball Lightning","Ginger","FTL","Loop"],"gold_per_floor":[115,15,15,90,90,158,158,177,201,201,201,214,214,234,234,354,354,374,387,407,12,12,55,68,68,68,81,81,99,99,130,130,130],"floor_reached":33,"campfire_rested":3,"playtime":1733,"item_purchase_floors":[2,2,21,21,21],"current_hp_per_floor":[74,74,59,48,48,28,50,42,42,42,42,42,42,42,42,33,75,74,74,62,62,62,47,41,41,41,34,56,56,42,40,62,0],"items_purged":[],"gold":130,"score":285,"play_id":"9dfa0a8a-29db-4955-a987-9e6603b38354","local_time":"20180624222818","is_prod":false,"is_daily":false,"chose_seed":false,"is_ascension_mode":false,"campfire_upgraded":3,"win_rate":0,"timestamp":1529904498,"campfire_choices":[{"floor":7,"key":"REST"},{"data":"Double Energy","floor":13,"key":"SMITH"},{"data":"Zap","floor":15,"key":"SMITH"},{"data":"Machine Learning","floor":25,"key":"SMITH"},{"floor":28,"key":"REST"},{"floor":32,"key":"REST"}],"path_taken":["M","$","?","?","?","E","R","M","T","?","?","M","R","M","R","BOSS","M","M","M","$","?","E","M","R","T","M","R","M","?","E","R","BOSS"],"build_version":"2018-06-21","seed_source_timestamp":825392881132981,"purchased_purges":0,"circlet_count":0,"victory":false,"master_deck":["Strike_B","Strike_B","Strike_B+1","Strike_B","Defend_B","Defend_B","Defend_B","Defend_B+1","Zap+1","Dualcast","Doom and Gloom","Cold Snap","Ball Lightning","Injury","Double Energy+1","Cold Snap","Coolheaded","Go for the Eyes","Machine Learning+1","Reinforced Body","Sweeping Beam+1","Ball Lightning","FTL","Loop","Glacier","Auto Shields+1","Sweeping Beam","Glacier","Rainbow","Trip","Skim+1","Aggregate+1"],"max_hp_per_floor":[75,75,75,75,75,75,75,75,75,75,75,75,75,75,75,75,75,75,75,75,75,75,75,75,75,75,75,75,75,75,75,75,75],"relics":["Cracked Core","Golden Idol","Tiny Chest","Juzu Bracelet","Gambling Chip","Letter Opener","Nuclear Battery","Ginger","Cables","Dream Catcher","Vajra"],"card_choices":[{"not_picked":["Steam","Stack"],"picked":"Doom and Gloom","floor":1},{"not_picked":["Undo","Hologram"],"picked":"Double Energy","floor":6},{"not_picked":["Skim","Streamline"],"picked":"Cold Snap","floor":8},{"not_picked":["Beam Cell","Turbo"],"picked":"Coolheaded","floor":12},{"not_picked":["Stack","Leap"],"picked":"Go for the Eyes","floor":14},{"not_picked":["Biased Cognition","Rainbow"],"picked":"Machine Learning","floor":16},{"not_picked":["Coolheaded","Beam Cell"],"picked":"Reinforced Body","floor":18},{"not_picked":["Compile Driver","Biased Cognition"],"picked":"Sweeping Beam+1","floor":19},{"not_picked":["Stack","Reprogram"],"picked":"Ball Lightning","floor":20},{"not_picked":["Cold Snap+1","Ball Lightning"],"picked":"Glacier","floor":23},{"not_picked":["Gash","Barrage"],"picked":"Auto Shields+1","floor":24},{"not_picked":["Turbo","Steam"],"picked":"Sweeping Beam","floor":27},{"not_picked":["Doom and Gloom","Coolheaded"],"picked":"Glacier","floor":28},{"not_picked":["Consume","Stack"],"picked":"Rainbow","floor":29},{"not_picked":["Coolheaded","Steam"],"picked":"Skim+1","floor":31},{"not_picked":["Beam Cell","White Noise"],"picked":"Aggregate+1","floor":32}],"player_experience":191819,"potions_floor_usage":[6,16,23,23,27,27,31],"damage_taken":[{"damage":1,"enemies":"2 Louse","floor":1,"turns":2},{"damage":20,"enemies":"Gremlin Nob","floor":6,"turns":4},{"damage":8,"enemies":"Jaw Worm","floor":8,"turns":3},{"damage":0,"enemies":"Small Slimes","floor":12,"turns":2},{"damage":0,"enemies":"Exordium Thugs","floor":14,"turns":3},{"damage":9,"enemies":"Slime Boss","floor":16,"turns":9},{"damage":1,"enemies":"Shell Parasite","floor":18,"turns":6},{"damage":0,"enemies":"Spheric Guardian","floor":19,"turns":3},{"damage":12,"enemies":"Centurion and Healer","floor":20,"turns":7},{"damage":15,"enemies":"Slavers","floor":23,"turns":4},{"damage":6,"enemies":"Chosen and Byrds","floor":24,"turns":5},{"damage":7,"enemies":"Snake Plant","floor":27,"turns":2},{"damage":0,"enemies":"Slaver and Parasite","floor":29,"turns":9},{"damage":2,"enemies":"Gremlin Leader","floor":31,"turns":6},{"damage":72,"enemies":"Collector","floor":33,"turns":7}],"relics_obtained":[{"floor":6,"key":"Tiny Chest"},{"floor":9,"key":"Juzu Bracelet"},{"floor":11,"key":"Letter Opener"},{"floor":23,"key":"Cables"},{"floor":26,"key":"Dream Catcher"},{"floor":31,"key":"Vajra"}],"event_choices":[{"event_name":"Shining Light","player_choice":"Entered Light","floor":3,"damage_taken":0},{"event_name":"World of Goop","player_choice":"Gather Gold","floor":4,"damage_taken":0},{"event_name":"Golden Idol","player_choice":"Take Wound","floor":5,"damage_taken":0},{"event_name":"Dead Adventurer","player_choice":"Searched \u00271\u0027 times","floor":10,"damage_taken":0},{"event_name":"Beggar","player_choice":"Ignored","floor":22,"damage_taken":0},{"event_name":"Knowing Skull","player_choice":"CARD ","floor":30,"damage_taken":0}],"boss_relics":[{"not_picked":["Inserter","Coffee Dripper"],"picked":"Nuclear Battery"}],"items_purged_floors":[],"is_endless":true,"potions_floor_spawned":[1,8,12,19,20,24,27],"seed_played":"6455050346957333728","killed_by":"Collector","ascension_level":0,"potions_obtained":[{"floor":1,"key":"Poison Potion"},{"floor":8,"key":"LiquidBronze"},{"floor":12,"key":"Energy Potion"},{"floor":19,"key":"SteroidPotion"},{"floor":20,"key":"Dexterity Potion"},{"floor":24,"key":"AttackPotion"},{"floor":27,"key":"Fire Potion"}],"is_trial":false}