{"path_per_floor":["M","?","?","?","$","E","M","M","T","M","M","R","E","$","R","B",null,"M","M","M","$","M","R"],"character_chosen":"IRONCLAD","items_purchased":["Combust","Reckless Charge","Rupture","Madness"],"gold_per_floor":[114,114,114,114,1,34,45,63,63,73,87,87,120,40,40,139,139,155,171,184,11,21,21,21],"floor_reached":24,"campfire_rested":0,"playtime":1121,"item_purchase_floors":[5,5,14,21],"current_hp_per_floor":[80,80,80,64,64,44,50,55,65,69,70,70,65,65,65,38,95,78,57,39,39,20,20,0],"items_purged":["Strike_R"],"gold":21,"score":233,"play_id":"d5735c76-855c-41ac-8f12-f5e2b713bda7","local_time":"20180521205021","is_prod":false,"is_daily":false,"chose_seed":false,"is_ascension_mode":false,"campfire_upgraded":0,"timestamp":1526961021,"campfire_choices":[{"data":"1","floor":12,"key":"LIFT"},{"data":"2","floor":15,"key":"LIFT"},{"data":"3","floor":23,"key":"LIFT"}],"path_taken":["M","?","?","?","?","E","M","M","T","M","M","R","E","$","R","BOSS","M","?","M","$","M","R","E"],"build_version":"2018-05-18","seed_source_timestamp":2254343689593300,"purchased_purges":1,"victory":false,"master_deck":["Strike_R","Strike_R","Strike_R","Strike_R","Defend_R+1","Defend_R","Defend_R","Defend_R","Bash+1","Flex","Feel No Pain","Combust","Reckless Charge","Juggernaut","Thunderclap","Infernal Blade","Corruption","Hemokinesis","Rupture","Dark Embrace","Headbutt+1","Pommel Strike+1","Reaper","Madness"],"max_hp_per_floor":[80,80,80,80,80,85,85,85,95,95,95,95,95,95,95,95,95,95,95,95,95,95,95,95],"relics":["Burning Blood","Self Forming Clay","Girya","Pear","Runic Cube"],"card_choices":[{"not_picked":["Flame Barrier","Body Slam"],"picked":"Flex","floor":0},{"not_picked":["Flex","Pommel Strike"],"picked":"Feel No Pain","floor":1},{"not_picked":["Armaments","Barricade"],"picked":"Juggernaut","floor":6},{"not_picked":["Clothesline","Second Wind"],"picked":"Thunderclap","floor":7},{"not_picked":["Cleave","Sword Boomerang"],"picked":"Infernal Blade","floor":8},{"not_picked":["Clothesline","Second Wind"],"picked":"Corruption","floor":10},{"not_picked":["Shrug It Off","Clash"],"picked":"Hemokinesis","floor":11},{"not_picked":["Sword Boomerang","Cleave","Armaments"],"picked":"SKIP","floor":13},{"not_picked":["Double Tap","Demon Form"],"picked":"Dark Embrace","floor":16},{"not_picked":["Shrug It Off","Thunderclap+1"],"picked":"Headbutt+1","floor":18},{"not_picked":["Carnage","Headbutt"],"picked":"Pommel Strike+1","floor":19},{"not_picked":["Metallicize","Clash"],"picked":"Reaper","floor":20},{"not_picked":["True Grit","Thunderclap","Body Slam"],"picked":"SKIP","floor":22}],"player_experience":90251,"potions_floor_usage":[6,18,22,24],"damage_taken":[{"damage":1,"enemies":"Jaw Worm","floor":1,"turns":4},{"damage":31,"enemies":"Gremlin Nob","floor":6,"turns":5},{"damage":0,"enemies":"2 Louse","floor":7,"turns":2},{"damage":1,"enemies":"Cultist","floor":8,"turns":3},{"damage":2,"enemies":"Large Slime","floor":10,"turns":4},{"damage":5,"enemies":"Blue Slaver","floor":11,"turns":3},{"damage":11,"enemies":"3 Sentries","floor":13,"turns":4},{"damage":33,"enemies":"The Guardian","floor":16,"turns":7},{"damage":23,"enemies":"3 Byrds","floor":18,"turns":5},{"damage":27,"enemies":"Shell Parasite","floor":19,"turns":5},{"damage":24,"enemies":"Snake Plant","floor":20,"turns":2},{"damage":40,"enemies":"Centurion and Healer","floor":22,"turns":7},{"damage":22,"enemies":"Gremlin Leader","floor":24,"turns":3}],"relics_obtained":[{"floor":6,"key":"Girya"},{"floor":9,"key":"Pear"}],"event_choices":[{"event_name":"Big Fish","player_choice":"Box","floor":2,"damage_taken":0},{"event_name":"Living Wall","player_choice":"Forget","floor":3,"damage_taken":0},{"event_name":"Shining Light","player_choice":"Entered Light","floor":4,"damage_taken":0}],"boss_relics":[{"not_picked":["Runic Pyramid","Astrolabe"],"picked":"Runic Cube"}],"items_purged_floors":[21],"potions_floor_spawned":[1,13,16,20,22],"seed_played":"-7119769382932857629","killed_by":"Gremlin Leader","ascension_level":0,"potions_obtained":[{"floor":1,"key":"Fruit Juice"},{"floor":16,"key":"Energy Potion"},{"floor":20,"key":"Regen Potion"},{"floor":22,"key":"Ancient Potion"}],"is_trial":false}