{"gold_per_floor":[118,118,137,87,87,120,120,139,139,159,159,174,174,188,188,293,293,311,326,179,189,189],"floor_reached":22,"playtime":1801,"items_purged":["Defend_B"],"score":226,"play_id":"990a8f1c-f69e-4a12-a389-e86f5b55a5b2","local_time":"20180627213919","is_ascension_mode":true,"campfire_choices":[{"data":"Zap","floor":7.0,"key":"SMITH"},{"floor":13.0,"key":"REST"},{"floor":15.0,"key":"REST"}],"neow_cost":"","seed_source_timestamp":0,"circlet_count":0,"master_deck":["Defend_B+1","Zap+1","Dualcast","Fusion+1","Go for the Eyes","Cold Snap","Fission","Reprogram+1","FTL+1","Self Repair+1","Hologram","Storm"],"special_seed":0,"relics":["Busted Crown","Mercury Hourglass","Blood Vial","War Paint","Astrolabe"],"potions_floor_usage":[],"damage_taken":[{"damage":0.0,"enemies":"2 Louse","floor":1.0,"turns":2.0},{"damage":4.0,"enemies":"Cultist","floor":3.0,"turns":5.0},{"damage":23.0,"enemies":"Lagavulin","floor":6.0,"turns":7.0},{"damage":0.0,"enemies":"Small Slimes","floor":8.0,"turns":3.0},{"damage":12.0,"enemies":"Exordium Wildlife","floor":10.0,"turns":4.0},{"damage":9.0,"enemies":"Gremlin Gang","floor":12.0,"turns":5.0},{"damage":0.0,"enemies":"Looter","floor":14.0,"turns":3.0},{"damage":41.0,"enemies":"Hexaghost","floor":16.0,"turns":11.0},{"damage":13.0,"enemies":"3 Byrds","floor":18.0,"turns":3.0},{"damage":34.0,"enemies":"Spheric Guardian","floor":19.0,"turns":6.0},{"damage":39.0,"enemies":"Snake Plant","floor":21.0,"turns":5.0},{"damage":18,"enemies":"Chosen and Byrds","floor":22,"turns":4}],"seed_played":"-619772793842959153","potions_obtained":[{"floor":1.0,"key":"LiquidBronze"},{"floor":10.0,"key":"Weak Potion"},{"floor":12.0,"key":"LiquidBronze"},{"floor":16.0,"key":"LiquidBronze"},{"floor":19.0,"key":"Energy Potion"}],"is_trial":false,"path_per_floor":["M","?","M","?","?","E","R","M","T","M","T","M","R","M","R","B",null,"M","M","$","M"],"character_chosen":"DEFECT","items_purchased":["Storm"],"campfire_rested":2,"item_purchase_floors":[],"current_hp_per_floor":[75,75,71,71,71,48,48,48,48,38,38,31,53,55,75,34,75,62,40,40,13,0],"gold":189,"neow_bonus":"","is_prod":false,"is_daily":false,"chose_seed":false,"campfire_upgraded":1,"win_rate":0,"timestamp":1530149959,"path_taken":["M","?","?","?","?","E","R","M","T","M","?","?","R","M","R","BOSS","M","M","$","M","M"],"build_version":"2018-06-21v2","purchased_purges":1,"victory":false,"max_hp_per_floor":[75,75,75,75,75,75,75,75,75,75,75,75,75,75,75,75,75,75,75,75,75,75],"card_choices":[{"not_picked":[],"picked":"Fusion","floor":1.0},{"not_picked":["Stack"],"picked":"SKIP","floor":3.0},{"not_picked":["Ball Lightning"],"picked":"SKIP","floor":6.0},{"not_picked":[],"picked":"Go for the Eyes","floor":8.0},{"not_picked":[],"picked":"Cold Snap","floor":10.0},{"not_picked":["Leap"],"picked":"SKIP","floor":12.0},{"not_picked":["Conserve Battery"],"picked":"SKIP","floor":14.0},{"not_picked":[],"picked":"Fission","floor":16.0},{"not_picked":["Steam"],"picked":"SKIP","floor":18.0},{"not_picked":[],"picked":"Hologram","floor":19.0},{"not_picked":["Stack"],"picked":"SKIP","floor":21.0}],"player_experience":557994,"relics_obtained":[{"floor":6.0,"key":"Mercury Hourglass"},{"floor":9.0,"key":"Blood Vial"},{"floor":11.0,"key":"War Paint"}],"event_choices":[{"event_name":"Purifier","player_choice":"One Purge","floor":2.0,"damage_taken":0.0},{"event_name":"The Cleric","player_choice":"Card Removal","floor":4.0,"damage_taken":0.0},{"event_name":"Living Wall","player_choice":"Forget","floor":5.0,"damage_taken":0.0}],"boss_relics":[{"not_picked":["White Beast Statue","Calling Bell"],"picked":"Astrolabe"}],"items_purged_floors":[],"is_endless":false,"potions_floor_spawned":[1,10,12,16,19],"killed_by":"Chosen and Byrds","ascension_level":4}