{"gold_per_floor":[10,21,40,51,69,100,112,112,112,31,62,73,73,92,92,92],"floor_reached":16,"playtime":599,"items_purged":[],"score":226,"play_id":"05fe3b69-4d91-4cfa-b65a-9a089a5d66b4","local_time":"20190426143929","is_ascension_mode":true,"campfire_choices":[{"data":"Zap","floor":8,"key":"SMITH"},{"data":"Scrape","floor":13,"key":"SMITH"},{"data":"Dualcast","floor":15,"key":"SMITH"}],"neow_cost":"NO_GOLD","seed_source_timestamp":283223858555000,"circlet_count":0,"master_deck":["AscendersBane","Strike_B","Strike_B","Strike_B","Defend_B","Defend_B","Defend_B","Zap+1","Dualcast+1","Conserve Battery","Self Repair","Undo","Ball Lightning","All For One","Go for the Eyes","FTL","Scrape+1","Melter"],"relics":["Cracked Core","Potion Belt","Pantograph","Meat on the Bone"],"potions_floor_usage":[6,6,11],"damage_taken":[{"damage":2,"enemies":"Jaw Worm","floor":1,"turns":4},{"damage":7,"enemies":"Small Slimes","floor":2,"turns":4},{"damage":3,"enemies":"2 Louse","floor":3,"turns":3},{"damage":1,"enemies":"2 Fungi Beasts","floor":4,"turns":4},{"damage":0,"enemies":"Exordium Wildlife","floor":5,"turns":4},{"damage":13,"enemies":"3 Sentries","floor":6,"turns":8},{"damage":10,"enemies":"Red Slaver","floor":7,"turns":4},{"damage":12,"enemies":"Lagavulin","floor":11,"turns":4},{"damage":7,"enemies":"Blue Slaver","floor":12,"turns":3},{"damage":12,"enemies":"3 Louse","floor":14,"turns":3},{"damage":71,"enemies":"Hexaghost","floor":16,"turns":9}],"seed_played":"-6127175711114048694","potions_obtained":[{"floor":2,"key":"SkillPotion"},{"floor":3,"key":"Block Potion"},{"floor":6,"key":"PowerPotion"}],"is_trial":false,"path_per_floor":["M","M","M","M","M","E","M","R","T","$","E","M","R","M","R","B"],"character_chosen":"DEFECT","items_purchased":["FTL"],"campfire_rested":0,"item_purchase_floors":[10],"current_hp_per_floor":[62,55,59,65,71,58,48,48,48,48,36,48,48,43,43,0],"gold":92,"neow_bonus":"REMOVE_TWO","is_prod":false,"is_daily":false,"chose_seed":false,"campfire_upgraded":3,"win_rate":0,"timestamp":1556282369,"path_taken":["M","M","M","M","M","E","M","R","T","$","E","M","R","M","R","BOSS"],"build_version":"2019-01-23","purchased_purges":0,"victory":false,"max_hp_per_floor":[71,71,71,71,71,71,71,71,71,71,71,71,71,71,71,71],"card_choices":[{"not_picked":["Hologram","Rebound"],"picked":"Conserve Battery","floor":1},{"not_picked":["Steam Power","Lockon"],"picked":"Self Repair","floor":2},{"not_picked":["Steam","Buffer"],"picked":"Undo","floor":3},{"not_picked":["Turbo","Force Field","Barrage"],"picked":"SKIP","floor":4},{"not_picked":["Go for the Eyes","Coolheaded"],"picked":"Ball Lightning","floor":5},{"not_picked":["Stack","Capacitor"],"picked":"All For One","floor":6},{"not_picked":["Streamline","Turbo"],"picked":"Go for the Eyes","floor":7},{"not_picked":["Barrage","Chill"],"picked":"Scrape","floor":11},{"not_picked":["Skim","Ball Lightning","Stack"],"picked":"SKIP","floor":12},{"not_picked":["Rebound","Cold Snap"],"picked":"Melter","floor":14}],"player_experience":628692,"relics_obtained":[{"floor":6,"key":"Potion Belt"},{"floor":9,"key":"Pantograph"},{"floor":11,"key":"Meat on the Bone"}],"event_choices":[],"is_beta":false,"boss_relics":[],"items_purged_floors":[],"is_endless":false,"potions_floor_spawned":[2,3,5,6],"killed_by":"Hexaghost","ascension_level":19}