{"gold_per_floor":[110,185,39,58,69,69,104,104,129,152,190,62,95,111,111,240,240,231,231,12,31,31,64,79,79,79,79,79,113,35,79,79,210,210,234,234,359,372,21,21,59,59,86,86,86,139,179,198,198,198],"floor_reached":51,"playtime":3402,"items_purged":["Strike_G"],"score":1163,"play_id":"c0d2c0bd-964b-4f04-af27-dae060110edb","local_time":"20190417023551","is_ascension_mode":true,"campfire_choices":[{"data":"Neutralize","floor":6,"key":"SMITH"},{"data":"Malaise","floor":15,"key":"SMITH"},{"data":"Footwork","floor":25,"key":"SMITH"},{"data":"Footwork","floor":27,"key":"SMITH"},{"data":"Doppelganger","floor":32,"key":"SMITH"},{"data":"A Thousand Cuts","floor":40,"key":"SMITH"},{"floor":42,"key":"REST"},{"floor":45,"key":"REST"},{"data":"Footwork","floor":49,"key":"SMITH"}],"neow_cost":"PERCENT_DAMAGE","seed_source_timestamp":32516019756470,"circlet_count":0,"master_deck":["Defend_G+1","Defend_G","Defend_G","Defend_G","Defend_G","Strike_G+1","Strike_G","Strike_G","Strike_G+1","Survivor+1","Neutralize+1","Skewer","Escape Plan","Dagger Throw","Dagger Spray","Malaise+1","Footwork+1","Footwork+1","Doppelganger+1","Noxious Fumes+1","Well Laid Plans","Dodge and Roll+1","Regret","Footwork+1","Poisoned Stab+1","A Thousand Cuts+1","Pain","Writhe","Shame","Dagger Spray+1","PiercingWail+1","Dash+1","Noxious Fumes+1","Dash+1","Caltrops+1"],"relics":["Ring of the Snake","Tough Bandages","PreservedInsect","Whetstone","Golden Idol","Ancient Tea Set","Smiling Mask","Bird Faced Urn","Cursed Key","GremlinMask","Vajra","Darkstone Periapt","Bottled Flame","War Paint","Gremlin Horn","Calling Bell","Centennial Puzzle","Molten Egg 2","Pocketwatch","Ice Cream","Chemical X","Art of War","Omamori","Bag of Marbles","Strawberry","Snake Skull"],"potions_floor_usage":[7,11,13,23,28,38,47,50,50,50],"damage_taken":[{"damage":0,"enemies":"Small Slimes","floor":1,"turns":5},{"damage":0,"enemies":"Jaw Worm","floor":4,"turns":4},{"damage":1,"enemies":"Cultist","floor":5,"turns":3},{"damage":1,"enemies":"Lagavulin","floor":7,"turns":8},{"damage":0,"enemies":"2 Fungi Beasts","floor":10,"turns":3},{"damage":0,"enemies":"3 Sentries","floor":11,"turns":6},{"damage":0,"enemies":"Lagavulin","floor":13,"turns":5},{"damage":5,"enemies":"Exordium Thugs","floor":14,"turns":5},{"damage":22,"enemies":"Hexaghost","floor":16,"turns":17},{"damage":15,"enemies":"2 Thieves","floor":18,"turns":4},{"damage":15,"enemies":"Chosen","floor":21,"turns":6},{"damage":8,"enemies":"Book of Stabbing","floor":23,"turns":6},{"damage":9,"enemies":"Shelled Parasite and Fungi","floor":24,"turns":7},{"damage":21,"enemies":"Sentry and Sphere","floor":28,"turns":5},{"damage":3,"enemies":"Gremlin Leader","floor":29,"turns":7},{"damage":9,"enemies":"Book of Stabbing","floor":31,"turns":6},{"damage":41,"enemies":"Champ","floor":33,"turns":17},{"damage":17,"enemies":"3 Darklings","floor":35,"turns":6},{"damage":21,"enemies":"Mind Bloom Boss Battle","floor":37,"turns":9},{"damage":28,"enemies":"Orb Walker","floor":38,"turns":5},{"damage":35,"enemies":"Giant Head","floor":41,"turns":10},{"damage":6,"enemies":"Nemesis","floor":47,"turns":5},{"damage":9,"enemies":"3 Darklings","floor":48,"turns":4},{"damage":28,"enemies":"Donu and Deca","floor":50,"turns":8}],"seed_played":"-1686182277281375241","potions_obtained":[{"floor":1,"key":"SkillPotion"},{"floor":4,"key":"Block Potion"},{"floor":11,"key":"Swift Potion"},{"floor":16,"key":"SteroidPotion"},{"floor":21,"key":"Regen Potion"},{"floor":23,"key":"SmokeBomb"},{"floor":33,"key":"Weak Potion"},{"floor":41,"key":"Dexterity Potion"},{"floor":47,"key":"Energy Potion"},{"floor":48,"key":"PowerPotion"}],"is_trial":false,"path_per_floor":["?","?","?","M","?","$","?","?","?","T"],"character_chosen":"THE_SILENT","items_purchased":["PreservedInsect","Footwork","Well Laid Plans","Vajra","Footwork","Chemical X","Art of War"],"campfire_rested":2,"item_purchase_floors":[3,12,20,20,30,39,39],"current_hp_per_floor":[45,34,34,34,33,33,32,32,32,32,32,32,32,31,31,13,52,41,41,41,34,34,48,47,47,53,53,40,45,45,46,46,15,75,68,68,57,39,39,39,16,42,42,42,68,75,83,88,88,78],"gold":198,"neow_bonus":"ONE_RARE_RELIC","is_prod":false,"is_daily":false,"chose_seed":false,"campfire_upgraded":7,"win_rate":0,"timestamp":1555443351,"path_taken":["M","?","$","M","M","R","E","?","T","M","E","$","E","M","R","BOSS","M","?","$","?","?","E","M","R","T","R","M","E","?","E","R","BOSS","M","?","?","M","$","R","E","R","T","?","R","?","E","M","R","BOSS"],"build_version":"2019-01-23","purchased_purges":1,"victory":true,"max_hp_per_floor":[70,70,70,70,70,70,70,65,65,65,65,65,65,65,65,65,65,65,65,65,65,65,65,65,65,71,71,71,71,71,71,71,71,89,89,89,89,89,89,89,89,89,89,89,89,96,96,96,96,96],"card_choices":[{"not_picked":["Endless Agony","Quick Slash"],"picked":"Skewer","floor":1},{"not_picked":["Masterful Stab","Sucker Punch"],"picked":"Escape Plan","floor":4},{"not_picked":["PiercingWail","Blade Dance"],"picked":"Dagger Throw","floor":5},{"not_picked":["Quick Slash","Concentrate"],"picked":"Dagger Spray","floor":7},{"not_picked":["Expertise","Prepared","Poisoned Stab"],"picked":"SKIP","floor":10},{"not_picked":["Concentrate","Bullet Time"],"picked":"Malaise","floor":11},{"not_picked":["Calculated Gamble","Deflect"],"picked":"Footwork","floor":13},{"not_picked":["Blade Dance","Concentrate","Dagger Spray"],"picked":"SKIP","floor":14},{"not_picked":["Phantasmal Killer","Night Terror"],"picked":"Doppelganger","floor":16},{"not_picked":["Blur","Flechettes+1"],"picked":"Noxious Fumes+1","floor":18},{"not_picked":["Underhanded Strike","Prepared+1","Flechettes"],"picked":"SKIP","floor":21},{"not_picked":["Underhanded Strike","Poisoned Stab","Outmaneuver+1"],"picked":"SKIP","floor":23},{"not_picked":["Catalyst","Deadly Poison"],"picked":"Dodge and Roll+1","floor":24},{"not_picked":["Masterful Stab","Bouncing Flask","Storm of Steel"],"picked":"SKIP","floor":29},{"not_picked":["Blade Dance","Flying Knee+1"],"picked":"Poisoned Stab+1","floor":31},{"not_picked":["Phantasmal Killer","Die Die Die"],"picked":"A Thousand Cuts","floor":33},{"not_picked":["Accuracy","Underhanded Strike+1"],"picked":"Dagger Spray+1","floor":35},{"not_picked":["Deadly Poison","Deflect"],"picked":"PiercingWail+1","floor":37},{"not_picked":["Outmaneuver+1","Sucker Punch+1"],"picked":"Dash+1","floor":38},{"not_picked":["Infinite Blades+1","PiercingWail"],"picked":"Noxious Fumes+1","floor":41},{"not_picked":["Envenom","Deflect+1"],"picked":"Dash+1","floor":47},{"not_picked":["Escape Plan","PiercingWail+1"],"picked":"Caltrops+1","floor":48}],"player_experience":241269,"relics_obtained":[{"floor":7,"key":"Whetstone"},{"floor":9,"key":"Ancient Tea Set"},{"floor":11,"key":"Smiling Mask"},{"floor":13,"key":"Bird Faced Urn"},{"floor":23,"key":"Darkstone Periapt"},{"floor":26,"key":"Bottled Flame"},{"floor":29,"key":"War Paint"},{"floor":31,"key":"Gremlin Horn"},{"floor":34,"key":"Centennial Puzzle"},{"floor":34,"key":"Molten Egg 2"},{"floor":34,"key":"Pocketwatch"},{"floor":37,"key":"Ice Cream"},{"floor":41,"key":"Omamori"},{"floor":43,"key":"Bag of Marbles"},{"floor":46,"key":"Strawberry"},{"floor":47,"key":"Snake Skull"}],"event_choices":[{"damage_healed":0,"gold_gain":75,"player_choice":"Gather Gold","damage_taken":11,"max_hp_gain":0,"max_hp_loss":0,"event_name":"World of Goop","floor":2,"gold_loss":0},{"damage_healed":0,"gold_gain":0,"player_choice":"Lose Max HP","damage_taken":0,"relics_obtained":["Golden Idol"],"max_hp_gain":0,"max_hp_loss":5,"event_name":"Golden Idol","floor":8,"gold_loss":0},{"damage_healed":0,"gold_gain":0,"player_choice":"Trade","damage_taken":0,"relics_obtained":["GremlinMask"],"max_hp_gain":0,"max_hp_loss":0,"event_name":"FaceTrader","floor":19,"gold_loss":0},{"damage_healed":0,"gold_gain":0,"player_choice":"Ignored","damage_taken":0,"max_hp_gain":0,"max_hp_loss":0,"event_name":"Beggar","floor":22,"gold_loss":0},{"damage_healed":0,"gold_gain":0,"player_choice":"Ignored","damage_taken":0,"max_hp_gain":0,"max_hp_loss":0,"event_name":"Mysterious Sphere","floor":36,"gold_loss":0},{"damage_healed":0,"gold_gain":0,"player_choice":"Fight","damage_taken":0,"max_hp_gain":0,"max_hp_loss":0,"event_name":"MindBloom","floor":37,"gold_loss":0},{"damage_healed":0,"gold_gain":0,"player_choice":"Memory 1","damage_taken":0,"max_hp_gain":0,"max_hp_loss":0,"event_name":"SensoryStone","floor":44,"gold_loss":0}],"is_beta":false,"boss_relics":[{"not_picked":["White Beast Statue","Pandora\u0027s Box"],"picked":"Cursed Key"},{"not_picked":["Snecko Eye","Orrery"],"picked":"Calling Bell"}],"items_purged_floors":[12],"is_endless":false,"potions_floor_spawned":[1,4,11,16,21,23,33,41,47,48],"ascension_level":6}