{"gold_per_floor":[114,114,39,39,58,58,77,111,135,166,5,5,24,59,59,59],"floor_reached":16,"playtime":625,"items_purged":["Strike_B","Strike_B"],"score":187,"play_id":"d1f21517-81fe-49df-b776-f4c4932b86fc","local_time":"20190423033228","is_ascension_mode":true,"campfire_choices":[{"data":"Machine Learning","floor":6,"key":"SMITH"},{"floor":12,"key":"REST"},{"data":"Coolheaded","floor":15,"key":"SMITH"}],"neow_cost":"NONE","seed_source_timestamp":56617673675681,"circlet_count":0,"master_deck":["AscendersBane","Strike_B","Strike_B","Defend_B+1","Defend_B+1","Defend_B","Defend_B","Zap","Dualcast","Gash","Machine Learning+1","Compile Driver","Coolheaded+1","Coolheaded","White Noise","Gash","Coolheaded"],"relics":["Cracked Core","Lantern","Bronze Scales","MawBank","War Paint"],"potions_floor_usage":[8,16],"damage_taken":[{"damage":0,"enemies":"Cultist","floor":1,"turns":3},{"damage":7,"enemies":"Jaw Worm","floor":5,"turns":3},{"damage":15,"enemies":"2 Louse","floor":7,"turns":3},{"damage":27,"enemies":"Lagavulin","floor":8,"turns":8},{"damage":11,"enemies":"Large Slime","floor":10,"turns":5},{"damage":11,"enemies":"Gremlin Gang","floor":13,"turns":4},{"damage":7,"enemies":"3 Sentries","floor":14,"turns":8},{"damage":32,"enemies":"Slime Boss","floor":16,"turns":3}],"seed_played":"7722306619765337126","potions_obtained":[{"floor":4,"key":"LiquidBronze"},{"floor":4,"key":"Dexterity Potion"},{"floor":5,"key":"EssenceOfSteel"},{"floor":8,"key":"Strength Potion"}],"is_trial":false,"path_per_floor":["M","T","$","?","M","R","M","E","T","M","$","R","M","E","R","B"],"character_chosen":"DEFECT","items_purchased":["White Noise"],"campfire_rested":1,"item_purchase_floors":[11],"current_hp_per_floor":[71,71,71,71,64,64,49,22,22,11,11,34,23,16,16,0],"gold":59,"neow_bonus":"TEN_PERCENT_HP_BONUS","is_prod":false,"is_daily":false,"chose_seed":false,"campfire_upgraded":2,"win_rate":0,"timestamp":1556001148,"path_taken":["M","?","$","?","M","R","M","E","T","M","$","R","M","E","R","BOSS"],"build_version":"2019-01-23","purchased_purges":2,"victory":false,"max_hp_per_floor":[78,78,78,78,78,78,78,78,78,78,78,78,78,78,78,78],"card_choices":[{"not_picked":["Beam Cell","Go for the Eyes"],"picked":"Gash","floor":1},{"not_picked":["Reprogram","Self Repair"],"picked":"Machine Learning","floor":5},{"not_picked":["Stack","Melter"],"picked":"Compile Driver","floor":7},{"not_picked":["Chill","Reboot"],"picked":"Coolheaded","floor":8},{"not_picked":["Streamline","Turbo"],"picked":"Coolheaded","floor":10},{"not_picked":["Barrage","Cold Snap"],"picked":"Gash","floor":13},{"not_picked":["Recycle","Sunder"],"picked":"Coolheaded","floor":14}],"player_experience":733951,"relics_obtained":[{"floor":2,"key":"Lantern"},{"floor":8,"key":"Bronze Scales"},{"floor":9,"key":"MawBank"},{"floor":14,"key":"War Paint"}],"event_choices":[{"damage_healed":0,"gold_gain":0,"player_choice":"Got Potions","damage_taken":0,"max_hp_gain":0,"max_hp_loss":0,"event_name":"Lab","floor":4,"gold_loss":0}],"is_beta":false,"boss_relics":[],"items_purged_floors":[3,11],"is_endless":false,"potions_floor_spawned":[5,8],"killed_by":"Slime Boss","ascension_level":14}