{"path_per_floor":["M","M","?","?","M","E","?","M","T","R","?","E","?","M","R"],"character_chosen":"IRONCLAD","items_purchased":[],"gold_per_floor":[118,134,134,134,153,188,218,235,235,235,200,234,309,328,328,328],"floor_reached":16,"campfire_rested":2,"playtime":2137,"current_hp_per_floor":[35,39,39,39,45,31,31,33,33,57,77,73,62,60,80,0],"items_purged":[],"gold":328,"score":110,"play_id":"883ffee1-1c2d-492b-944e-7ef287bbf300","local_time":"20180512210546","is_prod":false,"is_daily":false,"chose_seed":false,"is_ascension_mode":false,"campfire_upgraded":0,"timestamp":1526184346,"path_taken":["M","M","?","?","?","E","?","M","T","R","?","E","?","M","R","BOSS"],"build_version":"2018-05-10","seed_source_timestamp":306401077668007,"purchased_purges":0,"victory":false,"master_deck":["Strike_R","Strike_R","Strike_R","Strike_R","Strike_R","Defend_R","Defend_R","Defend_R","Bash","Shrug It Off","Anger","Ghostly Armor","Intimidate","Armaments","Impervious","Shrug It Off"],"max_hp_per_floor":[80,80,80,80,80,80,80,80,80,80,80,80,80,80,80,80],"relics":["Burning Blood","Gambling Chip","Blue Candle","Bag of Marbles","Dodecahedron","Juzu Bracelet"],"card_choices":[{"not_picked":["Ghostly Armor","Heavy Blade"],"picked":"Shrug It Off","floor":1},{"not_picked":["Pommel Strike","Clothesline"],"picked":"Anger","floor":2},{"not_picked":["Hemokinesis","Anger"],"picked":"Intimidate","floor":6},{"not_picked":["Sword Boomerang","Headbutt"],"picked":"Armaments","floor":8},{"not_picked":["True Grit","Entrench"],"picked":"Impervious","floor":12},{"not_picked":["Heavy Blade","Disarm"],"picked":"Shrug It Off","floor":14}],"player_experience":368702,"potions_floor_usage":[12,16],"damage_taken":[{"damage":11,"enemies":"Jaw Worm","floor":1,"turns":4},{"damage":2,"enemies":"2 Louse","floor":2,"turns":4},{"damage":0,"enemies":"Cultist","floor":5,"turns":3},{"damage":20,"enemies":"Gremlin Nob","floor":6,"turns":5},{"damage":4,"enemies":"2 Fungi Beasts","floor":8,"turns":4},{"damage":10,"enemies":"Lagavulin","floor":12,"turns":8},{"damage":8,"enemies":"3 Louse","floor":14,"turns":5},{"damage":86,"enemies":"Hexaghost","floor":16,"turns":14}],"event_choices":[{"event_name":"Living Wall","player_choice":"Change","floor":3,"damage_taken":0},{"event_name":"Liars Game","player_choice":"disagreed","floor":4,"damage_taken":0},{"event_name":"Dead Adventurer","player_choice":"Searched \u00273\u0027 times","floor":7,"damage_taken":0},{"event_name":"The Cleric","player_choice":"Healed","floor":11,"damage_taken":0},{"event_name":"World of Goop","player_choice":"Gather Gold","floor":13,"damage_taken":0}],"boss_relics":[],"potions_floor_spawned":[1,5],"seed_played":"3271579303215819754","killed_by":"Hexaghost","ascension_level":0,"is_trial":false}