{"gold_per_floor":[113,125,139,149,161,161,186,198,233,263,292,321,29,39,39,134,134,151,169,24,24,43,43,58,76,101,200,218,234,234],"floor_reached":30,"playtime":3654,"items_purged":[],"score":242,"play_id":"741ce06a-c59e-4603-8b3c-c8f5669565a9","local_time":"20190207053450","is_ascension_mode":false,"campfire_choices":[{"data":"Tactician","floor":6,"key":"SMITH"},{"floor":8,"key":"REST"},{"floor":15,"key":"REST"},{"floor":23,"key":"REST"}],"neow_cost":"NONE","seed_source_timestamp":267137165309777,"circlet_count":0,"master_deck":["Defend_G","Defend_G","Defend_G","Defend_G","Defend_G","Strike_G","Strike_G","Strike_G","Strike_G","Strike_G","Survivor","Neutralize","Escape Plan","Dagger Throw","Footwork","Tactician+1","Prepared","Outmaneuver","Dagger Throw","Sucker Punch","Underhanded Strike","Tools of the Trade","Flash of Steel","Tactician","Venomology","Quick Slash+1","Backflip","Skewer","Predator","Distraction","Well Laid Plans+1","Prepared+1"],"relics":["Ring of the Snake","MawBank","Lantern","PreservedInsect","Eternal Feather","Omamori","Happy Flower"],"potions_floor_usage":[5,7,7,16,19,24,24,25,25,28,29,29,29],"damage_taken":[{"damage":0,"enemies":"Cultist","floor":1,"turns":4},{"damage":0,"enemies":"Small Slimes","floor":2,"turns":5},{"damage":0,"enemies":"Jaw Worm","floor":3,"turns":5},{"damage":2,"enemies":"Blue Slaver","floor":4,"turns":5},{"damage":16,"enemies":"Exordium Wildlife","floor":5,"turns":7},{"damage":40,"enemies":"3 Sentries","floor":7,"turns":17},{"damage":1,"enemies":"Red Slaver","floor":10,"turns":6},{"damage":6,"enemies":"Large Slime","floor":11,"turns":7},{"damage":2,"enemies":"Exordium Thugs","floor":12,"turns":7},{"damage":0,"enemies":"Red Slaver","floor":14,"turns":4},{"damage":54,"enemies":"Slime Boss","floor":16,"turns":15},{"damage":19,"enemies":"Spheric Guardian","floor":18,"turns":6},{"damage":12,"enemies":"3 Byrds","floor":19,"turns":7},{"damage":19,"enemies":"Snecko","floor":22,"turns":8},{"damage":4,"enemies":"Centurion and Healer","floor":24,"turns":9},{"damage":25,"enemies":"Snake Plant","floor":25,"turns":6},{"damage":11,"enemies":"Snecko","floor":28,"turns":6},{"damage":11,"enemies":"Sentry and Sphere","floor":29,"turns":6},{"damage":16,"enemies":"Snake Plant","floor":30,"turns":4}],"seed_played":"-2250810355573901294","potions_obtained":[{"floor":1,"key":"GhostInAJar"},{"floor":2,"key":"Swift Potion"},{"floor":4,"key":"SkillPotion"},{"floor":10,"key":"SneckoOil"},{"floor":11,"key":"Swift Potion"},{"floor":19,"key":"SneckoOil"},{"floor":25,"key":"EssenceOfSteel"},{"floor":28,"key":"Weak Potion"}],"is_trial":false,"path_per_floor":["M","M","M","M","M","R","E","R","T","M","M","M","$","M","R","B",null,"M","M","$","?","M","R","M","M","T","?","M","M","M"],"character_chosen":"THE_SILENT","items_purchased":["Tools of the Trade","Flash of Steel","PreservedInsect","Omamori"],"campfire_rested":3,"item_purchase_floors":[13,13,13,20],"current_hp_per_floor":[77,77,77,75,59,59,19,42,42,41,35,33,33,33,56,2,77,58,46,46,46,27,65,61,36,36,36,25,14,0],"gold":234,"neow_bonus":"TEN_PERCENT_HP_BONUS","is_prod":false,"is_daily":false,"chose_seed":false,"campfire_upgraded":1,"win_rate":0.0,"timestamp":1549492490,"path_taken":["M","M","M","M","M","R","E","R","T","M","?","M","$","?","R","BOSS","M","M","$","?","M","R","M","M","T","?","M","M","M"],"build_version":"2018-12-4","purchased_purges":0,"victory":false,"max_hp_per_floor":[77,77,77,77,77,77,77,77,77,77,77,77,77,77,77,77,77,77,77,77,77,77,77,77,77,77,77,77,77,77],"card_choices":[{"not_picked":["Deflect","Prepared"],"picked":"Escape Plan","floor":1},{"not_picked":["Slice","Prepared"],"picked":"Dagger Throw","floor":2},{"not_picked":["Prepared","Acrobatics"],"picked":"Footwork","floor":3},{"not_picked":["Deflect","PiercingWail"],"picked":"Tactician","floor":4},{"not_picked":["All Out Attack","Envenom"],"picked":"Prepared","floor":5},{"not_picked":["Prepared","PiercingWail"],"picked":"Outmaneuver","floor":7},{"not_picked":["Skewer","Acrobatics"],"picked":"Dagger Throw","floor":10},{"not_picked":["Dodge and Roll","Deadly Poison"],"picked":"Sucker Punch","floor":11},{"not_picked":["Prepared","Dagger Throw"],"picked":"Underhanded Strike","floor":12},{"not_picked":["Prepared","Malaise"],"picked":"Tactician","floor":14},{"not_picked":["Envenom","Bullet Time"],"picked":"Venomology","floor":16},{"not_picked":["Deadly Poison+1","PiercingWail"],"picked":"Quick Slash+1","floor":18},{"not_picked":["Underhanded Strike","Prepared"],"picked":"Backflip","floor":19},{"not_picked":["Dash","Dagger Throw+1"],"picked":"Skewer","floor":22},{"not_picked":["Dagger Throw","Quick Slash"],"picked":"Predator","floor":24},{"not_picked":["Crippling Poison","Deadly Poison"],"picked":"Distraction","floor":25},{"not_picked":["Endless Agony","Prepared+1"],"picked":"Well Laid Plans+1","floor":28},{"not_picked":["Deadly Poison","Riddle With Holes"],"picked":"Prepared+1","floor":29}],"player_experience":24744,"relics_obtained":[{"floor":7,"key":"MawBank"},{"floor":9,"key":"Lantern"},{"floor":26,"key":"Happy Flower"}],"event_choices":[{"damage_healed":0,"gold_gain":0,"player_choice":"Ignored","damage_taken":0,"max_hp_gain":0,"max_hp_loss":0,"event_name":"Beggar","floor":21,"gold_loss":0},{"damage_healed":0,"gold_gain":99,"player_choice":"Stole From Cult","damage_taken":0,"max_hp_gain":0,"max_hp_loss":0,"event_name":"Nest","floor":27,"gold_loss":0}],"is_beta":true,"boss_relics":[{"not_picked":["Velvet Choker","Runic Dome"],"picked":"Eternal Feather"}],"items_purged_floors":[],"is_endless":false,"potions_floor_spawned":[1,2,4,10,11,19,25,28],"killed_by":"Snake Plant","ascension_level":0}