{"gold_per_floor":[110,110,125,143,155,184,138,138,138,138,196,161,18,34,34,133,133,149,165,165,165,177,177,21,31,331,347,360,360,360,376,376,474,474,490,490,490,504,504,531,549,261,285,285,298,347,360,360,360,360],"floor_reached":51,"playtime":4127,"items_purged":[],"score":654,"play_id":"b799841b-9491-4583-9f1a-7f14bfd63d41","local_time":"20180703183120","is_ascension_mode":false,"campfire_choices":[{"data":"Anger","floor":8.0,"key":"SMITH"},{"data":"Double Tap","floor":10.0,"key":"SMITH"},{"data":"Armaments","floor":15.0,"key":"SMITH"},{"data":"Reaper","floor":23.0,"key":"SMITH"},{"data":"Thunderclap","floor":29.0,"key":"SMITH"},{"data":"Inflame","floor":32,"key":"SMITH"},{"data":"Rage","floor":49,"key":"SMITH"}],"neow_cost":"","seed_source_timestamp":0,"circlet_count":0,"master_deck":["Strike_R+1","Strike_R+1","Strike_R","Defend_R","Defend_R","Defend_R","Defend_R","Bash+1","Inflame+1","Seeing Red","Double Tap+1","Anger+1","Armaments+1","Reaper+1","Thunderclap+1","Impervious","Body Slam+1","Anger+1","Dual Wield","Rage+1","Heavy Blade+1","Writhe","Flex+1","Clothesline+1","Clash+1","Dual Wield+1"],"special_seed":0,"relics":["Burning Blood","Thread and Needle","Kunai","Bronze Scales","Ornamental Fan","Juzu Bracelet","Busted Crown","Anchor","Old Coin","Nilry\u0027s Codex","Eternal Feather","Whetstone","Oddly Smooth Stone","Bag of Marbles","Bag of Preparation","Torii","Magic Flower"],"potions_floor_usage":[33,33,50],"damage_taken":[{"damage":1.0,"enemies":"Cultist","floor":1.0,"turns":3.0},{"damage":0.0,"enemies":"Small Slimes","floor":3.0,"turns":5.0},{"damage":0.0,"enemies":"Jaw Worm","floor":4.0,"turns":4.0},{"damage":2.0,"enemies":"Blue Slaver","floor":5.0,"turns":5.0},{"damage":10.0,"enemies":"Lagavulin","floor":6.0,"turns":5.0},{"damage":16.0,"enemies":"Gremlin Nob","floor":11.0,"turns":4.0},{"damage":1.0,"enemies":"Lots of Slimes","floor":14.0,"turns":4.0},{"damage":73.0,"enemies":"Hexaghost","floor":16.0,"turns":10.0},{"damage":3.0,"enemies":"Shell Parasite","floor":18.0,"turns":4.0},{"damage":5.0,"enemies":"Spheric Guardian","floor":19.0,"turns":4.0},{"damage":36.0,"enemies":"Cultist and Chosen","floor":22.0,"turns":7.0},{"damage":3.0,"enemies":"Snake Plant","floor":25.0,"turns":3.0},{"damage":13.0,"enemies":"Centurion and Healer","floor":27.0,"turns":4.0},{"damage":11.0,"enemies":"Cultist and Chosen","floor":28.0,"turns":7.0},{"damage":0,"enemies":"Snecko","floor":31,"turns":3},{"damage":69,"enemies":"Automaton","floor":33,"turns":9},{"damage":17,"enemies":"Orb Walker","floor":35,"turns":5},{"damage":11,"enemies":"3 Darklings","floor":38,"turns":5},{"damage":52,"enemies":"2 Orb Walkers","floor":40,"turns":6},{"damage":34,"enemies":"4 Shapes","floor":41,"turns":5},{"damage":30,"enemies":"Sphere and 2 Shapes","floor":45,"turns":5},{"damage":9,"floor":46,"turns":4},{"damage":23,"enemies":"3 Darklings","floor":47,"turns":5},{"damage":0,"floor":48,"turns":5},{"damage":74,"enemies":"Awakened One","floor":50,"turns":11}],"seed_played":"2938435401432101411","potions_obtained":[{"floor":1.0,"key":"Fruit Juice"},{"floor":3.0,"key":"Block Potion"},{"floor":5.0,"key":"SneckoOil"},{"floor":16.0,"key":"LiquidBronze"},{"floor":19.0,"key":"SpeedPotion"},{"floor":22.0,"key":"Swift Potion"},{"floor":27.0,"key":"Weak Potion"},{"floor":40,"key":"FairyPotion"},{"floor":45,"key":"FearPotion"},{"floor":46,"key":"FairyPotion"}],"is_trial":false,"path_per_floor":["M","T","M","M","M","E","$","R","T","R","?","?","$","M","R","B",null,"M","M","$","?","M","R","$","M","T","M","M","R","?","M","R","B",null,"M","?","?","M","?","E","M","$","T","?","M","?","M","?","R","B"],"character_chosen":"IRONCLAD","items_purchased":["Anger","Juzu Bracelet","Anchor","Oddly Smooth Stone","Bag of Marbles"],"campfire_rested":0,"item_purchase_floors":[],"current_hp_per_floor":[80,80,80,80,80,76,76,76,76,76,66,80,80,80,80,18,85,85,85,85,85,64,64,64,67,67,70,70,70,54,70,70,63,85,85,85,85,81,81,40,59,59,59,80,65,70,69,80,85,20],"gold":360,"neow_bonus":"","is_prod":false,"is_daily":false,"chose_seed":false,"campfire_upgraded":7,"win_rate":0.0,"timestamp":1530635480,"path_taken":["M","?","M","M","?","E","?","R","T","R","?","?","$","M","R","BOSS","M","M","$","?","M","R","$","M","T","M","M","R","?","M","R","BOSS","M","?","?","M","?","E","M","$","T","?","M","?","M","?","R","BOSS"],"build_version":"2018-06-28","purchased_purges":0,"victory":true,"max_hp_per_floor":[80,80,80,80,80,80,80,80,80,80,80,80,80,80,80,85,85,85,85,85,85,85,85,85,85,85,85,85,85,85,85,85,85,85,85,85,85,85,85,85,85,85,85,85,85,85,85,85,85,85],"card_choices":[{"not_picked":["Body Slam","Flex","Sword Boomerang"],"picked":"SKIP","floor":1.0},{"not_picked":["Iron Wave","Bloodletting"],"picked":"Inflame","floor":3.0},{"not_picked":["Fire Breathing","Twin Strike"],"picked":"Seeing Red","floor":4.0},{"not_picked":["Clash","Headbutt"],"picked":"Double Tap","floor":5.0},{"not_picked":["Pommel Strike","Body Slam","Thunderclap"],"picked":"SKIP","floor":6.0},{"not_picked":["Clothesline","Impervious"],"picked":"Armaments","floor":11.0},{"not_picked":["Headbutt","Reckless Charge","Thunderclap"],"picked":"SKIP","floor":14.0},{"not_picked":["Offering","Juggernaut"],"picked":"Reaper","floor":16.0},{"not_picked":["Heavy Blade"],"picked":"SKIP","floor":18.0},{"not_picked":["Armaments"],"picked":"SKIP","floor":19.0},{"not_picked":[],"picked":"Thunderclap","floor":22.0},{"not_picked":["Disarm+1"],"picked":"SKIP","floor":25.0},{"not_picked":["Armaments"],"picked":"SKIP","floor":27.0},{"not_picked":["Body Slam"],"picked":"SKIP","floor":28.0},{"not_picked":["Heavy Blade+1"],"picked":"SKIP","floor":31},{"not_picked":[],"picked":"Impervious","floor":33},{"not_picked":[],"picked":"Body Slam+1","floor":35},{"not_picked":[],"picked":"Dual Wield","floor":38},{"not_picked":[],"picked":"Heavy Blade+1","floor":40},{"not_picked":["Heavy Blade"],"picked":"SKIP","floor":41},{"not_picked":[],"picked":"Flex+1","floor":45},{"not_picked":[],"picked":"Clothesline+1","floor":46},{"not_picked":[],"picked":"Clash+1","floor":47},{"not_picked":[],"picked":"Dual Wield+1","floor":48}],"player_experience":12273,"relics_obtained":[{"floor":2.0,"key":"Thread and Needle"},{"floor":6.0,"key":"Kunai"},{"floor":9.0,"key":"Bronze Scales"},{"floor":11.0,"key":"Ornamental Fan"},{"floor":26.0,"key":"Old Coin"},{"floor":30.0,"key":"Nilry\u0027s Codex"},{"floor":40,"key":"Whetstone"},{"floor":43,"key":"Bag of Preparation"},{"floor":46,"key":"Torii"},{"floor":48,"key":"Magic Flower"}],"event_choices":[{"event_name":"Dead Adventurer","player_choice":"Searched \u00271\u0027 times","floor":11.0,"damage_taken":0.0},{"event_name":"The Cleric","player_choice":"Healed","floor":12.0,"damage_taken":0.0},{"event_name":"Ghosts","player_choice":"Ignored","floor":21.0,"damage_taken":0.0},{"event_name":"Cursed Tome","player_choice":"Obtained Book","floor":30.0,"damage_taken":0.0},{"event_name":"Duplicator","player_choice":"One dupe","floor":36,"damage_taken":0},{"event_name":"Falling","player_choice":"Removed Attack","floor":37,"damage_taken":0},{"event_name":"Transmorgrifier","player_choice":"Transform","floor":39,"damage_taken":0},{"event_name":"Winding Halls","player_choice":"Writhe","floor":44,"damage_taken":0},{"event_name":"Mysterious Sphere","player_choice":"Fight","floor":46,"damage_taken":0},{"event_name":"MindBloom","player_choice":"Fight","floor":48,"damage_taken":0}],"boss_relics":[{"not_picked":["Runic Cube","Coffee Dripper"],"picked":"Busted Crown"},{"not_picked":["Velvet Choker","Cursed Key"],"picked":"Eternal Feather"}],"items_purged_floors":[],"is_endless":false,"potions_floor_spawned":[1,3,5,16,19,22,27,40,45,46,48],"ascension_level":0}