{"gold_per_floor":[118,43,59,69,69,69,83,124,124,157,232,232,232,45,45,45],"floor_reached":16,"playtime":684,"items_purged":[],"score":216,"play_id":"0aca5692-7d60-4e14-a92f-2d2e07b9fc7e","local_time":"20181226123550","is_ascension_mode":true,"campfire_choices":[{"data":"Dagger Spray","floor":6,"key":"SMITH"},{"data":"Neutralize","floor":13,"key":"SMITH"},{"data":"Discovery","floor":15,"key":"SMITH"}],"neow_cost":"NONE","seed_source_timestamp":416809511523949,"circlet_count":0,"master_deck":["AscendersBane","Defend_G","Defend_G","Defend_G","Defend_G","Defend_G+1","Strike_G","Strike_G","Strike_G","Survivor","Neutralize+1","Terror+1","Dagger Spray+1","Choke","Backstab","Burst","Dash","Discovery+1"],"relics":["Ring of the Snake","Golden Idol","War Paint","Bag of Preparation","Pear"],"potions_floor_usage":[7,8,10,16],"damage_taken":[{"damage":0,"enemies":"2 Louse","floor":1,"turns":4},{"damage":8,"enemies":"Small Slimes","floor":3,"turns":8},{"damage":0,"enemies":"Cultist","floor":4,"turns":5},{"damage":7,"enemies":"Red Slaver","floor":7,"turns":4},{"damage":22,"enemies":"Lagavulin","floor":8,"turns":7},{"damage":1,"enemies":"Gremlin Nob","floor":10,"turns":3},{"damage":33,"enemies":"Hexaghost","floor":16,"turns":12}],"seed_played":"-8230247826173306918","potions_obtained":[{"floor":0,"key":"SpeedPotion"},{"floor":0,"key":"SneckoOil"},{"floor":3,"key":"Regen Potion"},{"floor":7,"key":"Energy Potion"}],"is_trial":false,"path_per_floor":["M","?","M","M","?","R","M","E","T","E","?","?","R","$","R","B"],"character_chosen":"THE_SILENT","items_purchased":["Dash","Discovery","SpeedPotion"],"campfire_rested":0,"item_purchase_floors":[14,14,14],"current_hp_per_floor":[59,59,51,51,51,51,56,34,34,43,32,32,32,32,32,0],"gold":45,"neow_bonus":"THREE_SMALL_POTIONS","is_prod":false,"is_daily":false,"chose_seed":false,"campfire_upgraded":3,"win_rate":0,"timestamp":1545824150,"path_taken":["M","?","M","M","?","R","M","E","T","E","?","?","R","$","R","BOSS"],"build_version":"2018-12-20","purchased_purges":0,"victory":false,"max_hp_per_floor":[66,66,66,66,60,60,60,60,60,70,70,70,70,70,70,70],"card_choices":[{"not_picked":["Catalyst","Cloak And Dagger"],"picked":"Terror","floor":1},{"not_picked":["Deflect","Outmaneuver"],"picked":"Dagger Spray","floor":3},{"not_picked":["Calculated Gamble","Dagger Throw"],"picked":"Choke","floor":4},{"not_picked":["Heel Hook","Slice","Outmaneuver"],"picked":"SKIP","floor":7},{"not_picked":["Setup","Prepared","Bane"],"picked":"SKIP","floor":8},{"not_picked":["Heel Hook","Skewer"],"picked":"Backstab","floor":10}],"player_experience":1021335,"relics_obtained":[{"floor":8,"key":"War Paint"},{"floor":9,"key":"Bag of Preparation"},{"floor":10,"key":"Pear"}],"event_choices":[{"cards_removed":["Strike_G"],"damage_healed":0,"gold_gain":0,"player_choice":"Card Removal","damage_taken":0,"max_hp_gain":0,"max_hp_loss":0,"event_name":"The Cleric","floor":2,"gold_loss":75},{"damage_healed":0,"gold_gain":0,"player_choice":"Lose Max HP","damage_taken":0,"relics_obtained":["Golden Idol"],"max_hp_gain":0,"max_hp_loss":6,"event_name":"Golden Idol","floor":5,"gold_loss":0},{"damage_healed":0,"gold_gain":75,"player_choice":"Gather Gold","damage_taken":11,"max_hp_gain":0,"max_hp_loss":0,"event_name":"World of Goop","floor":11,"gold_loss":0},{"damage_healed":0,"gold_gain":0,"cards_transformed":["Strike_G"],"player_choice":"Transformed","damage_taken":0,"max_hp_gain":0,"max_hp_loss":0,"event_name":"Transmorgrifier","floor":12,"gold_loss":0,"cards_obtained":["Burst"]}],"is_beta":false,"boss_relics":[],"items_purged_floors":[],"is_endless":false,"potions_floor_spawned":[1,3,7],"killed_by":"Hexaghost","ascension_level":20}