{"gold_per_floor":[15,30,30,4,18,18,32,59,112,112,128,128,140,166,166,245,245,256,289,305,305,316,346,25,25,94,94,110,137,137,157,157,234,234,252,252,271,271,271],"floor_reached":39,"playtime":1621,"items_purged":["Strike_G+1"],"score":912,"play_id":"a319d8b7-119a-4801-9b5a-5c4211105b6e","local_time":"20190417141709","is_ascension_mode":true,"campfire_choices":[{"data":"Dagger Spray","floor":6,"key":"SMITH"},{"data":"Glass Knife","floor":10,"key":"SMITH"},{"data":"Neutralize","floor":12,"key":"SMITH"},{"data":"Deadly Poison","floor":15,"key":"SMITH"},{"floor":25,"key":"REST"},{"data":"Malaise","floor":30,"key":"SMITH"},{"floor":32,"key":"REST"}],"neow_cost":"NO_GOLD","seed_source_timestamp":173759812238431,"circlet_count":0,"master_deck":["AscendersBane","Defend_G+1","Defend_G+1","Defend_G+1","Defend_G+1","Defend_G+1","Strike_G+1","Strike_G+1","Strike_G+1","Strike_G+1","Survivor+1","Neutralize+1","Glass Knife+1","Poisoned Stab","Dagger Spray+1","Wraith Form v2+1","Deadly Poison+1","PiercingWail","Adrenaline","Escape Plan+1","Noxious Fumes+1","Noxious Fumes+1","Doubt","Malaise+1","Malaise","Well Laid Plans+1","Caltrops+1"],"relics":["Ring of the Snake","Frozen Egg 2","Ancient Tea Set","Lantern","Cursed Key","Red Mask","Sundial","Snake Skull","Gremlin Horn","Boot","Velvet Choker"],"potions_floor_usage":[7,8,14,16,23,33,35,37,39],"damage_taken":[{"damage":4,"enemies":"Jaw Worm","floor":1,"turns":4},{"damage":1,"enemies":"Small Slimes","floor":2,"turns":3},{"damage":6,"enemies":"Cultist","floor":5,"turns":3},{"damage":4,"enemies":"3 Louse","floor":7,"turns":6},{"damage":0,"enemies":"Gremlin Nob","floor":8,"turns":3},{"damage":12,"enemies":"Large Slime","floor":11,"turns":4},{"damage":0,"enemies":"2 Fungi Beasts","floor":13,"turns":2},{"damage":35,"enemies":"Lagavulin","floor":14,"turns":6},{"damage":5,"enemies":"Hexaghost","floor":16,"turns":8},{"damage":7,"enemies":"Spheric Guardian","floor":18,"turns":5},{"damage":1,"enemies":"Masked Bandits","floor":19,"turns":3},{"damage":2,"enemies":"Chosen","floor":20,"turns":4},{"damage":2,"enemies":"Snake Plant","floor":22,"turns":4},{"damage":32,"enemies":"Slavers","floor":23,"turns":10},{"damage":7,"enemies":"Cultist and Chosen","floor":28,"turns":5},{"damage":12,"enemies":"Book of Stabbing","floor":29,"turns":5},{"damage":2,"enemies":"Snecko","floor":31,"turns":5},{"damage":37,"enemies":"Automaton","floor":33,"turns":9},{"damage":25,"enemies":"3 Darklings","floor":35,"turns":6},{"damage":19,"enemies":"Orb Walker","floor":37,"turns":4},{"damage":22,"enemies":"Spire Growth","floor":39,"turns":6}],"seed_played":"3358980033015825093","potions_obtained":[{"floor":1,"key":"Regen Potion"},{"floor":5,"key":"Energy Potion"},{"floor":8,"key":"Strength Potion"},{"floor":13,"key":"Regen Potion"},{"floor":19,"key":"Regen Potion"},{"floor":28,"key":"Weak Potion"},{"floor":31,"key":"EssenceOfSteel"},{"floor":36,"key":"FearPotion"},{"floor":36,"key":"Swift Potion"},{"floor":37,"key":"Fruit Juice"}],"is_trial":false,"path_per_floor":["M","M","?","$","M","R","M","E","T","R","M","R","M","E","R","B",null,"M","?","M","?","M","E","$","R","T","?","M","E","R","M","R","B",null,"M","?","M","?","M"],"character_chosen":"THE_SILENT","items_purchased":["Poisoned Stab","Snake Skull","Noxious Fumes+1"],"campfire_rested":2,"item_purchase_floors":[4,24,24],"current_hp_per_floor":[55,54,34,34,28,28,39,39,39,39,27,27,27,7,7,2,50,43,42,40,40,38,21,21,40,40,40,33,21,21,19,38,1,50,25,25,6,6,0],"gold":271,"neow_bonus":"THREE_RARE_CARDS","is_prod":false,"is_daily":false,"chose_seed":false,"campfire_upgraded":5,"win_rate":0,"timestamp":1555503429,"path_taken":["M","M","?","$","M","R","M","E","T","R","M","R","M","E","R","BOSS","M","?","M","?","M","E","$","R","T","?","M","E","R","?","R","BOSS","M","?","?","?","M"],"build_version":"2019-01-23","purchased_purges":1,"victory":false,"max_hp_per_floor":[66,66,66,66,66,66,66,66,66,66,66,66,66,66,66,66,66,66,66,66,66,66,66,66,66,66,66,66,66,66,66,66,66,66,66,66,66,66,71],"card_choices":[{"not_picked":["Bullet Time","Tools of the Trade"],"picked":"Glass Knife","floor":0},{"not_picked":["Terror","Flechettes","Deflect"],"picked":"SKIP","floor":1},{"not_picked":["Backflip","Terror"],"picked":"Poisoned Stab","floor":2},{"not_picked":["Riddle With Holes","Poisoned Stab"],"picked":"Dagger Spray","floor":5},{"not_picked":["Deflect","Dodge and Roll","Catalyst"],"picked":"SKIP","floor":7},{"not_picked":["Deadly Poison","Predator"],"picked":"Wraith Form v2","floor":8},{"not_picked":["Quick Slash","Prepared","Blade Dance"],"picked":"SKIP","floor":11},{"not_picked":["Underhanded Strike","Blade Dance"],"picked":"Deadly Poison","floor":13},{"not_picked":["Expertise","Slice"],"picked":"PiercingWail","floor":14},{"not_picked":["Burst","Envenom+1"],"picked":"Adrenaline","floor":16},{"not_picked":["Blade Dance","Infinite Blades+1"],"picked":"Escape Plan+1","floor":18},{"not_picked":["Bane","Quick Slash+1","Sucker Punch"],"picked":"SKIP","floor":20},{"not_picked":["Cloak And Dagger","Flying Knee","All Out Attack"],"picked":"SKIP","floor":22},{"not_picked":["PiercingWail+1","Dagger Throw"],"picked":"Noxious Fumes+1","floor":23},{"not_picked":["Bane","Concentrate","Noxious Fumes+1"],"picked":"SKIP","floor":28},{"not_picked":["Corpse Explosion","Deadly Poison"],"picked":"Malaise","floor":29},{"not_picked":["Sucker Punch","Quick Slash+1","Underhanded Strike"],"picked":"SKIP","floor":31},{"not_picked":["Adrenaline","Envenom+1"],"picked":"Malaise","floor":33},{"not_picked":["Catalyst","Acrobatics"],"picked":"Well Laid Plans+1","floor":35},{"not_picked":["Escape Plan","Cloak And Dagger+1"],"picked":"Caltrops+1","floor":37}],"player_experience":1441123,"relics_obtained":[{"floor":8,"key":"Frozen Egg 2"},{"floor":9,"key":"Ancient Tea Set"},{"floor":14,"key":"Lantern"},{"floor":19,"key":"Red Mask"},{"floor":23,"key":"Sundial"},{"floor":26,"key":"Gremlin Horn"},{"floor":29,"key":"Boot"}],"event_choices":[{"damage_healed":0,"gold_gain":0,"player_choice":"Entered Light","damage_taken":20,"max_hp_gain":0,"max_hp_loss":0,"event_name":"Shining Light","floor":3,"gold_loss":0,"cards_upgraded":["Survivor","Strike_G"]},{"damage_healed":0,"gold_gain":0,"player_choice":"Fought Bandits","damage_taken":0,"max_hp_gain":0,"max_hp_loss":0,"event_name":"Masked Bandits","floor":19,"gold_loss":0},{"damage_healed":0,"gold_gain":0,"player_choice":"Simplicity","damage_taken":0,"max_hp_gain":0,"max_hp_loss":0,"event_name":"Back to Basics","floor":21,"gold_loss":0,"cards_upgraded":["Defend_G","Defend_G","Defend_G","Defend_G","Defend_G","Strike_G","Strike_G","Strike_G","Strike_G"]},{"damage_healed":0,"gold_gain":0,"player_choice":"Ignored","damage_taken":0,"max_hp_gain":0,"max_hp_loss":0,"event_name":"The Mausoleum","floor":27,"gold_loss":0},{"damage_healed":0,"gold_gain":0,"player_choice":"Got Potions","damage_taken":0,"max_hp_gain":0,"max_hp_loss":0,"event_name":"Lab","floor":36,"gold_loss":0},{"cards_removed":["Poisoned Stab"],"damage_healed":0,"gold_gain":0,"player_choice":"Removed Attack","damage_taken":0,"max_hp_gain":0,"max_hp_loss":0,"event_name":"Falling","floor":38,"gold_loss":0}],"is_beta":false,"boss_relics":[{"not_picked":["Eternal Feather","Runic Pyramid"],"picked":"Cursed Key"},{"not_picked":["Coffee Dripper","WristBlade"],"picked":"Velvet Choker"}],"items_purged_floors":[24],"is_endless":false,"potions_floor_spawned":[1,5,8,13,19,28,31,37],"killed_by":"Spire Growth","ascension_level":20}