{"gold_per_floor":[115,135,145,159,178,205,205,205],"floor_reached":8,"playtime":375,"items_purged":[],"score":120,"play_id":"22f2382a-38c2-41a0-bb66-76a44e60dbe7","local_time":"20190118143805","is_ascension_mode":true,"campfire_choices":[{"floor":7,"key":"REST"}],"neow_cost":"PERCENT_DAMAGE","seed_source_timestamp":772320635494239,"circlet_count":0,"master_deck":["AscendersBane","Defend_G","Defend_G","Defend_G","Defend_G","Defend_G","Strike_G","Strike_G","Strike_G","Strike_G","Strike_G","Survivor","Neutralize","Adrenaline","Bouncing Flask","Backstab","Backflip","Caltrops","Skewer"],"relics":["Ring of the Snake","Paper Crane"],"potions_floor_usage":[6,6],"damage_taken":[{"damage":5,"enemies":"Cultist","floor":1,"turns":5},{"damage":6,"enemies":"Small Slimes","floor":2,"turns":6},{"damage":0,"enemies":"Jaw Worm","floor":3,"turns":4},{"damage":3,"enemies":"Looter","floor":4,"turns":3},{"damage":2,"enemies":"2 Fungi Beasts","floor":5,"turns":4},{"damage":27,"enemies":"Gremlin Nob","floor":6,"turns":4},{"damage":23,"enemies":"Lagavulin","floor":8,"turns":7}],"seed_played":"-8530850217547094167","potions_obtained":[{"floor":1,"key":"EssenceOfSteel"},{"floor":2,"key":"Fire Potion"}],"is_trial":false,"path_per_floor":["M","M","M","M","M","E","R","E"],"character_chosen":"THE_SILENT","items_purchased":[],"campfire_rested":1,"item_purchase_floors":[],"current_hp_per_floor":[39,33,33,30,28,1,20,0],"gold":205,"neow_bonus":"THREE_RARE_CARDS","is_prod":false,"is_daily":false,"chose_seed":false,"campfire_upgraded":0,"win_rate":0,"timestamp":1547818685,"path_taken":["M","?","M","M","M","E","R","E"],"build_version":"2019-01-17v2","purchased_purges":0,"victory":false,"max_hp_per_floor":[66,66,66,66,66,66,66,66],"card_choices":[{"not_picked":["Bullet Time","Corpse Explosion"],"picked":"Adrenaline","floor":0},{"not_picked":["Predator","Bane"],"picked":"Bouncing Flask","floor":1},{"not_picked":["Tactician","Predator","Prepared"],"picked":"SKIP","floor":2},{"not_picked":["Sucker Punch","Flying Knee"],"picked":"Backstab","floor":3},{"not_picked":["Reflex","Slice"],"picked":"Backflip","floor":4},{"not_picked":["Predator","Blade Dance"],"picked":"Caltrops","floor":5},{"not_picked":["Deflect","Endless Agony"],"picked":"Skewer","floor":6}],"player_experience":1218831,"relics_obtained":[{"floor":6,"key":"Paper Crane"}],"event_choices":[],"is_beta":false,"boss_relics":[],"items_purged_floors":[],"is_endless":false,"potions_floor_spawned":[1,2,3],"killed_by":"Lagavulin","ascension_level":20}