{"path_per_floor":["M","$","?","M","$","E","R","E","T","?","T","E","$","E","R","B",null,"M","?","M","?","?","E","M","$","T","M","E","R","M","T","R","B",null,"M","?","?","?","$","R","?","M","T","R","?","M","?","M","R"],"character_chosen":"DEFECT","items_purchased":["Buffer","Scrape","Scrape","Apotheosis","Defragment"],"gold_per_floor":[119,44,219,229,18,47,47,75,75,75,99,135,102,137,137,268,268,268,268,268,268,268,268,268,4,4,4,4,4,4,4,4,4,4,4,4,0,0,0,0,0,0,0,0,0,0,0,0,0,0],"floor_reached":50,"campfire_rested":0,"playtime":3062,"current_hp_per_floor":[87,87,87,86,86,74,74,58,58,58,58,50,50,46,46,22,89,89,89,81,81,62,36,44,44,44,43,44,44,53,53,53,69,69,65,65,65,49,49,49,39,42,42,42,33,23,60,39,39,0],"items_purged":["Decay","Doubt"],"gold":0,"score":602,"play_id":"e49c1729-f208-4792-a4cf-d0cd8d39db03","local_time":"20180506220021","is_prod":false,"is_daily":false,"chose_seed":false,"is_ascension_mode":true,"campfire_upgraded":7,"timestamp":1525669221,"path_taken":["M","$","?","?","?","E","R","E","T","?","?","E","?","E","R","BOSS","M","?","M","?","?","E","M","?","T","M","E","R","M","?","R","BOSS","M","?","?","?","$","R","?","M","T","R","?","M","?","M","R","BOSS"],"build_version":"2018-05-03","seed_source_timestamp":960579654409673,"purchased_purges":2,"victory":false,"master_deck":["Defend_B","Defend_B","Defend_B","Zap+1","Dualcast","Ball Lightning","Cold Snap","Buffer+1","Scrape","Storm+1","Sweeping Beam+1","Injury","Barrage","Scrape","Machine Learning+1","Prime+1","BootSequence","Ball Lightning","Bite","Bite","Bite","Bite","Bite","Hologram+1","Double Energy","Apotheosis+1","Defragment","Chaos+1","Double Energy","Coolheaded+1","Nova","Consume+1","Double Energy","Bandage Up","Panache","Flash of Steel","Madness+1","Madness","Hologram+1","Hologram+1"],"max_hp_per_floor":[89,89,89,89,89,89,89,89,89,89,89,89,89,89,89,89,89,89,89,89,89,62,62,62,62,62,62,69,69,69,69,69,69,69,69,69,69,69,69,69,69,69,69,69,69,69,60,60,60,60],"relics":["Cracked Core","Bottled Lightning","Juzu Bracelet","Meat on the Bone","Bloody Idol","Whetstone","Oddly Smooth Stone","Lantern","Ectoplasm","Bottled Flame","Dodecahedron","Strawberry","Letter Opener","Inserter","Red Mask","Emotion Chip","Regal Pillow"],"card_choices":[{"not_picked":["Scrape","Reprogram"],"picked":"Ball Lightning","floor":1},{"not_picked":["Barrage","Recycle"],"picked":"Cold Snap","floor":4},{"not_picked":["Blizzard","Impulse"],"picked":"Storm","floor":6},{"not_picked":["Go for the Eyes","Leap"],"picked":"Sweeping Beam","floor":8},{"not_picked":["Impulse","Steam Power"],"picked":"Barrage","floor":12},{"not_picked":["Doom and Gloom","Chill"],"picked":"Machine Learning","floor":14},{"not_picked":["Machine Learning","Rainbow"],"picked":"Prime","floor":16},{"not_picked":["Blizzard","Rebound"],"picked":"BootSequence","floor":18},{"not_picked":["Go for the Eyes","Leap"],"picked":"Ball Lightning","floor":20},{"not_picked":["Doom and Gloom","Amplify"],"picked":"Hologram","floor":23},{"not_picked":["Conserve Battery","Skim"],"picked":"Double Energy","floor":24},{"not_picked":["Storm","Stack"],"picked":"Chaos","floor":27},{"not_picked":["Axe Kick","Meteor Strike"],"picked":"Double Energy","floor":28},{"not_picked":["Tempest","Axe Kick"],"picked":"Coolheaded","floor":30},{"not_picked":["Hyperbeam","Multi-Cast"],"picked":"Nova","floor":33},{"not_picked":["Force Field","Leap"],"picked":"Consume","floor":35},{"not_picked":["Recycle","Axe Kick"],"picked":"Double Energy","floor":38},{"not_picked":["Good Instincts","Dark Shackles"],"picked":"Bandage Up","floor":41},{"not_picked":["Finesse","Magnetism"],"picked":"Panache","floor":41},{"not_picked":["Apotheosis","Sadistic Nature"],"picked":"Flash of Steel","floor":41},{"not_picked":["Stack","Skim"],"picked":"Hologram","floor":46},{"not_picked":["Streamline","Sweeping Beam"],"picked":"Hologram","floor":48}],"player_experience":69212,"potions_floor_usage":[8,12,23,23,24,24,33,33,46,50,50],"damage_taken":[{"damage":2,"enemies":"2 Louse","floor":1,"turns":3},{"damage":1,"enemies":"Cultist","floor":4,"turns":3},{"damage":12,"enemies":"Lagavulin","floor":6,"turns":6},{"damage":16,"enemies":"3 Sentries","floor":8,"turns":4},{"damage":8,"enemies":"Lagavulin","floor":12,"turns":5},{"damage":4,"enemies":"Gremlin Nob","floor":14,"turns":4},{"damage":36,"enemies":"The Guardian","floor":16,"turns":12},{"damage":0,"enemies":"Chosen","floor":18,"turns":4},{"damage":8,"enemies":"Shell Parasite","floor":20,"turns":5},{"damage":28,"enemies":"Gremlin Leader","floor":23,"turns":8},{"damage":0,"enemies":"Chosen and Byrds","floor":24,"turns":5},{"damage":4,"enemies":"Centurion and Healer","floor":27,"turns":6},{"damage":31,"enemies":"Slavers","floor":28,"turns":7},{"damage":0,"enemies":"Cultist and Chosen","floor":30,"turns":4},{"damage":3,"enemies":"Collector","floor":33,"turns":10},{"damage":4,"enemies":"Orb Walker","floor":35,"turns":3},{"damage":28,"enemies":"Mysterious Sphere","floor":38,"turns":4},{"damage":13,"enemies":"3 Shapes","floor":42,"turns":3},{"damage":26,"enemies":"Spire Growth","floor":46,"turns":4},{"damage":33,"enemies":"3 Darklings","floor":48,"turns":3},{"damage":48,"enemies":"Time Eater","floor":50,"turns":5}],"event_choices":[{"event_name":"Liars Game","player_choice":"agreed","floor":3,"damage_taken":0},{"event_name":"Golden Idol","player_choice":"Take Wound","floor":10,"damage_taken":0},{"event_name":"Forgotten Altar","player_choice":"Gave Idol","floor":19,"damage_taken":0},{"event_name":"The Lab","player_choice":"Got Potions","floor":21,"damage_taken":0},{"event_name":"Vampires","player_choice":"Became a vampire","floor":22,"damage_taken":0},{"event_name":"Tomb of Lord Red Mask","player_choice":"Paid","floor":37,"damage_taken":0},{"event_name":"Mysterious Sphere","player_choice":"Fight","floor":38,"damage_taken":0},{"event_name":"SensoryStone","player_choice":"Memory 3","floor":41,"damage_taken":0},{"event_name":"Winding Halls","player_choice":"Embrace Madness","floor":45,"damage_taken":0},{"event_name":"The Moai Head","player_choice":"Heal","floor":47,"damage_taken":0}],"boss_relics":[{"not_picked":["Cursed Key","Velvet Choker"],"picked":"Ectoplasm"},{"not_picked":["Nuclear Battery","Astrolabe"],"picked":"Inserter"}],"potions_floor_spawned":[4,8,16,18,23,28,30,42,46,48],"seed_played":"-6732484876663147001","killed_by":"Time Eater","ascension_level":1,"is_trial":false}