{"path_per_floor":["M","?","M","$","M","E","?","$","T","R","E","M","M","M","R","B",null,"M","$","?","?","M","E","?","R","T"],"character_chosen":"IRONCLAD","items_purchased":["Lantern","Master of Strategy"],"gold_per_floor":[117,192,203,128,139,174,174,20,20,20,50,63,78,94,94,194,194,205,29,29,29,44,75,75,75,75,75],"floor_reached":27,"campfire_rested":1,"playtime":1290,"item_purchase_floors":[8,19],"current_hp_per_floor":[80,69,69,69,74,68,52,52,52,52,57,58,57,63,63,34,80,70,70,70,70,62,20,20,36,36,0],"items_purged":["Strike_R"],"gold":75,"score":266,"play_id":"507dc6f2-e142-4968-92a7-574c06bef086","local_time":"20180624173541","is_prod":false,"is_daily":false,"chose_seed":false,"is_ascension_mode":false,"campfire_upgraded":2,"win_rate":0,"timestamp":1529886941,"campfire_choices":[{"data":"Clothesline","floor":10,"key":"SMITH"},{"data":"Warcry","floor":15,"key":"SMITH"},{"floor":25,"key":"REST"}],"path_taken":["M","?","M","$","?","E","?","?","T","R","E","M","M","M","R","BOSS","M","$","?","?","M","E","?","R","T","E"],"build_version":"2018-06-21","seed_source_timestamp":808275885734848,"purchased_purges":1,"circlet_count":0,"victory":false,"master_deck":["Bash+1","Fire Breathing","Clothesline+1","Fire Breathing+1","Dark Embrace","Clothesline","Warcry+1","Intimidate","Spot Weakness","Fiend Fire","Seeing Red","Clash","True Grit","Twin Strike","Rage","Body Slam","Inflame","Thunderclap","Flex","Master of Strategy","Cleave+1","Feel No Pain","Bite","Bite","Bite","Bite","Bite"],"max_hp_per_floor":[80,80,80,80,80,80,80,80,80,80,80,80,80,80,80,80,80,80,80,80,80,80,80,56,56,56,56],"relics":["Burning Blood","Blue Candle","Lantern","War Paint","Vajra","Pandora\u0027s Box","Boot","Question Card"],"card_choices":[{"not_picked":["Power Through","Hemokinesis"],"picked":"Fire Breathing","floor":1},{"not_picked":["True Grit","Iron Wave"],"picked":"Clothesline","floor":3},{"not_picked":["Perfected Strike","True Grit"],"picked":"Fire Breathing","floor":5},{"not_picked":["Havoc","Heavy Blade"],"picked":"Dark Embrace","floor":6},{"not_picked":["Headbutt","Clash"],"picked":"Clothesline","floor":11},{"not_picked":["Barricade","Heavy Blade"],"picked":"Warcry","floor":12},{"not_picked":["Headbutt","Armaments"],"picked":"Intimidate","floor":13},{"not_picked":["Flex","Clothesline"],"picked":"Spot Weakness","floor":14},{"not_picked":["Immolate","Bludgeon"],"picked":"Fiend Fire","floor":16},{"not_picked":["Sever Soul+1","Clothesline+1"],"picked":"Flex","floor":18},{"not_picked":["Whirlwind","Dual Wield"],"picked":"Cleave+1","floor":22},{"not_picked":["Headbutt+1","Shrug It Off"],"picked":"Feel No Pain","floor":23}],"player_experience":183357,"potions_floor_usage":[6,11,11,14,14,23],"damage_taken":[{"damage":5,"enemies":"Small Slimes","floor":1,"turns":4},{"damage":6,"enemies":"Jaw Worm","floor":3,"turns":5},{"damage":1,"enemies":"Cultist","floor":5,"turns":4},{"damage":12,"enemies":"Gremlin Nob","floor":6,"turns":4},{"damage":1,"enemies":"Lagavulin","floor":11,"turns":6},{"damage":5,"enemies":"3 Louse","floor":12,"turns":2},{"damage":7,"enemies":"Looter","floor":13,"turns":2},{"damage":0,"enemies":"2 Fungi Beasts","floor":14,"turns":2},{"damage":35,"enemies":"The Guardian","floor":16,"turns":8},{"damage":16,"enemies":"Shell Parasite","floor":18,"turns":4},{"damage":14,"enemies":"Spheric Guardian","floor":22,"turns":4},{"damage":48,"enemies":"Slavers","floor":23,"turns":5},{"damage":37,"enemies":"Book of Stabbing","floor":27,"turns":5}],"relics_obtained":[{"floor":6,"key":"Blue Candle"},{"floor":9,"key":"War Paint"},{"floor":11,"key":"Vajra"},{"floor":23,"key":"Boot"},{"floor":26,"key":"Question Card"}],"event_choices":[{"event_name":"World of Goop","player_choice":"Gather Gold","floor":2,"damage_taken":0},{"event_name":"Shining Light","player_choice":"Entered Light","floor":7,"damage_taken":0},{"event_name":"Ghosts","player_choice":"Ignored","floor":20,"damage_taken":0},{"event_name":"Addict","player_choice":"Ignored","floor":21,"damage_taken":0},{"event_name":"Vampires","player_choice":"Became a vampire","floor":24,"damage_taken":0}],"boss_relics":[{"not_picked":["Empty Cage","Black Star"],"picked":"Pandora\u0027s Box"}],"items_purged_floors":[4],"is_endless":true,"potions_floor_spawned":[1,5,6,11,13,18],"seed_played":"-6677453004235178055","killed_by":"Book of Stabbing","ascension_level":0,"potions_obtained":[{"floor":1,"key":"Block Potion"},{"floor":5,"key":"FearPotion"},{"floor":6,"key":"SteroidPotion"},{"floor":11,"key":"Energy Potion"},{"floor":13,"key":"EssenceOfSteel"},{"floor":18,"key":"LiquidBronze"}],"is_trial":false}