{"gold_per_floor":[114,114,114,132,145,172,172,206,206,222,222,239,258,286,286,391,391,403,403,423,296,315,315],"floor_reached":23,"playtime":2869,"items_purged":["Pain"],"score":245,"play_id":"7646e568-2076-4581-bdef-a9f1b22e088e","local_time":"20190427110658","is_ascension_mode":true,"campfire_choices":[{"floor":7.0,"key":"REST"},{"floor":11.0,"key":"REST"},{"floor":15,"key":"RECALL"}],"neow_cost":"NONE","seed_source_timestamp":0,"circlet_count":0,"master_deck":["Defend_G","Defend_G","Defend_G","Defend_G","Defend_G","Strike_G","Strike_G","Strike_G","Strike_G","Survivor","Neutralize+1","Terror","After Image","Expertise","Phantasmal Killer","Caltrops","Caltrops","Distraction","Unload","Caltrops","Footwork+1"],"special_seed":0,"relics":["Ring of the Snake","WarpedTongs","Orichalcum","Darkstone Periapt","Bag of Preparation","Cursed Key"],"potions_floor_usage":[16,18,23,23],"damage_taken":[{"damage":0.0,"enemies":"Jaw Worm","floor":1.0,"turns":5.0},{"damage":4.0,"enemies":"Cultist","floor":4.0,"turns":3.0},{"damage":8.0,"enemies":"2 Louse","floor":5.0,"turns":4.0},{"damage":21.0,"enemies":"Lagavulin","floor":6.0,"turns":10.0},{"damage":21.0,"enemies":"3 Sentries","floor":8.0,"turns":14.0},{"damage":13.0,"enemies":"2 Fungi Beasts","floor":10.0,"turns":5.0},{"damage":8.0,"enemies":"Red Slaver","floor":12.0,"turns":7.0},{"damage":12.0,"enemies":"Looter","floor":13.0,"turns":5.0},{"damage":16.0,"enemies":"Lagavulin","floor":14.0,"turns":8.0},{"damage":7,"enemies":"Hexaghost","floor":16,"turns":10},{"damage":43,"enemies":"2 Thieves","floor":18,"turns":5},{"damage":1,"enemies":"Chosen","floor":20,"turns":4},{"damage":13,"enemies":"Shelled Parasite and Fungi","floor":22,"turns":6},{"damage":27,"enemies":"Gremlin Leader","floor":23,"turns":4}],"seed_played":"310967103408207502","potions_obtained":[{"floor":1.0,"key":"Dexterity Potion"},{"floor":4.0,"key":"Poison Potion"},{"floor":5.0,"key":"Strength Potion"},{"floor":12.0,"key":"SteroidPotion"},{"floor":14,"key":"PowerPotion"},{"floor":16,"key":"SkillPotion"},{"floor":18,"key":"Ancient Potion"},{"floor":22,"key":"LiquidBronze"}],"is_trial":false,"path_per_floor":["M","?","?","M","M","E","R","E","T","M","R","M","M","E","R","B",null,"M","?","M","$","M","E"],"character_chosen":"THE_SILENT","items_purchased":["Block Potion"],"campfire_rested":2,"item_purchase_floors":[21],"current_hp_per_floor":[77,77,77,73,65,44,67,46,46,33,56,48,36,20,20,13,77,34,34,33,33,20,0],"gold":315,"neow_bonus":"TEN_PERCENT_HP_BONUS","is_prod":false,"is_daily":false,"chose_seed":false,"campfire_upgraded":0,"win_rate":0,"timestamp":1556388418,"path_taken":["M","?","?","M","M","E","R","E","T","M","R","M","M","E","R","BOSS","M","?","M","$","M","E"],"build_version":"2019-01-23","purchased_purges":1,"victory":false,"max_hp_per_floor":[77,77,77,77,77,77,77,77,77,77,77,77,77,77,77,77,77,77,77,77,77,77,77],"card_choices":[{"not_picked":["Setup","Dagger Throw"],"picked":"Terror","floor":1.0},{"not_picked":["Poisoned Stab","Quick Slash","Sucker Punch"],"picked":"SKIP","floor":4.0},{"not_picked":["Concentrate","Eviscerate"],"picked":"Expertise","floor":5.0},{"not_picked":["Grand Finale","Cloak And Dagger"],"picked":"Phantasmal Killer","floor":6.0},{"not_picked":["Flechettes","Bane"],"picked":"Caltrops","floor":8.0},{"not_picked":["Cloak And Dagger","Poisoned Stab","Bane"],"picked":"SKIP","floor":10.0},{"not_picked":["Dodge and Roll","Poisoned Stab","Underhanded Strike"],"picked":"SKIP","floor":12.0},{"not_picked":["Predator","Dodge and Roll"],"picked":"Caltrops","floor":13.0},{"not_picked":["Flying Knee","Cloak And Dagger"],"picked":"Distraction","floor":14},{"not_picked":["Glass Knife","Phantasmal Killer"],"picked":"Unload","floor":16},{"not_picked":["Quick Slash+1","Poisoned Stab+1"],"picked":"Caltrops","floor":18},{"not_picked":["Acrobatics+1","Dagger Spray","Masterful Stab"],"picked":"SKIP","floor":20},{"not_picked":["Flying Knee","Prepared"],"picked":"Footwork+1","floor":22}],"player_experience":1213810,"relics_obtained":[{"floor":6.0,"key":"Orichalcum"},{"floor":8.0,"key":"Darkstone Periapt"},{"floor":14,"key":"Bag of Preparation"}],"event_choices":[{"damage_healed":0.0,"max_hp_gain":0.0,"max_hp_loss":0.0,"gold_gain":0.0,"cards_transformed":["Strike_G"],"event_name":"Living Wall","player_choice":"Change","floor":2.0,"gold_loss":0.0,"damage_taken":0.0,"cards_obtained":["After Image"]},{"damage_healed":0.0,"max_hp_gain":0.0,"max_hp_loss":0.0,"gold_gain":0.0,"event_name":"Accursed Blacksmith","player_choice":"Rummage","floor":3.0,"gold_loss":0.0,"damage_taken":0.0,"relics_obtained":["WarpedTongs"],"cards_obtained":["Pain"]},{"damage_healed":0,"gold_gain":0,"player_choice":"Upgraded","damage_taken":0,"max_hp_gain":0,"max_hp_loss":0,"event_name":"Upgrade Shrine","floor":19,"gold_loss":0,"cards_upgraded":["Neutralize"]}],"is_beta":false,"boss_relics":[{"not_picked":["Ectoplasm","Tiny House"],"picked":"Cursed Key"}],"items_purged_floors":[21],"is_endless":false,"potions_floor_spawned":[1,4,5,12,14,16,18,22],"killed_by":"Gremlin Leader","ascension_level":3}