{"path_per_floor":["M","M","?","?","M","E","R","M","T","$","T","M","?","?","R","B",null,"M","?","?","M","?","E","?","M","T","E","M","R","M","M","R","B",null,"M","?","$","?","M","E","R","E","T","M","M","M","R","$","R","B"],"character_chosen":"IRONCLAD","items_purchased":["Thread and Needle","Enlightenment","Rupture","Toolbox"],"gold_per_floor":[112,126,126,76,92,126,126,138,138,63,63,74,74,139,139,241,241,258,173,198,215,215,241,341,352,379,414,430,430,440,454,454,549,549,565,565,84,84,98,123,123,151,226,243,258,277,277,19,19,19],"floor_reached":51,"campfire_rested":1,"playtime":4646,"current_hp_per_floor":[80,76,60,60,66,54,54,60,60,60,60,51,80,90,90,62,90,90,90,80,84,84,32,32,34,34,31,33,60,61,61,61,78,90,89,79,79,79,85,79,79,82,82,90,85,90,90,90,90,83],"items_purged":["Defend_R","Defend_R"],"gold":19,"score":822,"play_id":"3835c13c-1689-4817-8dc7-6ce17788d7b0","local_time":"20180517012005","is_prod":false,"is_daily":false,"chose_seed":false,"is_ascension_mode":false,"campfire_upgraded":6,"timestamp":1526545205,"path_taken":["M","M","?","?","M","E","R","M","T","$","?","M","?","?","R","BOSS","M","?","?","?","?","E","?","M","T","E","M","R","M","M","R","BOSS","M","?","$","?","M","E","R","E","T","M","?","M","R","?","R","BOSS"],"build_version":"2018-05-10","seed_source_timestamp":1834953052377260,"purchased_purges":2,"victory":true,"master_deck":["Strike_R","Strike_R","Strike_R","Strike_R+1","Strike_R","Defend_R+1","Defend_R+1","Bash+1","Battle Trance+1","Shrug It Off","Bludgeon+1","Iron Wave","Intimidate+1","Dropkick","Double Tap+1","Dual Wield+1","Flex+1","Dropkick","Offering+1","Battle Trance+1","Corruption","Bloodletting+1","Thunderclap+1","Flame Barrier+1","Brutality","Infernal Blade+1","Flash of Steel+1","Deep Breath+1","Bandage Up+1","Enlightenment+1","Madness+1","Iron Wave","Metallicize+1","Hemokinesis+1","Thunderclap","Rupture+1"],"max_hp_per_floor":[80,80,80,80,80,80,80,80,80,80,80,80,80,90,90,90,90,90,90,90,90,90,90,90,90,90,90,90,90,90,90,90,90,90,90,90,90,90,90,90,90,90,90,90,90,90,90,90,90,90],"relics":["Burning Blood","Gambling Chip","Question Card","Pantograph","Toxic Egg 2","Pear","Sozu","The Courier","Red Mask","Centennial Puzzle","Bag of Preparation","Sundial","Runic Cube","Thread and Needle","Shuriken","War Paint","Mummified Hand","Toolbox"],"card_choices":[{"not_picked":["Body Slam","Cleave"],"picked":"Battle Trance","floor":1},{"not_picked":["Disarm","Whirlwind"],"picked":"Shrug It Off","floor":2},{"not_picked":["Rupture","Sword Boomerang"],"picked":"Bludgeon","floor":5},{"not_picked":["Feel No Pain","Warcry"],"picked":"Iron Wave","floor":6},{"not_picked":["Armaments","Cleave","Anger"],"picked":"Shockwave","floor":8},{"not_picked":["Inflame","Havoc","Entrench"],"picked":"Intimidate","floor":12},{"not_picked":["Reckless Charge","Heavy Blade","Rupture"],"picked":"Dropkick","floor":14},{"not_picked":["Impervious","Demon Form","Barricade"],"picked":"Double Tap","floor":16},{"not_picked":["True Grit","Battle Trance","Thunderclap"],"picked":"Dual Wield","floor":18},{"not_picked":["Perfected Strike","Sentinel","Thunderclap"],"picked":"Flex","floor":20},{"not_picked":["Headbutt","Rupture","Pommel Strike"],"picked":"Dropkick","floor":21},{"not_picked":["Flex","Havoc","Metallicize"],"picked":"Offering","floor":23},{"not_picked":["Body Slam","Searing Blow","True Grit"],"picked":"Battle Trance","floor":25},{"not_picked":["Spot Weakness","Warcry","Carnage"],"picked":"Corruption","floor":27},{"not_picked":["Clash","Sever Soul","Havoc"],"picked":"Bloodletting","floor":28},{"not_picked":["Warcry","Second Wind","Entrench"],"picked":"Thunderclap","floor":30},{"not_picked":["Clothesline","Power Through","Bloodletting"],"picked":"Flame Barrier","floor":31},{"not_picked":["Immolate","Juggernaut","Barricade"],"picked":"Brutality","floor":33},{"not_picked":["Shrug It Off","Sword Boomerang","True Grit"],"picked":"Infernal Blade","floor":35},{"not_picked":["Master of Strategy","Panacea","Apotheosis"],"picked":"Flash of Steel","floor":36},{"not_picked":["Panacea","Swift Strike","Blind"],"picked":"Deep Breath","floor":36},{"not_picked":["Finesse","Flash of Steel","Swift Strike"],"picked":"Bandage Up","floor":36},{"not_picked":["Limit Break","Pommel Strike","Feel No Pain"],"picked":"Metallicize","floor":42},{"not_picked":["Rage","Warcry","Shrug It Off"],"picked":"Hemokinesis","floor":44},{"not_picked":["Dropkick","Power Through","Headbutt"],"picked":"Thunderclap","floor":46}],"player_experience":436261,"potions_floor_usage":[6,16],"damage_taken":[{"damage":2,"enemies":"2 Louse","floor":1,"turns":3},{"damage":10,"enemies":"Jaw Worm","floor":2,"turns":5},{"damage":0,"enemies":"Small Slimes","floor":5,"turns":2},{"damage":18,"enemies":"Lagavulin","floor":6,"turns":3},{"damage":0,"enemies":"Exordium Wildlife","floor":8,"turns":3},{"damage":15,"enemies":"Exordium Thugs","floor":12,"turns":7},{"damage":0,"enemies":"3 Sentries","floor":14,"turns":5},{"damage":34,"enemies":"Hexaghost","floor":16,"turns":8},{"damage":2,"enemies":"Spheric Guardian","floor":18,"turns":3},{"damage":16,"enemies":"Masked Bandits","floor":20,"turns":5},{"damage":2,"enemies":"Shell Parasite","floor":21,"turns":3},{"damage":58,"enemies":"Slavers","floor":23,"turns":8},{"damage":4,"enemies":"Centurion and Healer","floor":25,"turns":3},{"damage":9,"enemies":"Book of Stabbing","floor":27,"turns":3},{"damage":4,"enemies":"Chosen and Byrds","floor":28,"turns":2},{"damage":5,"enemies":"Snecko","floor":30,"turns":3},{"damage":6,"enemies":"Centurion and Healer","floor":31,"turns":2},{"damage":14,"enemies":"Champ","floor":33,"turns":4},{"damage":7,"enemies":"3 Darklings","floor":35,"turns":1},{"damage":0,"enemies":"Orb Walker","floor":39,"turns":1},{"damage":18,"enemies":"2 Orb Walkers","floor":40,"turns":3},{"damage":9,"enemies":"Giant Head","floor":42,"turns":3},{"damage":1,"enemies":"3 Darklings","floor":44,"turns":3},{"damage":17,"enemies":"Maw","floor":45,"turns":3},{"damage":1,"enemies":"Sphere and 2 Shapes","floor":46,"turns":2},{"damage":19,"enemies":"Donu and Deca","floor":50,"turns":3}],"event_choices":[{"event_name":"Shining Light","player_choice":"Entered Light","floor":3,"damage_taken":0},{"event_name":"The Cleric","player_choice":"Card Removal","floor":4,"damage_taken":0},{"event_name":"Bonfire Elementals","player_choice":"UNCOMMON","floor":13,"damage_taken":0},{"event_name":"Dead Adventurer","player_choice":"Searched \u00272\u0027 times","floor":14,"damage_taken":0},{"event_name":"Addict","player_choice":"Obtained Relic","floor":19,"damage_taken":0},{"event_name":"Masked Bandits","player_choice":"Fought over 173 gold","floor":20,"damage_taken":0},{"event_name":"Ghosts","player_choice":"Ignored","floor":22,"damage_taken":0},{"event_name":"Golden Shrine","player_choice":"Pray","floor":24,"damage_taken":0},{"event_name":"SensoryStone","player_choice":"Memory 3","floor":36,"damage_taken":0},{"event_name":"Match and Keep!","player_choice":"2 cards matched","floor":38,"damage_taken":0}],"boss_relics":[{"not_picked":["Tiny House","Calling Bell"],"picked":"Sozu"},{"not_picked":["Snecko Eye","Cursed Key"],"picked":"Runic Cube"}],"potions_floor_spawned":[2,14,18,20,30,31,33,39,42,44,45],"seed_played":"8451372009313186528","ascension_level":0,"is_trial":false}