{"gold_per_floor":[113,128,128,78,2,33,47,47,47,71,146,162,162],"floor_reached":13,"playtime":674,"items_purged":[],"score":125,"play_id":"ad51d069-c5a4-4c90-901c-987addbef811","local_time":"20180628175555","is_ascension_mode":true,"campfire_choices":[{"floor":8,"key":"REST"}],"neow_cost":"NONE","seed_source_timestamp":463460274553435,"circlet_count":0,"master_deck":["Strike_B+1","Strike_B","Strike_B","Defend_B+1","Defend_B","Defend_B","Defend_B","Zap+1","Dualcast","Defragment","Conserve Battery","Capacitor"],"relics":["Cracked Core","Pear","Letter Opener","Strawberry"],"potions_floor_usage":[6,13,13],"damage_taken":[{"damage":7,"enemies":"Jaw Worm","floor":1,"turns":3},{"damage":1,"enemies":"Cultist","floor":2,"turns":3},{"damage":21,"enemies":"Lagavulin","floor":6,"turns":6},{"damage":2,"enemies":"Small Slimes","floor":7,"turns":3},{"damage":7,"enemies":"Looter","floor":12,"turns":4},{"damage":61,"enemies":"Gremlin Nob","floor":13,"turns":5}],"seed_played":"-5078730591395420880","potions_obtained":[{"floor":2,"key":"Swift Potion"},{"floor":7,"key":"SkillPotion"},{"floor":12,"key":"SkillPotion"}],"is_trial":false,"path_per_floor":["M","M","?","?","$","E","M","R","T","T","?","M"],"character_chosen":"DEFECT","items_purchased":["Defragment"],"campfire_rested":1,"item_purchase_floors":[5],"current_hp_per_floor":[68,67,52,52,52,41,39,64,64,71,60,53,0],"gold":162,"neow_bonus":"UPGRADE_CARD","is_prod":false,"is_daily":false,"chose_seed":false,"campfire_upgraded":0,"win_rate":0,"timestamp":1530233755,"path_taken":["M","M","?","?","$","E","M","R","T","?","?","M","E"],"build_version":"2018-06-21v2","purchased_purges":0,"victory":false,"max_hp_per_floor":[75,75,75,75,75,85,85,85,85,92,92,92,92],"card_choices":[{"not_picked":["Leap","Reinforced Body","Steam"],"picked":"SKIP","floor":1},{"not_picked":["Tempest","Ball Lightning","Double Energy"],"picked":"SKIP","floor":2},{"not_picked":["Melter","Ball Lightning"],"picked":"Conserve Battery","floor":6},{"not_picked":["Gash","Lockon"],"picked":"Capacitor","floor":7},{"not_picked":["Coolheaded","Sweeping Beam","Lockon"],"picked":"SKIP","floor":12}],"player_experience":563874,"relics_obtained":[{"floor":6,"key":"Pear"},{"floor":9,"key":"Letter Opener"},{"floor":10,"key":"Strawberry"}],"event_choices":[{"event_name":"Shining Light","player_choice":"Entered Light","floor":3,"damage_taken":0},{"event_name":"The Cleric","player_choice":"Card Removal","floor":4,"damage_taken":0},{"event_name":"World of Goop","player_choice":"Gather Gold","floor":11,"damage_taken":0}],"boss_relics":[],"items_purged_floors":[],"is_endless":false,"potions_floor_spawned":[2,7,12],"killed_by":"Gremlin Nob","ascension_level":4}