{"gold_per_floor":[115,115,115,65,80,114,114,134,134,134,158,233,272,299,311,419,431,464,476,488,518,530],"floor_reached":22,"playtime":709,"items_purged":[],"score":383,"play_id":"ae3b3085-b35e-4520-beb1-4bccb482dd05","local_time":"20190406153512","is_ascension_mode":true,"campfire_choices":[{"data":"Uppercut","floor":7,"key":"SMITH"},{"data":"Uppercut","floor":10,"key":"SMITH"},{"floor":15,"key":"REST"}],"neow_cost":"NONE","seed_source_timestamp":8122197767152,"circlet_count":0,"master_deck":["AscendersBane","Strike_R","Strike_R","Strike_R","Strike_R","Strike_R","Defend_R","Defend_R","Defend_R","Defend_R","Bash","Sword Boomerang","Pommel Strike","Uppercut+1","Uppercut+1","Shrug It Off","Anger","Pommel Strike","Immolate","Shockwave","Shrug It Off"],"relics":["Burning Blood","NeowsBlessing","Golden Idol","Mummified Hand","PreservedInsect","MawBank","Cursed Key"],"potions_floor_usage":[16,16],"damage_taken":[{"damage":0,"enemies":"Jaw Worm","floor":1,"turns":1},{"damage":0,"enemies":"2 Louse","floor":5,"turns":1},{"damage":0,"enemies":"Gremlin Nob","floor":6,"turns":1},{"damage":9,"enemies":"Small Slimes","floor":8,"turns":3},{"damage":4,"enemies":"2 Fungi Beasts","floor":11,"turns":4},{"damage":27,"enemies":"Lagavulin","floor":13,"turns":6},{"damage":17,"enemies":"Exordium Wildlife","floor":14,"turns":4},{"damage":35,"enemies":"Slime Boss","floor":16,"turns":12},{"damage":22,"enemies":"Spheric Guardian","floor":18,"turns":4},{"damage":3,"enemies":"3 Byrds","floor":21,"turns":5},{"damage":44,"enemies":"Shelled Parasite and Fungi","floor":22,"turns":4}],"seed_played":"-5743920349999961987","potions_obtained":[{"floor":11,"key":"Poison Potion"},{"floor":13,"key":"Dexterity Potion"}],"is_trial":false,"path_per_floor":["M","?","?","$","M","E","R","M","T","R","M","?","E","M","R","B",null,"M","?","?","M","M"],"character_chosen":"IRONCLAD","items_purchased":["Pommel Strike"],"campfire_rested":1,"item_purchase_floors":[4],"current_hp_per_floor":[74,74,68,68,68,68,68,65,65,65,67,56,35,24,44,15,55,39,39,29,32,0],"gold":530,"neow_bonus":"THREE_ENEMY_KILL","is_prod":false,"is_daily":false,"chose_seed":false,"campfire_upgraded":2,"win_rate":0,"timestamp":1554575712,"path_taken":["M","?","?","$","M","E","R","M","T","R","M","?","E","M","R","BOSS","M","?","?","M","M"],"build_version":"2019-01-23","purchased_purges":0,"victory":false,"max_hp_per_floor":[75,75,68,68,68,68,68,68,68,68,68,68,68,68,68,68,68,68,68,68,68,68],"card_choices":[{"not_picked":["Seeing Red","Corruption"],"picked":"Sword Boomerang","floor":1},{"not_picked":["Headbutt","Clothesline"],"picked":"Uppercut","floor":5},{"not_picked":["Demon Form","Cleave"],"picked":"Uppercut","floor":6},{"not_picked":["Metallicize","Body Slam"],"picked":"Shrug It Off","floor":8},{"not_picked":["Clothesline","Pommel Strike","Evolve"],"picked":"SKIP","floor":11},{"not_picked":["Entrench","True Grit"],"picked":"Anger","floor":13},{"not_picked":["True Grit","Thunderclap"],"picked":"Pommel Strike","floor":14},{"not_picked":["Brutality","Double Tap"],"picked":"Immolate","floor":16},{"not_picked":["Wild Strike","Reckless Charge"],"picked":"Shockwave","floor":18},{"not_picked":["Entrench","Flex","Wild Strike+1"],"picked":"SKIP","floor":21}],"player_experience":530864,"relics_obtained":[{"floor":6,"key":"Mummified Hand"},{"floor":9,"key":"PreservedInsect"},{"floor":13,"key":"MawBank"}],"event_choices":[{"damage_healed":0,"gold_gain":0,"player_choice":"Ignored","damage_taken":0,"max_hp_gain":0,"max_hp_loss":0,"event_name":"Shining Light","floor":2,"gold_loss":0},{"damage_healed":0,"gold_gain":0,"player_choice":"Lose Max HP","damage_taken":0,"relics_obtained":["Golden Idol"],"max_hp_gain":0,"max_hp_loss":7,"event_name":"Golden Idol","floor":3,"gold_loss":0},{"damage_healed":0,"gold_gain":75,"player_choice":"Gather Gold","damage_taken":11,"max_hp_gain":0,"max_hp_loss":0,"event_name":"World of Goop","floor":12,"gold_loss":0},{"damage_healed":0,"gold_gain":0,"player_choice":"Read","damage_taken":0,"max_hp_gain":0,"max_hp_loss":0,"event_name":"The Library","floor":19,"gold_loss":0,"cards_obtained":["Shrug It Off"]},{"damage_healed":0,"gold_gain":0,"player_choice":"Damaged","damage_taken":10,"max_hp_gain":0,"max_hp_loss":0,"event_name":"Wheel of Change","floor":20,"gold_loss":0}],"is_beta":false,"boss_relics":[{"not_picked":["Eternal Feather","Black Blood"],"picked":"Cursed Key"}],"items_purged_floors":[],"is_endless":false,"potions_floor_spawned":[11,13],"killed_by":"Shelled Parasite and Fungi","ascension_level":15}