{"path_per_floor":["M","?","$","M","$","E","R","M","T","?","M","M","M","M","R","B",null,"M","$","M","?","?","E","?","R","T","E","R","M","$","M","R"],"character_chosen":"IRONCLAD","items_purchased":["Shrug It Off","Feel No Pain","Shrug It Off","Master of Strategy","Armaments","Cleave"],"gold_per_floor":[117,117,32,43,17,44,44,60,60,60,77,88,108,126,126,230,230,250,47,59,59,59,92,7,7,7,39,39,59,12,24,24],"floor_reached":33,"campfire_rested":4,"playtime":4991,"current_hp_per_floor":[86,86,86,86,86,54,54,60,60,41,40,44,50,49,77,57,96,86,86,68,68,68,11,11,39,39,26,54,60,60,65,93],"items_purged":[],"gold":24,"score":336,"play_id":"9d43a7ef-f78b-4790-8d01-0f67c2506945","is_prod":false,"is_daily":false,"is_ascension_mode":false,"campfire_upgraded":1,"path_taken":["M","?","$","M","?","E","R","M","T","?","M","M","M","M","R","BOSS","M","$","M","?","?","E","?","R","T","E","R","M","?","M","R","BOSS"],"build_version":"2018-02-08-PROD1","purchased_purges":0,"victory":false,"master_deck":["Strike_R+1","Strike_R+1","Strike_R+1","Strike_R+1","Strike_R+1","Defend_R+1","Defend_R+1","Defend_R+1","Defend_R+1","Bash","Anger+1","Shrug It Off","Feel No Pain","Twin Strike","Shrug It Off","Headbutt+1","Metallicize","True Grit","Demon Form","Twin Strike","Twin Strike","Impervious","Pummel","Master of Strategy","Armaments","Corruption+1","Writhe","Hemokinesis+1","Barricade","Sever Soul+1","Body Slam+1","Armaments+1","Cleave","Shrug It Off","Juggernaut"],"max_hp_per_floor":[96,96,96,96,96,96,96,96,96,96,96,96,96,96,96,96,96,96,96,96,96,96,96,96,96,96,96,96,96,96,96,96],"relics":["Black Blood","Spirit Poop","Ancient Tea Set","Frozen Eye","Vajra","Dream Catcher","Blood Vial","Bronze Scales","Orichalcum"],"card_choices":[{"not_picked":["Heavy Blade","Pummel"],"picked":"Anger"},{"not_picked":["Dark Embrace","Perfected Strike"],"picked":"Twin Strike"},{"not_picked":["Sword Boomerang","Heavy Blade"],"picked":"Headbutt"},{"not_picked":["Flame Barrier","Power Through"],"picked":"Metallicize"},{"not_picked":["Anger","Twin Strike"],"picked":"True Grit"},{"not_picked":["Armaments","Infernal Blade"],"picked":"Demon Form"},{"not_picked":["Clash","Bloodletting"],"picked":"Twin Strike"},{"not_picked":["Sword Boomerang","Corruption"],"picked":"Twin Strike"},{"not_picked":["Brutality","Dark Embrace"],"picked":"Impervious"},{"not_picked":["Clash","Corruption"],"picked":"Pummel"},{"not_picked":["Infernal Blade","True Grit"],"picked":"Corruption"},{"not_picked":["Blood for Blood","Burning Pact"],"picked":"Hemokinesis"},{"not_picked":["Sever Soul","True Grit"],"picked":"Barricade"},{"not_picked":["Heavy Blade","Clash"],"picked":"Sever Soul"},{"not_picked":["Heavy Blade","Bloodletting"],"picked":"Body Slam"},{"not_picked":["Seeing Red","Intimidate"],"picked":"Armaments"},{"not_picked":["True Grit","Armaments"],"picked":"Shrug It Off"},{"not_picked":["Power Through","Iron Wave"],"picked":"Juggernaut"}],"player_experience":17100,"potions_floor_usage":[6,16,16,16,23,27,33],"damage_taken":[{"damage":16,"enemies":"Blue Slaver","floor":1,"turns":7},{"damage":6,"enemies":"2 Louse","floor":4,"turns":3},{"damage":38,"enemies":"Lagavulin","floor":6,"turns":8},{"damage":0,"enemies":"Cultist","floor":8,"turns":3},{"damage":7,"enemies":"Large Slime","floor":11,"turns":6},{"damage":2,"enemies":"3 Louse","floor":12,"turns":4},{"damage":0,"enemies":"Red Slaver","floor":13,"turns":4},{"damage":7,"enemies":"Large Slime","floor":14,"turns":5},{"damage":26,"enemies":"Hexaghost","floor":16,"turns":9},{"damage":20,"enemies":"Spheric Guardian","floor":18,"turns":4},{"damage":28,"enemies":"3 Byrds","floor":20,"turns":10},{"damage":79,"enemies":"Gremlin Leader","floor":23,"turns":8},{"damage":25,"enemies":"Book of Stabbing","floor":27,"turns":6},{"damage":6,"enemies":"Snake Plant","floor":29,"turns":4},{"damage":7,"enemies":"Chosen and Byrds","floor":31,"turns":6},{"damage":118,"enemies":"Collector","floor":33,"turns":13}],"event_choices":[{"event_name":"Bonfire Elementals","player_choice":"CURSE","floor":2,"damage_taken":0},{"event_name":"Shining Light","player_choice":"Entered Light","floor":10,"damage_taken":0},{"event_name":"The Mausoleum","player_choice":"Yes","floor":21,"damage_taken":0},{"event_name":"Back to Basics","player_choice":"Simplicity","floor":22,"damage_taken":0},{"event_name":"Addict","player_choice":"Obtained Relic","floor":24,"damage_taken":0}],"boss_relics":[{"not_picked":["Tiny House","Sozu"],"picked":"Black Blood"}],"potions_floor_spawned":[4,6,12,13,18,23,29],"seed_played":"2847865918572395174","killed_by":"Collector","ascension_level":0,"is_trial":false}