{"gold_per_floor":[112,37,56,16,31,56,56,74,121,21,21,36,64,84,84,187,187,203,78,98,98,23,23,23,23,23,35,64,64,83,98,98,193,193,203,214,214,175,175,193,193,36,36,51,51,66,66,78,78,78,78,78,10,37,37],"floor_reached":55,"playtime":16066,"items_purged":["Defend_G","Defend_G","Strike_G"],"score":674,"play_id":"6dca12ac-c79e-4e55-847b-0cc526fd3d31","local_time":"20190114162024","is_ascension_mode":false,"campfire_choices":[{"floor":7.0,"key":"RECALL"},{"floor":11.0,"key":"REST"},{"floor":15.0,"key":"REST"},{"floor":24.0,"key":"REST"},{"data":"Bullet Time","floor":29.0,"key":"SMITH"},{"floor":32.0,"key":"REST"},{"data":"Tactician","floor":41.0,"key":"SMITH"},{"data":"Noxious Fumes","floor":45.0,"key":"SMITH"},{"floor":49.0,"key":"REST"},{"data":"Neutralize","floor":52.0,"key":"SMITH"}],"neow_cost":"NONE","seed_source_timestamp":0,"circlet_count":0,"master_deck":["Defend_G","Strike_G","Strike_G","Survivor","Neutralize+1","Terror+1","Underhanded Strike+1","Outmaneuver+1","Noxious Fumes","Corpse Explosion","Noxious Fumes+1","Bullet Time+1","Backflip+1","Backflip","Tools of the Trade","Noxious Fumes+1","Tactician+1","Parasite","Tactician+1","Venomology","Expertise","Escape Plan+1"],"special_seed":0,"relics":["Astrolabe","Mercury Hourglass","Oddly Smooth Stone","WristBlade","Orichalcum","PreservedInsect","Lizard Tail","Art of War","Pantograph","Happy Flower"],"potions_floor_usage":[54],"damage_taken":[{"damage":0.0,"enemies":"Cultist","floor":1.0,"turns":2.0},{"damage":0.0,"enemies":"2 Louse","floor":3.0,"turns":2.0},{"damage":0.0,"enemies":"Small Slimes","floor":5.0,"turns":2.0},{"damage":25.0,"enemies":"Lagavulin","floor":6.0,"turns":7.0},{"damage":0.0,"enemies":"Red Slaver","floor":8.0,"turns":3.0},{"damage":4.0,"enemies":"Large Slime","floor":12.0,"turns":2.0},{"damage":4.0,"enemies":"3 Sentries","floor":13.0,"turns":2.0},{"damage":21.0,"enemies":"Exordium Thugs","floor":14.0,"turns":3.0},{"damage":12.0,"enemies":"Hexaghost","floor":16.0,"turns":8.0},{"damage":12.0,"enemies":"Shell Parasite","floor":18.0,"turns":5.0},{"damage":24.0,"enemies":"Spheric Guardian","floor":20.0,"turns":4.0},{"damage":0.0,"enemies":"Snake Plant","floor":27.0,"turns":3.0},{"damage":14.0,"enemies":"Slavers","floor":28.0,"turns":2.0},{"damage":0.0,"enemies":"Cultist and Chosen","floor":30.0,"turns":3.0},{"damage":19.0,"enemies":"Shelled Parasite and Fungi","floor":31.0,"turns":6.0},{"damage":32.0,"enemies":"Champ","floor":33.0,"turns":9.0},{"damage":27.0,"enemies":"Orb Walker","floor":35.0,"turns":5.0},{"damage":9.0,"enemies":"3 Shapes","floor":36.0,"turns":4.0},{"damage":8.0,"enemies":"Writhing Mass","floor":40.0,"turns":6.0},{"damage":24.0,"enemies":"Spire Growth","floor":44.0,"turns":5.0},{"damage":10.0,"enemies":"3 Darklings","floor":46.0,"turns":3.0},{"damage":30.0,"enemies":"Jaw Worm Horde","floor":48.0,"turns":3.0},{"damage":98.0,"enemies":"Donu and Deca","floor":50.0,"turns":7.0},{"damage":61,"enemies":"Shield and Spear","floor":54,"turns":5},{"damage":72,"enemies":"The Heart","floor":55,"turns":3}],"seed_played":"6823516189552225217","potions_obtained":[{"floor":4.0,"key":"GamblersBrew"},{"floor":4.0,"key":"LiquidBronze"},{"floor":4.0,"key":"FearPotion"},{"floor":5.0,"key":"Fire Potion"},{"floor":6.0,"key":"GhostInAJar"},{"floor":16.0,"key":"Regen Potion"},{"floor":27.0,"key":"Poison Potion"},{"floor":28.0,"key":"Poison Potion"},{"floor":31.0,"key":"SteroidPotion"},{"floor":36.0,"key":"Regen Potion"},{"floor":46.0,"key":"Fire Potion"}],"is_trial":false,"path_per_floor":["M","$","M","?","M","E","R","M","T","$","R","M","E","M","R","B",null,"M","$","M","?","?","$","R","?","T","M","E","R","M","M","R","B",null,"M","M","?","$","?","M","R","$","T","M","R","M","?","M","R","B",null,"R","$","E","B"],"character_chosen":"THE_SILENT","items_purchased":["Tactician","Art of War","Expertise"],"campfire_rested":5,"item_purchase_floors":[38,42,53],"current_hp_per_floor":[70,70,70,70,70,45,45,45,45,45,66,62,58,37,58,46,70,58,58,34,34,34,34,55,55,55,67,53,53,53,34,55,23,70,43,34,34,34,70,62,62,62,62,53,53,43,43,13,34,3,70,70,70,9,0],"gold":37,"neow_bonus":"BOSS_RELIC","is_prod":false,"is_daily":false,"chose_seed":false,"campfire_upgraded":4,"win_rate":0,"timestamp":1547511624,"path_taken":["M","$","?","?","M","E","R","M","T","$","R","M","E","M","R","BOSS","M","$","M","?","?","$","R","?","T","M","E","R","?","M","R","BOSS","M","M","?","?","?","M","R","$","T","M","R","?","?","M","R","BOSS","R","$","E","BOSS"],"build_version":"2019-01-10","purchased_purges":3,"victory":false,"max_hp_per_floor":[70,70,70,70,70,70,70,70,70,70,70,70,70,70,70,70,70,70,70,70,70,70,70,70,70,70,70,70,70,70,70,70,70,70,70,70,70,70,70,70,70,70,70,70,70,70,70,70,70,70,70,70,70,70,70],"card_choices":[{"not_picked":["Sucker Punch","PiercingWail","Finisher"],"picked":"SKIP","floor":1.0},{"not_picked":["Deadly Poison","Dodge and Roll"],"picked":"Outmaneuver","floor":3.0},{"not_picked":["Backflip","Acrobatics","Expertise"],"picked":"SKIP","floor":5.0},{"not_picked":["Infinite Blades","Deadly Poison"],"picked":"Noxious Fumes","floor":6.0},{"not_picked":["Storm of Steel","Blade Dance","Outmaneuver"],"picked":"SKIP","floor":8.0},{"not_picked":["Poisoned Stab","Blade Dance"],"picked":"Corpse Explosion","floor":12.0},{"not_picked":["Outmaneuver","Poisoned Stab"],"picked":"Noxious Fumes","floor":13.0},{"not_picked":["Choke","Infinite Blades","Caltrops"],"picked":"SKIP","floor":14.0},{"not_picked":["Unload","Doppelganger"],"picked":"Bullet Time","floor":16.0},{"not_picked":["Deadly Poison+1","Infinite Blades+1"],"picked":"Backflip+1","floor":18.0},{"not_picked":["Quick Slash+1","Slice","Deflect"],"picked":"SKIP","floor":20.0},{"not_picked":["Quick Slash+1","Slice","Deflect"],"picked":"SKIP","floor":20.0},{"not_picked":["Heel Hook","Wraith Form v2","Deflect"],"picked":"SKIP","floor":27.0},{"not_picked":["Deflect+1","Dagger Spray","Bane"],"picked":"SKIP","floor":28.0},{"not_picked":["Underhanded Strike","Prepared","Quick Slash"],"picked":"SKIP","floor":30.0},{"not_picked":["Bane","Dash"],"picked":"Backflip","floor":31.0},{"not_picked":["Glass Knife","Adrenaline"],"picked":"Tools of the Trade","floor":33.0},{"not_picked":["Skewer+1","Dodge and Roll+1"],"picked":"Noxious Fumes+1","floor":35.0},{"not_picked":["PiercingWail+1","Flying Knee","Prepared"],"picked":"SKIP","floor":36.0},{"not_picked":["Sucker Punch+1","Acrobatics"],"picked":"Tactician+1","floor":40.0},{"not_picked":["Terror","Infinite Blades+1","Deadly Poison"],"picked":"SKIP","floor":44.0},{"not_picked":["Sucker Punch+1","Reflex","Blade Dance"],"picked":"SKIP","floor":46.0},{"not_picked":["Bane+1","PiercingWail"],"picked":"Venomology","floor":48.0},{"not_picked":["Dash+1","Finisher+1"],"picked":"Escape Plan+1","floor":54}],"player_experience":1022242,"relics_obtained":[{"floor":6.0,"key":"Mercury Hourglass"},{"floor":13.0,"key":"Oddly Smooth Stone"},{"floor":26.0,"key":"Orichalcum"},{"floor":28.0,"key":"PreservedInsect"},{"floor":43.0,"key":"Pantograph"},{"floor":54,"key":"Happy Flower"}],"event_choices":[{"damage_healed":0.0,"max_hp_gain":0.0,"max_hp_loss":0.0,"gold_gain":0.0,"event_name":"The Woman in Blue","player_choice":"Bought 3 Potions","floor":4.0,"gold_loss":0.0,"damage_taken":0.0},{"damage_healed":0.0,"max_hp_gain":0.0,"max_hp_loss":0.0,"gold_gain":0.0,"event_name":"Cursed Tome","player_choice":"Ignored","floor":21.0,"gold_loss":0.0,"damage_taken":0.0},{"cards_removed":["Defend_G"],"damage_healed":0.0,"max_hp_gain":0.0,"max_hp_loss":0.0,"gold_gain":0.0,"event_name":"Beggar","player_choice":"Gave Gold","floor":22.0,"gold_loss":75.0,"damage_taken":0.0},{"damage_healed":0.0,"max_hp_gain":0.0,"max_hp_loss":0.0,"gold_gain":0.0,"event_name":"Upgrade Shrine","player_choice":"Upgraded","floor":25.0,"gold_loss":0.0,"damage_taken":0.0,"cards_upgraded":["Outmaneuver"]},{"damage_healed":0.0,"max_hp_gain":0.0,"max_hp_loss":0.0,"gold_gain":0.0,"event_name":"Match and Keep!","player_choice":"1 cards matched","floor":37.0,"gold_loss":0.0,"damage_taken":0.0,"cards_obtained":["Forethought"]},{"cards_removed":["Forethought"],"damage_healed":36.0,"max_hp_gain":0.0,"max_hp_loss":0.0,"gold_gain":0.0,"event_name":"Bonfire Elementals","player_choice":"Offered Uncommon","floor":39.0,"gold_loss":0.0,"damage_taken":0.0},{"cards_removed":["Die Die Die"],"damage_healed":0.0,"max_hp_gain":0.0,"max_hp_loss":0.0,"gold_gain":0.0,"event_name":"Falling","player_choice":"Removed Attack","floor":47.0,"gold_loss":0.0,"damage_taken":0.0}],"is_beta":false,"boss_relics":[{"not_picked":["Philosopher\u0027s Stone","Busted Crown"],"picked":"WristBlade"},{"not_picked":["Coffee Dripper","Calling Bell"],"picked":"Lizard Tail"}],"items_purged_floors":[2,10,19],"is_endless":false,"potions_floor_spawned":[5,6,8,16,27,28,31,36,46],"killed_by":"The Heart","ascension_level":0}