{"gold_per_floor":[17,17,36,52,62,62,92,111,136,136,136,146,146,176,176,271,271,271,196,151,151,51,51,51,51,51,51,51,51,51,51,51,51,51,51,51,51,51,51,51,51,51,51,51,51,0,0,0,0,0],"floor_reached":51,"playtime":2366,"items_purged":["Strike_R","Strike_R"],"score":1230,"play_id":"d1b36023-a881-4a16-8936-397409440667","local_time":"20190331022557","is_ascension_mode":true,"campfire_choices":[{"data":"Anger","floor":6.0,"key":"SMITH"},{"data":"Pommel Strike","floor":10.0,"key":"SMITH"},{"data":"Whirlwind","floor":13.0,"key":"SMITH"},{"data":"Offering","floor":15.0,"key":"SMITH"},{"data":"Exhume","floor":24.0,"key":"SMITH"},{"data":"J.A.X.","floor":30.0,"key":"SMITH"},{"data":"Pommel Strike","floor":32.0,"key":"SMITH"},{"data":"Seeing Red","floor":40,"key":"SMITH"},{"data":"Shrug It Off","floor":42,"key":"SMITH"},{"data":"Offering","floor":49,"key":"SMITH"}],"neow_cost":"NO_GOLD","seed_source_timestamp":0,"circlet_count":0,"master_deck":["Strike_R+1","Strike_R","Strike_R","Defend_R","Defend_R","Defend_R","Defend_R","Bash+1","Shrug It Off+1","Shrug It Off","Seeing Red+1","Anger+1","Pommel Strike+1","Whirlwind+1","Offering+1","Fiend Fire+1","Shrug It Off","Headbutt+1","Exhume+1","Rage+1","J.A.X.+1","Pommel Strike+1","Rupture+1","Reaper","True Grit+1","Pommel Strike+1","Offering+1"],"special_seed":0,"relics":["Burning Blood","Oddly Smooth Stone","Centennial Puzzle","Ectoplasm","Nloth\u0027s Gift","Whetstone","Anchor","Happy Flower","Busted Crown","Pocketwatch","Potion Belt","Dodecahedron","Kunai","Red Mask","Incense Burner"],"potions_floor_usage":[41],"damage_taken":[{"damage":2.0,"enemies":"Jaw Worm","floor":1.0,"turns":3.0},{"damage":3.0,"enemies":"Cultist","floor":3.0,"turns":4.0},{"damage":2.0,"enemies":"Small Slimes","floor":4.0,"turns":3.0},{"damage":12.0,"enemies":"Gremlin Gang","floor":5.0,"turns":8.0},{"damage":30.0,"enemies":"3 Sentries","floor":7.0,"turns":9.0},{"damage":7.0,"enemies":"Blue Slaver","floor":8.0,"turns":3.0},{"damage":19.0,"enemies":"Exordium Thugs","floor":12.0,"turns":3.0},{"damage":27.0,"enemies":"Gremlin Nob","floor":14.0,"turns":4.0},{"damage":10.0,"enemies":"Hexaghost","floor":16.0,"turns":11.0},{"damage":6.0,"enemies":"Shell Parasite","floor":18.0,"turns":3.0},{"damage":8.0,"enemies":"2 Thieves","floor":20.0,"turns":4.0},{"damage":6.0,"enemies":"Gremlin Leader","floor":23.0,"turns":3.0},{"damage":6.0,"enemies":"Snecko","floor":25.0,"turns":2.0},{"damage":6.0,"enemies":"Centurion and Healer","floor":28.0,"turns":2.0},{"damage":9.0,"enemies":"Book of Stabbing","floor":31.0,"turns":1.0},{"damage":18.0,"enemies":"Automaton","floor":33.0,"turns":6.0},{"damage":2,"enemies":"3 Shapes","floor":35,"turns":3},{"damage":0,"enemies":"3 Darklings","floor":37,"turns":3},{"damage":9,"enemies":"2 Orb Walkers","floor":38,"turns":3},{"damage":3,"enemies":"Spire Growth","floor":39,"turns":3},{"damage":9,"enemies":"Reptomancer","floor":41,"turns":3},{"damage":9,"enemies":"Transient","floor":44,"turns":5},{"damage":15,"enemies":"Giant Head","floor":45,"turns":4},{"damage":15,"enemies":"Nemesis","floor":47,"turns":2},{"damage":55,"enemies":"Awakened One","floor":50,"turns":9}],"seed_played":"4516865031702633614","potions_obtained":[{"floor":4.0,"key":"Fire Potion"},{"floor":5.0,"key":"SkillPotion"},{"floor":7.0,"key":"PowerPotion"},{"floor":20.0,"key":"Block Potion"},{"floor":35,"key":"Strength Potion"},{"floor":44,"key":"Swift Potion"}],"is_trial":false,"path_per_floor":["M","?","M","M","M","R","E","M","T","R","?","M","R","E","R","B",null,"M","$","M","?","$","E","R","M","T","?","M","$","R","E","R","B",null,"M","?","M","?","M","R","E","R","T","M","E","?","E","$","R","B",null],"character_chosen":"IRONCLAD","items_purchased":[],"campfire_rested":0,"item_purchase_floors":[],"current_hp_per_floor":[92,92,95,96,90,90,66,65,65,65,56,43,43,22,22,18,77,77,77,75,75,75,75,75,75,75,75,75,75,75,72,72,60,87,96,91,91,91,91,91,88,88,88,85,91,91,82,82,82,43],"gold":0,"neow_bonus":"TWENTY_PERCENT_HP_BONUS","is_prod":false,"is_daily":false,"chose_seed":false,"campfire_upgraded":10,"win_rate":0,"timestamp":1554009957,"path_taken":["M","?","M","M","?","R","E","M","T","R","?","M","R","E","R","BOSS","M","$","?","?","$","E","R","?","T","?","M","?","R","E","R","BOSS","M","?","M","?","M","R","E","R","T","M","E","?","E","$","R","BOSS"],"build_version":"2019-01-23","purchased_purges":2,"victory":true,"max_hp_per_floor":[96,96,96,96,96,96,96,96,96,96,96,96,96,96,96,96,96,96,96,96,96,96,96,96,96,96,96,96,96,96,96,96,96,96,96,91,91,91,91,91,91,91,91,91,91,91,91,91,91,91],"card_choices":[{"not_picked":["Twin Strike","Entrench"],"picked":"Shrug It Off","floor":1.0},{"not_picked":["Sword Boomerang","True Grit"],"picked":"Shrug It Off","floor":3.0},{"not_picked":["Warcry","Thunderclap"],"picked":"Seeing Red","floor":4.0},{"not_picked":["Cleave","Heavy Blade"],"picked":"Anger","floor":5.0},{"not_picked":["Body Slam","Seeing Red"],"picked":"Pommel Strike","floor":7.0},{"not_picked":["Bloodletting","Heavy Blade","Second Wind"],"picked":"SKIP","floor":8.0},{"not_picked":["Anger","Flex"],"picked":"Whirlwind","floor":12.0},{"not_picked":["Rampage","Havoc"],"picked":"Offering","floor":14.0},{"not_picked":["Berserk","Exhume"],"picked":"Fiend Fire","floor":16.0},{"not_picked":["Iron Wave","Wild Strike"],"picked":"Shrug It Off","floor":18.0},{"not_picked":["Warcry","Corruption"],"picked":"Headbutt+1","floor":20.0},{"not_picked":["Flex+1","True Grit"],"picked":"Exhume","floor":23.0},{"not_picked":["Headbutt","Perfected Strike"],"picked":"Rage+1","floor":25.0},{"not_picked":["Clash","Intimidate"],"picked":"Pommel Strike","floor":28.0},{"not_picked":["Barricade","Armaments"],"picked":"Rupture+1","floor":31.0},{"not_picked":["Berserk","Double Tap"],"picked":"Reaper","floor":33.0},{"not_picked":["Armaments"],"picked":"SKIP","floor":35},{"not_picked":["Headbutt+1"],"picked":"SKIP","floor":37},{"not_picked":[],"picked":"True Grit+1","floor":38},{"not_picked":[],"picked":"Pommel Strike+1","floor":39},{"not_picked":["Pommel Strike"],"picked":"SKIP","floor":41},{"not_picked":["Headbutt+1"],"picked":"SKIP","floor":44},{"not_picked":[],"picked":"Offering","floor":45},{"not_picked":["Perfected Strike"],"picked":"SKIP","floor":47}],"player_experience":432705,"relics_obtained":[{"floor":7.0,"key":"Oddly Smooth Stone"},{"floor":9.0,"key":"Lantern"},{"floor":14.0,"key":"Centennial Puzzle"},{"floor":23.0,"key":"Whetstone"},{"floor":26.0,"key":"Anchor"},{"floor":31.0,"key":"Happy Flower"},{"floor":38,"key":"Pocketwatch"},{"floor":41,"key":"Potion Belt"},{"floor":43,"key":"Dodecahedron"},{"floor":45,"key":"Kunai"},{"floor":47,"key":"Incense Burner"}],"event_choices":[{"damage_healed":0.0,"max_hp_gain":0.0,"max_hp_loss":0.0,"gold_gain":0.0,"event_name":"Accursed Blacksmith","player_choice":"Forge","floor":2.0,"gold_loss":0.0,"damage_taken":0.0,"cards_upgraded":["Bash"]},{"damage_healed":0.0,"max_hp_gain":0.0,"max_hp_loss":0.0,"gold_gain":0.0,"event_name":"Wheel of Change","player_choice":"Damaged","floor":11.0,"gold_loss":0.0,"damage_taken":9.0},{"damage_healed":0.0,"max_hp_gain":0.0,"max_hp_loss":0.0,"gold_gain":0.0,"event_name":"N\u0027loth","player_choice":"Traded Relic","floor":21.0,"relics_lost":["Lantern"],"gold_loss":0.0,"damage_taken":0.0,"relics_obtained":["Nloth\u0027s Gift"]},{"damage_healed":0.0,"max_hp_gain":0.0,"max_hp_loss":0.0,"gold_gain":0.0,"event_name":"Drug Dealer","player_choice":"Obtain J.A.X.","floor":27.0,"gold_loss":0.0,"damage_taken":0.0,"cards_obtained":["J.A.X."]},{"damage_healed":0,"gold_gain":0,"player_choice":"Max HP","damage_taken":0,"max_hp_gain":0,"max_hp_loss":5,"event_name":"Winding Halls","floor":36,"gold_loss":0},{"damage_healed":0,"gold_gain":0,"player_choice":"Fight","damage_taken":0,"max_hp_gain":0,"max_hp_loss":0,"event_name":"Mysterious Sphere","floor":38,"gold_loss":0},{"damage_healed":0,"gold_gain":0,"player_choice":"Paid","damage_taken":0,"relics_obtained":["Red Mask"],"max_hp_gain":0,"max_hp_loss":0,"event_name":"Tomb of Lord Red Mask","floor":46,"gold_loss":51}],"is_beta":false,"boss_relics":[{"not_picked":["Fusion Hammer","Velvet Choker"],"picked":"Ectoplasm"},{"not_picked":["Sozu","Coffee Dripper"],"picked":"Busted Crown"}],"items_purged_floors":[19,22],"is_endless":false,"potions_floor_spawned":[4,5,7,14,20,28,35,37,44],"ascension_level":6}