{"gold_per_floor":[111,121,121,40,40,40,53,53,53,53,53,70,84,102,102,197,197,214,313,324,324,337,337,352,377,401,401,25,43,43,43,43,43],"floor_reached":33,"playtime":1172,"items_purged":["Strike_R"],"score":282,"play_id":"ba7b66ee-0e12-4023-90bd-308165989921","local_time":"20181030142053","is_ascension_mode":false,"campfire_choices":[{"data":"Pummel","floor":6,"key":"SMITH"},{"data":"True Grit","floor":8,"key":"SMITH"},{"data":"Twin Strike","floor":10,"key":"SMITH"},{"data":"True Grit","floor":15,"key":"SMITH"},{"data":"Heavy Blade","floor":23,"key":"SMITH"},{"floor":32,"key":"REST"}],"neow_cost":"NONE","seed_source_timestamp":511456367240275,"circlet_count":0,"master_deck":["Strike_R","Strike_R","Strike_R","Defend_R+1","Defend_R+1","Defend_R","Defend_R","Bash","Spot Weakness+1","Twin Strike+1","Fiend Fire","Pummel+1","True Grit+1","True Grit+1","Reaper","Searing Blow+1","Feel No Pain","Heavy Blade+1","Demon Form","Seeing Red+1","Armaments+1","Decay"],"relics":["Burning Blood","Self Forming Clay","Mummified Hand","White Beast Statue","War Paint","Potion Belt","Strawberry","Blood Vial"],"potions_floor_usage":[20,25,33],"damage_taken":[{"damage":7,"enemies":"2 Louse","floor":1,"turns":3},{"damage":12,"enemies":"Small Slimes","floor":2,"turns":3},{"damage":0,"enemies":"Cultist","floor":7,"turns":2},{"damage":8,"enemies":"Red Slaver","floor":12,"turns":2},{"damage":1,"enemies":"Gremlin Gang","floor":13,"turns":5},{"damage":0,"enemies":"Exordium Thugs","floor":14,"turns":3},{"damage":58,"enemies":"The Guardian","floor":16,"turns":10},{"damage":3,"enemies":"Shell Parasite","floor":18,"turns":4},{"damage":20,"enemies":"Spheric Guardian","floor":20,"turns":5},{"damage":15,"enemies":"Cultist and Chosen","floor":22,"turns":7},{"damage":0,"enemies":"Snecko","floor":24,"turns":5},{"damage":54,"enemies":"Book of Stabbing","floor":25,"turns":6},{"damage":41,"enemies":"Chosen and Byrds","floor":29,"turns":7},{"damage":67,"enemies":"Automaton","floor":33,"turns":6}],"seed_played":"5886071456806026889","potions_obtained":[{"floor":2,"key":"SteroidPotion"},{"floor":7,"key":"FearPotion"},{"floor":13,"key":"SmokeBomb"},{"floor":16,"key":"Explosive Potion"},{"floor":20,"key":"EssenceOfSteel"},{"floor":24,"key":"BloodPotion"},{"floor":25,"key":"Strength Potion"},{"floor":29,"key":"Fire Potion"}],"is_trial":false,"path_per_floor":["M","M","?","$","?","R","M","R","T","R","T","M","M","M","R","B",null,"M","?","M","?","M","R","M","E","T","?","$","M","?","$","R"],"character_chosen":"IRONCLAD","items_purchased":["Pummel","Strawberry","Blood Vial"],"campfire_rested":1,"item_purchase_floors":[4,28,28],"current_hp_per_floor":[79,73,73,73,73,73,79,79,79,79,79,77,80,80,80,28,80,80,80,66,66,66,66,72,46,46,46,53,20,20,20,46,0],"gold":43,"neow_bonus":"THREE_CARDS","is_prod":false,"is_daily":false,"chose_seed":false,"campfire_upgraded":5,"win_rate":0,"timestamp":1540905653,"path_taken":["M","M","?","$","?","R","?","R","T","R","?","M","M","M","R","BOSS","M","?","?","?","M","R","M","E","T","?","$","M","?","$","R","BOSS"],"build_version":"2018-10-29v2","purchased_purges":1,"victory":false,"max_hp_per_floor":[80,80,80,80,80,80,80,80,80,80,80,80,80,80,80,80,80,80,80,80,80,80,80,80,80,80,80,87,87,87,87,87,87],"card_choices":[{"not_picked":["Second Wind","Iron Wave"],"picked":"Spot Weakness","floor":0},{"not_picked":["Body Slam","Entrench"],"picked":"Twin Strike","floor":1},{"not_picked":["Iron Wave","Flex"],"picked":"Fiend Fire","floor":2},{"not_picked":["Flex","True Grit","Combust"],"picked":"SKIP","floor":7},{"not_picked":["Flex","Combust"],"picked":"True Grit","floor":7},{"not_picked":["Cleave","Twin Strike"],"picked":"True Grit","floor":12},{"not_picked":["Body Slam","Anger","Bloodletting"],"picked":"SKIP","floor":13},{"not_picked":["Thunderclap","True Grit","Whirlwind"],"picked":"SKIP","floor":14},{"not_picked":["Bludgeon","Feed"],"picked":"Reaper","floor":16},{"not_picked":["Pommel Strike","Second Wind+1","Body Slam"],"picked":"SKIP","floor":18},{"not_picked":["Sword Boomerang","Clothesline"],"picked":"Searing Blow+1","floor":20},{"not_picked":["Dual Wield","Armaments"],"picked":"Heavy Blade","floor":22},{"not_picked":["Headbutt","Anger"],"picked":"Demon Form","floor":24},{"not_picked":["Perfected Strike","Iron Wave+1"],"picked":"Seeing Red+1","floor":25},{"not_picked":["Anger","Flame Barrier"],"picked":"Armaments+1","floor":29}],"player_experience":634715,"relics_obtained":[{"floor":9,"key":"Self Forming Clay"},{"floor":11,"key":"Mummified Hand"},{"floor":25,"key":"War Paint"},{"floor":26,"key":"Potion Belt"}],"event_choices":[{"damage_healed":0,"gold_gain":0,"player_choice":"Grow","damage_taken":0,"max_hp_gain":0,"max_hp_loss":0,"event_name":"Living Wall","floor":3,"gold_loss":0,"cards_upgraded":["Spot Weakness"]},{"cards_removed":["Strike_R"],"damage_healed":0,"gold_gain":0,"player_choice":"Offered Basic","damage_taken":0,"max_hp_gain":0,"max_hp_loss":0,"event_name":"Bonfire Elementals","floor":5,"gold_loss":0},{"damage_healed":0,"gold_gain":99,"player_choice":"Stole From Cult","damage_taken":0,"max_hp_gain":0,"max_hp_loss":0,"event_name":"Nest","floor":19,"gold_loss":0},{"damage_healed":0,"gold_gain":0,"player_choice":"Read","damage_taken":0,"max_hp_gain":0,"max_hp_loss":0,"event_name":"The Library","floor":21,"gold_loss":0,"cards_obtained":["Feel No Pain"]},{"damage_healed":0,"gold_gain":0,"player_choice":"Ignored","damage_taken":0,"max_hp_gain":0,"max_hp_loss":0,"event_name":"Ghosts","floor":27,"gold_loss":0},{"damage_healed":0,"gold_gain":0,"player_choice":"Smashed Altar","damage_taken":0,"max_hp_gain":0,"max_hp_loss":0,"event_name":"Forgotten Altar","floor":30,"gold_loss":0,"cards_obtained":["Decay"]}],"is_beta":true,"boss_relics":[{"not_picked":["Calling Bell","Fusion Hammer"],"picked":"White Beast Statue"}],"items_purged_floors":[28],"is_endless":false,"potions_floor_spawned":[2,7,13,16,18,20,22,24,25,29],"killed_by":"Automaton","ascension_level":0}