{"path_per_floor":["M","M","?","?","M","E","M","M","T","M","?","E","M","M","R","B",null,"M","?","?","M","M","R","M","E","T","E","M","M","R","M","R","B",null,"M","$","M","M","$","R","M","?","T","M"],"character_chosen":"IRONCLAD","items_purchased":["Hemokinesis","Infernal Blade","Twin Strike","Bag of Marbles","Bandage Up","Vajra","Combust","Seeing Red"],"gold_per_floor":[114,132,132,132,146,174,184,195,195,209,284,318,331,346,346,443,443,457,457,380,393,413,413,426,453,531,566,585,599,599,615,615,712,712,726,402,414,432,30,30,49,49,49,61,61],"floor_reached":45,"campfire_rested":0,"playtime":4281,"current_hp_per_floor":[80,80,85,85,85,73,68,67,67,73,62,64,60,66,66,54,85,73,73,73,71,67,67,51,63,63,54,57,73,73,37,37,39,85,73,73,52,37,37,37,27,16,16,14,0],"items_purged":[],"gold":61,"score":500,"play_id":"a81babc2-167d-4adb-8b69-8ba47c413479","local_time":"20180516013248","is_prod":false,"is_daily":false,"chose_seed":false,"is_ascension_mode":false,"campfire_upgraded":5,"timestamp":1526459568,"path_taken":["M","M","?","?","M","E","M","M","T","M","?","E","M","M","R","BOSS","M","?","?","?","M","R","M","E","T","E","M","?","R","M","R","BOSS","M","$","M","M","$","R","M","?","T","?","E"],"build_version":"2018-05-10","seed_source_timestamp":1749719661565661,"purchased_purges":0,"victory":false,"master_deck":["Strike_R","Strike_R","Strike_R","Strike_R","Strike_R","Defend_R","Defend_R","Defend_R","Defend_R","Bash+1","Iron Wave","Ghostly Armor","Uppercut+1","Pummel+1","Inflame","Dropkick","Rampage+1","Shrug It Off","Spot Weakness","Thunderclap","Reaper","Dropkick","J.A.X.","Warcry+1","Fiend Fire","Heavy Blade+1","Barricade+1","Twin Strike+1","Dropkick","Corruption+1","Brutality+1","Hemokinesis","Infernal Blade","Twin Strike","Rampage+1","Pommel Strike+1","Bandage Up","Combust+1","Seeing Red+1","Madness","Madness","Decay","Rupture+1"],"max_hp_per_floor":[80,80,85,85,85,85,85,85,85,85,85,85,85,85,85,85,85,85,85,85,85,85,85,85,85,85,85,85,85,85,85,85,85,85,85,85,85,85,85,85,85,85,85,85,85],"relics":["Burning Blood","Ancient Tea Set","Oddly Smooth Stone","Pantograph","Kunai","Runic Pyramid","Gremlin Horn","Orichalcum","Frozen Egg 2","Pen Nib","Cursed Key","Bag of Marbles","Vajra","Ginger"],"card_choices":[{"not_picked":["Twin Strike","Burning Pact"],"picked":"Iron Wave","floor":1},{"not_picked":["Power Through","Wild Strike"],"picked":"Ghostly Armor","floor":2},{"not_picked":["True Grit","Whirlwind"],"picked":"Uppercut","floor":5},{"not_picked":["Feel No Pain","Twin Strike"],"picked":"Pummel","floor":6},{"not_picked":["Sword Boomerang","Perfected Strike"],"picked":"Inflame","floor":7},{"not_picked":["Intimidate","Twin Strike"],"picked":"Dropkick","floor":8},{"not_picked":["Clash","Clothesline"],"picked":"Rampage","floor":10},{"not_picked":["Feel No Pain","Headbutt"],"picked":"Shrug It Off","floor":12},{"not_picked":["True Grit","Warcry"],"picked":"Spot Weakness","floor":13},{"not_picked":["Anger","Sword Boomerang"],"picked":"Thunderclap","floor":14},{"not_picked":["Impervious","Feed"],"picked":"Reaper","floor":16},{"not_picked":["Anger","Shockwave"],"picked":"Dropkick","floor":18},{"not_picked":["Pommel Strike","Perfected Strike"],"picked":"Warcry","floor":22},{"not_picked":["Warcry","Body Slam"],"picked":"Fiend Fire","floor":24},{"not_picked":["Perfected Strike","Body Slam"],"picked":"Heavy Blade","floor":25},{"not_picked":["Headbutt","Burning Pact"],"picked":"Barricade","floor":27},{"not_picked":["Evolve","Bloodletting"],"picked":"Twin Strike","floor":28},{"not_picked":["Burning Pact","Spot Weakness"],"picked":"Dropkick","floor":29},{"not_picked":["Burning Pact","Shrug It Off"],"picked":"Corruption","floor":31},{"not_picked":["Offering","Impervious"],"picked":"Brutality","floor":33},{"not_picked":["Headbutt","Shrug It Off"],"picked":"Rampage","floor":37},{"not_picked":["Berserk","Warcry"],"picked":"Pommel Strike","floor":38},{"not_picked":["Demon Form","Perfected Strike"],"picked":"Rupture","floor":44}],"player_experience":422164,"potions_floor_usage":[12,12,16,24,25,28,29,33,44,45],"damage_taken":[{"damage":0,"enemies":"Small Slimes","floor":1,"turns":3},{"damage":0,"enemies":"2 Louse","floor":2,"turns":3},{"damage":0,"enemies":"Cultist","floor":5,"turns":4},{"damage":18,"enemies":"3 Sentries","floor":6,"turns":11},{"damage":11,"enemies":"Large Slime","floor":7,"turns":7},{"damage":7,"enemies":"3 Louse","floor":8,"turns":4},{"damage":0,"enemies":"2 Fungi Beasts","floor":10,"turns":4},{"damage":4,"enemies":"Gremlin Nob","floor":12,"turns":3},{"damage":10,"enemies":"Lots of Slimes","floor":13,"turns":6},{"damage":0,"enemies":"Large Slime","floor":14,"turns":5},{"damage":37,"enemies":"The Guardian","floor":16,"turns":7},{"damage":32,"enemies":"3 Byrds","floor":18,"turns":6},{"damage":8,"enemies":"Shell Parasite","floor":21,"turns":4},{"damage":26,"enemies":"Centurion and Healer","floor":22,"turns":7},{"damage":35,"enemies":"Slaver and Parasite","floor":24,"turns":5},{"damage":40,"enemies":"Gremlin Leader","floor":25,"turns":6},{"damage":15,"enemies":"Book of Stabbing","floor":27,"turns":4},{"damage":3,"enemies":"Snecko","floor":28,"turns":3},{"damage":17,"enemies":"Centurion and Healer","floor":29,"turns":4},{"damage":42,"enemies":"Slaver and Parasite","floor":31,"turns":4},{"damage":29,"enemies":"Champ","floor":33,"turns":9},{"damage":18,"enemies":"Orb Walker","floor":35,"turns":3},{"damage":27,"enemies":"3 Darklings","floor":37,"turns":4},{"damage":21,"enemies":"Sphere and 2 Shapes","floor":38,"turns":4},{"damage":16,"enemies":"4 Shapes","floor":41,"turns":2},{"damage":14,"enemies":"3 Darklings","floor":44,"turns":3},{"damage":19,"enemies":"Nemesis","floor":45,"turns":2}],"event_choices":[{"event_name":"Big Fish","player_choice":"Donut","floor":3,"damage_taken":0},{"event_name":"Upgrade Shrine","player_choice":"Upgraded","floor":4,"damage_taken":0},{"event_name":"World of Goop","player_choice":"Gather Gold","floor":11,"damage_taken":0},{"event_name":"The Mausoleum","player_choice":"Yes","floor":19,"damage_taken":0},{"event_name":"Drug Dealer","player_choice":"Got JAXXED","floor":20,"damage_taken":0},{"event_name":"Winding Halls","player_choice":"Embrace Madness","floor":42,"damage_taken":0}],"boss_relics":[{"not_picked":["Eternal Feather","Black Blood"],"picked":"Runic Pyramid"},{"not_picked":["Snecko Eye","Velvet Choker"],"picked":"Cursed Key"}],"potions_floor_spawned":[1,5,7,8,13,21,24,28,29,33,35],"seed_played":"-1443985052934450405","killed_by":"Nemesis","ascension_level":0,"is_trial":false}