{"gold_per_floor":[111,125,136,136,154,154,154,154,154,189,189,201,126,126],"floor_reached":14,"playtime":616,"items_purged":["Normality"],"score":180,"play_id":"ee1311d3-40bc-450f-90f3-5330179f8311","local_time":"20190428012048","is_ascension_mode":true,"campfire_choices":[{"data":"Zap","floor":6,"key":"SMITH"},{"data":"Static Discharge","floor":8,"key":"SMITH"}],"neow_cost":"NONE","seed_source_timestamp":699993854691001,"circlet_count":0,"master_deck":["AscendersBane","Strike_B","Strike_B","Strike_B","Strike_B","Defend_B","Defend_B","Defend_B","Defend_B","Zap+1","Dualcast","Barrage","Static Discharge+1","Ball Lightning","Leap","Compile Driver"],"relics":["Cursed Key","CultistMask","Question Card","Gambling Chip"],"potions_floor_usage":[14],"damage_taken":[{"damage":2,"enemies":"Cultist","floor":1,"turns":4},{"damage":5,"enemies":"2 Louse","floor":2,"turns":3},{"damage":3,"enemies":"Small Slimes","floor":3,"turns":4},{"damage":10,"enemies":"Exordium Wildlife","floor":5,"turns":3},{"damage":31,"enemies":"Gremlin Nob","floor":10,"turns":4},{"damage":16,"enemies":"Gremlin Gang","floor":12,"turns":4},{"damage":7,"enemies":"Lagavulin","floor":14,"turns":5}],"seed_played":"-323155993764700049","potions_obtained":[{"floor":2,"key":"Dexterity Potion"},{"floor":12,"key":"SkillPotion"}],"is_trial":false,"path_per_floor":["M","M","M","?","M","R","?","R","T","E","?","M","$","E"],"character_chosen":"DEFECT","items_purchased":[],"campfire_rested":0,"item_purchase_floors":[],"current_hp_per_floor":[62,57,54,54,44,44,49,49,49,18,18,2,2,0],"gold":126,"neow_bonus":"BOSS_RELIC","is_prod":false,"is_daily":false,"chose_seed":false,"campfire_upgraded":2,"win_rate":0,"timestamp":1556407248,"path_taken":["M","M","M","?","?","R","?","R","T","E","?","M","?","E"],"build_version":"2019-01-23","purchased_purges":1,"victory":false,"max_hp_per_floor":[71,71,71,71,71,71,76,76,76,76,76,76,76,76],"card_choices":[{"not_picked":["Rebound","Beam Cell"],"picked":"Barrage","floor":1},{"not_picked":["Rebound","Undo"],"picked":"Static Discharge","floor":2},{"not_picked":["White Noise","Stack","Turbo"],"picked":"SKIP","floor":3},{"not_picked":["Stack","Sweeping Beam"],"picked":"Ball Lightning","floor":5},{"not_picked":["Lockon","Blizzard"],"picked":"Leap","floor":10},{"not_picked":["Genetic Algorithm","Sweeping Beam","Rip and Tear"],"picked":"Compile Driver","floor":12}],"player_experience":859046,"relics_obtained":[{"floor":10,"key":"Question Card"}],"event_choices":[{"damage_healed":0,"gold_gain":0,"player_choice":"Trade","damage_taken":0,"relics_obtained":["CultistMask"],"max_hp_gain":0,"max_hp_loss":0,"event_name":"FaceTrader","floor":4,"gold_loss":0},{"damage_healed":0,"gold_gain":0,"player_choice":"Donut","damage_taken":0,"max_hp_gain":5,"max_hp_loss":0,"event_name":"Big Fish","floor":7,"gold_loss":0},{"damage_healed":0,"gold_gain":0,"player_choice":"Searched \u00271\u0027 times","damage_taken":0,"relics_obtained":["Gambling Chip"],"max_hp_gain":0,"max_hp_loss":0,"event_name":"Dead Adventurer","floor":11,"gold_loss":0}],"is_beta":false,"boss_relics":[],"items_purged_floors":[13],"is_endless":false,"potions_floor_spawned":[2,12],"killed_by":"Lagavulin","ascension_level":20}