{"gold_per_floor":[111,111,132,57,57,57,92,92,117,137,172,206,206,219,219,340,340,360,109,134,152,277,320,320,361,386,386,429,429,529,554,554,682,682,700,724,55,75,75,75,75,75,144,144,188,128,148,186,186,186,186,186,186,224,224],"floor_reached":55,"playtime":2531,"items_purged":["Defend_R","Perfected Strike","Cleave+1"],"score":1043,"play_id":"8de50771-2115-4302-a35e-1adf6159703c","local_time":"20190409044608","is_ascension_mode":true,"campfire_choices":[{"data":"Bash","floor":6,"key":"SMITH"},{"data":"Whirlwind","floor":8,"key":"SMITH"},{"data":"Cleave","floor":13,"key":"SMITH"},{"data":"Strike_R","floor":15,"key":"SMITH"},{"data":"Pummel","floor":24,"key":"SMITH"},{"data":"Dropkick","floor":27,"key":"SMITH"},{"data":"Clash","floor":29,"key":"SMITH"},{"floor":32,"key":"REST"},{"floor":40,"key":"REST"},{"floor":42,"key":"RECALL"},{"floor":44,"key":"REST"},{"floor":49,"key":"REST"},{"floor":52,"key":"REST"}],"neow_cost":"NONE","seed_source_timestamp":439935512026243,"circlet_count":0,"master_deck":["Bash+1","Double Tap+1","Whirlwind+1","Infernal Blade+1","Warcry+1","Seeing Red+1","Exhume+1","Exhume+1","Dropkick+1","Clash+1","Pummel+1","Rage+1","Headbutt+1","Exhume+1","Uppercut+1","Spot Weakness+1","Warcry+1"],"relics":["Burning Blood","NeowsBlessing","Golden Idol","Toxic Egg 2","War Paint","Odd Mushroom","Letter Opener","Pandora\u0027s Box","Pen Nib","Thread and Needle","Matryoshka","Gambling Chip","Dodecahedron","Boot","Vajra","Happy Flower","Philosopher\u0027s Stone","Chemical X","Shuriken","Bag of Preparation","Omamori","StoneCalendar","Anchor"],"potions_floor_usage":[16,22,23,25,50,55,55],"damage_taken":[{"damage":0,"enemies":"Jaw Worm","floor":1,"turns":1},{"damage":0,"enemies":"Small Slimes","floor":3,"turns":1},{"damage":0,"enemies":"Lagavulin","floor":7,"turns":1},{"damage":1,"enemies":"Cultist","floor":10,"turns":3},{"damage":7,"enemies":"The Mushroom Lair","floor":11,"turns":2},{"damage":16,"enemies":"Gremlin Nob","floor":12,"turns":3},{"damage":8,"enemies":"Blue Slaver","floor":14,"turns":2},{"damage":5,"enemies":"Slime Boss","floor":16,"turns":6},{"damage":0,"enemies":"3 Byrds","floor":18,"turns":2},{"damage":14,"enemies":"Shell Parasite","floor":20,"turns":2},{"damage":0,"enemies":"Snake Plant","floor":21,"turns":1},{"damage":0,"enemies":"Colosseum Slavers","floor":22,"turns":1},{"damage":7,"enemies":"Colosseum Nobs","floor":22,"turns":2},{"damage":15,"enemies":"Book of Stabbing","floor":23,"turns":3},{"damage":16,"enemies":"Slavers","floor":25,"turns":2},{"damage":29,"enemies":"Book of Stabbing","floor":28,"turns":3},{"damage":11,"enemies":"Shelled Parasite and Fungi","floor":31,"turns":2},{"damage":14,"enemies":"Champ","floor":33,"turns":6},{"damage":24,"enemies":"3 Shapes","floor":35,"turns":1},{"damage":0,"enemies":"3 Darklings","floor":36,"turns":2},{"damage":19,"enemies":"4 Shapes","floor":38,"turns":2},{"damage":0,"enemies":"Giant Head","floor":45,"turns":2},{"damage":0,"enemies":"Maw","floor":47,"turns":2},{"damage":0,"enemies":"Reptomancer","floor":48,"turns":1},{"damage":19,"enemies":"Awakened One","floor":50,"turns":3},{"damage":10,"enemies":"Shield and Spear","floor":54,"turns":2},{"damage":87,"enemies":"The Heart","floor":55,"turns":4}],"seed_played":"2756424411844768212","potions_obtained":[{"floor":7,"key":"LiquidBronze"},{"floor":10,"key":"SneckoOil"},{"floor":14,"key":"Energy Potion"},{"floor":16,"key":"Fruit Juice"},{"floor":20,"key":"FearPotion"},{"floor":23,"key":"Fire Potion"},{"floor":28,"key":"Regen Potion"},{"floor":31,"key":"AttackPotion"},{"floor":54,"key":"PowerPotion"}],"is_trial":false,"path_per_floor":["?","?","M","?","?","?","$","?","?"],"character_chosen":"IRONCLAD","items_purchased":["Pen Nib","Chemical X","Shuriken","Spot Weakness+1"],"campfire_rested":5,"item_purchase_floors":[19,37,37,37],"current_hp_per_floor":[80,60,66,66,66,66,72,72,72,77,76,66,66,64,64,70,81,85,85,77,83,84,75,75,65,65,65,42,42,42,37,62,54,77,59,65,65,52,52,77,77,77,77,85,85,85,85,85,85,72,82,85,85,81,0],"gold":224,"neow_bonus":"THREE_ENEMY_KILL","is_prod":false,"is_daily":false,"chose_seed":false,"campfire_upgraded":7,"win_rate":0,"timestamp":1554759968,"path_taken":["M","?","M","$","?","R","E","R","T","?","?","E","R","M","R","BOSS","M","$","M","M","?","E","R","E","T","R","E","R","?","M","R","BOSS","M","M","$","M","?","R","?","R","T","R","E","?","M","E","R","BOSS","R","$","E","BOSS"],"build_version":"2019-01-23","purchased_purges":3,"victory":false,"max_hp_per_floor":[80,80,80,80,80,80,80,80,80,80,80,80,80,80,80,85,85,85,85,85,85,85,85,85,85,85,85,85,85,85,85,85,85,85,85,85,85,85,85,85,85,85,85,85,85,85,85,85,85,85,85,85,85,85,85],"card_choices":[{"not_picked":["Sword Boomerang","Heavy Blade"],"picked":"Cleave","floor":1},{"not_picked":["Burning Pact","Cleave"],"picked":"Double Tap","floor":3},{"not_picked":["Heavy Blade","Evolve"],"picked":"Whirlwind","floor":7},{"not_picked":["Wild Strike","Feel No Pain","Searing Blow"],"picked":"SKIP","floor":10},{"not_picked":["Body Slam","Clash"],"picked":"Infernal Blade+1","floor":11},{"not_picked":["Headbutt","Juggernaut"],"picked":"Warcry+1","floor":12},{"not_picked":["Clothesline","Wild Strike"],"picked":"Seeing Red+1","floor":14},{"not_picked":["Impervious+1","Juggernaut"],"picked":"Exhume+1","floor":16},{"not_picked":["Twin Strike","Havoc+1","Dual Wield+1"],"picked":"SKIP","floor":18},{"not_picked":["Body Slam","Clash","Twin Strike"],"picked":"SKIP","floor":20},{"not_picked":["Body Slam","Blood for Blood","Headbutt"],"picked":"SKIP","floor":21},{"not_picked":["Perfected Strike","Sword Boomerang","Clash"],"picked":"SKIP","floor":23},{"not_picked":["Clothesline+1","Juggernaut","Havoc+1"],"picked":"SKIP","floor":25},{"not_picked":["Berserk","Iron Wave"],"picked":"Rage+1","floor":28},{"not_picked":["Entrench+1","Clothesline+1"],"picked":"Headbutt+1","floor":31},{"not_picked":["Brutality","Juggernaut"],"picked":"Exhume+1","floor":33},{"not_picked":["Power Through+1","Pommel Strike"],"picked":"Uppercut+1","floor":35},{"not_picked":["Wild Strike","Hemokinesis+1","Twin Strike+1"],"picked":"SKIP","floor":36},{"not_picked":["Armaments+1","Power Through+1","Feel No Pain"],"picked":"SKIP","floor":38},{"not_picked":["Blood for Blood+1","Thunderclap","Flex+1"],"picked":"SKIP","floor":45},{"not_picked":["Havoc+1","Sentinel+1","Headbutt+1"],"picked":"SKIP","floor":47},{"not_picked":["Fiend Fire","Clothesline+1","Pommel Strike"],"picked":"SKIP","floor":48},{"not_picked":["Wild Strike+1","Thunderclap+1"],"picked":"Warcry+1","floor":54}],"player_experience":179850,"relics_obtained":[{"floor":7,"key":"Toxic Egg 2"},{"floor":9,"key":"War Paint"},{"floor":11,"key":"Odd Mushroom"},{"floor":12,"key":"Letter Opener"},{"floor":22,"key":"Thread and Needle"},{"floor":22,"key":"Matryoshka"},{"floor":23,"key":"Gambling Chip"},{"floor":25,"key":"Dodecahedron"},{"floor":26,"key":"Boot"},{"floor":26,"key":"Vajra"},{"floor":28,"key":"Happy Flower"},{"floor":43,"key":"Bag of Preparation"},{"floor":45,"key":"Omamori"},{"floor":48,"key":"StoneCalendar"},{"floor":54,"key":"Anchor"}],"event_choices":[{"damage_healed":0,"gold_gain":0,"player_choice":"Take Damage","damage_taken":20,"relics_obtained":["Golden Idol"],"max_hp_gain":0,"max_hp_loss":0,"event_name":"Golden Idol","floor":2,"gold_loss":0},{"cards_removed":["Strike_R"],"damage_healed":0,"gold_gain":0,"player_choice":"Offered Basic","damage_taken":0,"max_hp_gain":0,"max_hp_loss":0,"event_name":"Bonfire Elementals","floor":5,"gold_loss":0},{"damage_healed":0,"gold_gain":0,"player_choice":"Fought Mushrooms","damage_taken":0,"max_hp_gain":0,"max_hp_loss":0,"event_name":"Mushrooms","floor":11,"gold_loss":0},{"damage_healed":0,"gold_gain":0,"player_choice":"Fight","damage_taken":0,"max_hp_gain":0,"max_hp_loss":0,"event_name":"Colosseum","floor":22,"gold_loss":0},{"damage_healed":0,"gold_gain":0,"player_choice":"Fought Nobs","damage_taken":0,"max_hp_gain":0,"max_hp_loss":0,"event_name":"Colosseum","floor":22,"gold_loss":0},{"damage_healed":0,"gold_gain":100,"player_choice":"Pray","damage_taken":0,"max_hp_gain":0,"max_hp_loss":0,"event_name":"Golden Shrine","floor":30,"gold_loss":0},{"cards_removed":["Juggernaut"],"damage_healed":0,"gold_gain":0,"player_choice":"Removed Power","damage_taken":0,"max_hp_gain":0,"max_hp_loss":0,"event_name":"Falling","floor":41,"gold_loss":0},{"cards_removed":["Second Wind"],"damage_healed":0,"gold_gain":0,"player_choice":"Single Remove","damage_taken":0,"max_hp_gain":0,"max_hp_loss":0,"event_name":"Designer","floor":46,"gold_loss":60}],"is_beta":false,"boss_relics":[{"not_picked":["Calling Bell","Tiny House"],"picked":"Pandora\u0027s Box"},{"not_picked":["Fusion Hammer","Cursed Key"],"picked":"Philosopher\u0027s Stone"}],"items_purged_floors":[4,19,37],"is_endless":false,"potions_floor_spawned":[7,10,14,16,20,22,23,28,31,35,38,54],"killed_by":"The Heart","ascension_level":5}