{"gold_per_floor":[109,109,120,29,43,77,89,89,112,137,137,154,154,181,181,286,286,296,396,409,382,402,434,434,449,449,468,480,480,490,19,19,19],"floor_reached":33,"playtime":1490,"items_purged":["Strike_R"],"score":303,"play_id":"d906562b-ef77-42d7-a390-aadcea8e6e54","local_time":"20180802084751","is_ascension_mode":true,"campfire_choices":[{"data":"Infernal Blade","floor":8,"key":"SMITH"},{"data":"Infernal Blade","floor":11,"key":"SMITH"},{"data":"1","floor":15,"key":"LIFT"},{"data":"2","floor":24,"key":"LIFT"},{"floor":29,"key":"REST"},{"data":"3","floor":32,"key":"LIFT"}],"neow_cost":"NONE","seed_source_timestamp":487077380756218,"circlet_count":0,"master_deck":["Strike_R","Strike_R","Strike_R","Strike_R","Defend_R","Defend_R","Defend_R","Defend_R","Bash","Infernal Blade","Headbutt","Mind Blast","Infernal Blade+1","Infernal Blade+1","Perfected Strike","Metallicize","Exhume+1","Shrug It Off+1","Heavy Blade+1","Shrug It Off","Anger+1","Metallicize+1","Armaments","Twin Strike+1","Rage+1","Power Through"],"relics":["Black Blood","NeowsBlessing","Oddly Smooth Stone","Omamori","Regal Pillow","Sundial","Girya","The Courier","Frozen Egg 2","Kunai","War Paint"],"potions_floor_usage":[14,16,23,23,28,30,33],"damage_taken":[{"damage":0,"enemies":"Cultist","floor":1,"turns":1},{"damage":0,"enemies":"2 Louse","floor":3,"turns":1},{"damage":0,"enemies":"Small Slimes","floor":5,"turns":1},{"damage":9,"enemies":"Gremlin Nob","floor":6,"turns":3},{"damage":8,"enemies":"Exordium Thugs","floor":7,"turns":4},{"damage":16,"enemies":"3 Sentries","floor":10,"turns":7},{"damage":6,"enemies":"Blue Slaver","floor":12,"turns":2},{"damage":27,"enemies":"Gremlin Nob","floor":14,"turns":4},{"damage":13,"enemies":"Slime Boss","floor":16,"turns":8},{"damage":15,"enemies":"3 Byrds","floor":18,"turns":4},{"damage":36,"enemies":"Shell Parasite","floor":20,"turns":7},{"damage":3,"enemies":"Snecko","floor":22,"turns":5},{"damage":31,"enemies":"Book of Stabbing","floor":23,"turns":5},{"damage":20,"enemies":"Centurion and Healer","floor":25,"turns":6},{"damage":8,"enemies":"3 Cultists","floor":27,"turns":6},{"damage":20,"enemies":"Slaver and Parasite","floor":28,"turns":5},{"damage":15,"enemies":"Snake Plant","floor":30,"turns":4},{"damage":57,"enemies":"Champ","floor":33,"turns":11}],"seed_played":"7017923054848184092","potions_obtained":[{"floor":5,"key":"Regen Potion"},{"floor":7,"key":"Explosive Potion"},{"floor":10,"key":"Strength Potion"},{"floor":20,"key":"FearPotion"},{"floor":27,"key":"EssenceOfSteel"},{"floor":28,"key":"PowerPotion"},{"floor":30,"key":"SpeedPotion"}],"is_trial":false,"path_per_floor":["M","?","M","$","M","E","M","R","T","E","R","M","$","E","R","B",null,"M","?","M","$","M","E","R","M","T","M","M","R","M","$","R"],"character_chosen":"IRONCLAD","items_purchased":["Mind Blast","Shrug It Off","Kunai","War Paint","Power Through"],"campfire_rested":1,"item_purchase_floors":[4,21,31,31,31],"current_hp_per_floor":[80,73,79,79,80,77,75,75,75,65,65,65,65,53,53,46,80,75,75,49,49,56,35,35,25,25,27,17,56,51,51,51,0],"gold":19,"neow_bonus":"THREE_ENEMY_KILL","is_prod":false,"is_daily":false,"chose_seed":false,"campfire_upgraded":2,"win_rate":0,"timestamp":1533192471,"path_taken":["M","?","M","?","M","E","M","R","T","E","R","M","$","E","R","BOSS","M","?","?","$","M","E","R","M","T","M","M","R","M","$","R","BOSS"],"build_version":"2018-07-26","purchased_purges":1,"victory":false,"max_hp_per_floor":[80,80,80,80,80,80,80,80,80,80,80,80,80,80,80,80,80,80,80,80,80,80,80,80,80,80,80,80,80,80,80,80,80],"card_choices":[{"not_picked":["Armaments","Anger"],"picked":"Infernal Blade","floor":1},{"not_picked":["Warcry","Havoc"],"picked":"Headbutt","floor":3},{"not_picked":["Headbutt","Fire Breathing"],"picked":"Infernal Blade","floor":5},{"not_picked":["Clothesline","Wild Strike"],"picked":"Infernal Blade","floor":6},{"not_picked":["Wild Strike","Havoc"],"picked":"Perfected Strike","floor":7},{"not_picked":["Perfected Strike","Warcry","Dual Wield"],"picked":"SKIP","floor":10},{"not_picked":["Berserk","Carnage"],"picked":"Metallicize","floor":12},{"not_picked":["Offering","Flex","Sword Boomerang"],"picked":"SKIP","floor":14},{"not_picked":["Barricade","Dark Embrace"],"picked":"Exhume","floor":16},{"not_picked":["Cleave","Seeing Red"],"picked":"Shrug It Off","floor":18},{"not_picked":["Sword Boomerang","Flame Barrier"],"picked":"Heavy Blade+1","floor":20},{"not_picked":["Body Slam","Flame Barrier+1"],"picked":"Anger+1","floor":22},{"not_picked":["Searing Blow","Shrug It Off"],"picked":"Metallicize+1","floor":23},{"not_picked":["Carnage+1","Ghostly Armor"],"picked":"Armaments","floor":25},{"not_picked":["Anger","Body Slam+1"],"picked":"Twin Strike+1","floor":27},{"not_picked":["Body Slam+1","Evolve+1"],"picked":"Rage+1","floor":28},{"not_picked":["Burning Pact+1","Blood for Blood","Dual Wield"],"picked":"SKIP","floor":30}],"player_experience":200322,"relics_obtained":[{"floor":6,"key":"Omamori"},{"floor":9,"key":"Regal Pillow"},{"floor":10,"key":"Sundial"},{"floor":14,"key":"Girya"},{"floor":23,"key":"The Courier"},{"floor":26,"key":"Frozen Egg 2"}],"event_choices":[{"event_name":"Scrap Ooze","player_choice":"success","floor":2,"damage_taken":7},{"event_name":"Golden Shrine","player_choice":"Pray","floor":19,"damage_taken":0}],"is_beta":false,"boss_relics":[{"not_picked":["Calling Bell","Lizard Tail"],"picked":"Black Blood"}],"items_purged_floors":[31],"is_endless":false,"potions_floor_spawned":[5,7,10,12,20,27,28,30],"killed_by":"Champ","ascension_level":1}