{"path_per_floor":["M","M","?","?","$","M","E","?","T","M","$","E","$","M","R","B",null,"M","M","?","M","M","R","E","?","T","?","R","$","E","M","R","B",null,"M","?","M","M","M","R"],"character_chosen":"DEFECT","items_purchased":["White Noise","Axe Kick","Doom and Gloom","Sunder","Enlightenment","Hologram","Capacitor"],"gold_per_floor":[14,32,207,157,57,72,106,106,106,119,45,78,44,59,59,162,162,180,200,123,142,160,160,188,188,265,265,265,1,35,50,50,148,148,158,158,175,186,196,196,196],"floor_reached":41,"campfire_rested":3,"playtime":2977,"current_hp_per_floor":[89,85,85,85,85,73,39,39,39,33,33,9,9,16,42,9,89,81,66,66,55,50,50,60,60,60,60,60,60,60,40,70,35,103,93,80,59,25,16,46,0],"items_purged":[],"gold":196,"score":518,"play_id":"e672c7c2-94ff-4bc4-87b4-3319d9b957b2","local_time":"20180506115513","is_prod":false,"is_daily":false,"chose_seed":false,"is_ascension_mode":false,"campfire_upgraded":0,"timestamp":1525632913,"path_taken":["M","M","?","?","$","?","E","?","T","M","$","E","?","M","R","BOSS","M","M","?","?","?","R","E","?","T","?","R","$","E","M","R","BOSS","M","?","M","M","?","R","E"],"build_version":"2018-05-03","seed_source_timestamp":924358591745666,"purchased_purges":0,"victory":false,"master_deck":["Strike_B","Strike_B","Strike_B","Strike_B","Defend_B","Defend_B","Defend_B","Defend_B","Zap","Dualcast","Static Discharge","Ball Lightning","White Noise+1","Axe Kick","Genetic Algorithm","Streamline","Coolheaded","Doom and Gloom","Aggregate","Sunder","Undo","Hyperbeam","Hello World+1","Scrape","J.A.X.","Scrape+1","Go for the Eyes","Cold Snap+1","Recycle","Enlightenment","Hologram","Capacitor","Tempest","Fusion","Rebound+1","Madness","Madness","Cold Snap+1","Double Energy","Hologram"],"max_hp_per_floor":[89,89,89,89,89,89,89,89,89,89,89,89,89,89,89,89,89,89,89,89,89,89,89,103,103,103,103,103,103,103,103,103,103,103,103,103,103,103,103,103,103],"relics":["Cracked Core","Girya","Turnip","Kunai","Snecko Eye","Mango","Letter Opener","Torii","Black Star"],"card_choices":[{"not_picked":["Doom and Gloom","Leap"],"picked":"Static Discharge","floor":1},{"not_picked":["Steam Power","Stack"],"picked":"Ball Lightning","floor":2},{"not_picked":["Doom and Gloom","Impulse"],"picked":"Genetic Algorithm","floor":6},{"not_picked":["Barrage","Hologram"],"picked":"Streamline","floor":7},{"not_picked":["Sweeping Beam","Reprogram"],"picked":"Coolheaded","floor":10},{"not_picked":["Force Field","Recycle"],"picked":"Aggregate","floor":12},{"not_picked":["Redo","Stack"],"picked":"Undo","floor":14},{"not_picked":["Thunder Strike","Echo Form"],"picked":"Hyperbeam","floor":16},{"not_picked":["Ball Lightning","Streamline"],"picked":"Hello World","floor":18},{"not_picked":["Sweeping Beam","Axe Kick"],"picked":"Scrape","floor":19},{"not_picked":["Auto Shields","Sweeping Beam"],"picked":"Scrape","floor":21},{"not_picked":["Stack","Reinforced Body"],"picked":"Go for the Eyes","floor":22},{"not_picked":["Storm","Reboot"],"picked":"Cold Snap","floor":24},{"not_picked":["Undo","Cold Snap"],"picked":"Tempest","floor":30},{"not_picked":["Biased Cognition","Multi-Cast"],"picked":"Fusion","floor":33},{"not_picked":["Coolheaded","Go for the Eyes"],"picked":"Rebound","floor":35},{"not_picked":["Barrage","Rebound"],"picked":"Cold Snap","floor":37},{"not_picked":["Beam Cell","Steam Power"],"picked":"Double Energy","floor":38},{"not_picked":["Turbo","Auto Shields"],"picked":"Hologram","floor":39}],"player_experience":48805,"potions_floor_usage":[12,12,16,24,24,31,33],"damage_taken":[{"damage":0,"enemies":"Cultist","floor":1,"turns":4},{"damage":4,"enemies":"2 Louse","floor":2,"turns":3},{"damage":12,"enemies":"Small Slimes","floor":6,"turns":3},{"damage":34,"enemies":"3 Sentries","floor":7,"turns":7},{"damage":6,"enemies":"Blue Slaver","floor":10,"turns":3},{"damage":24,"enemies":"Gremlin Nob","floor":12,"turns":4},{"damage":0,"enemies":"Large Slime","floor":14,"turns":4},{"damage":33,"enemies":"Slime Boss","floor":16,"turns":8},{"damage":8,"enemies":"Chosen","floor":18,"turns":4},{"damage":15,"enemies":"3 Byrds","floor":19,"turns":3},{"damage":11,"enemies":"Snake Plant","floor":21,"turns":4},{"damage":5,"enemies":"Cultist and Chosen","floor":22,"turns":4},{"damage":25,"enemies":"Book of Stabbing","floor":24,"turns":4},{"damage":29,"enemies":"Slavers","floor":30,"turns":3},{"damage":20,"enemies":"Slaver and Parasite","floor":31,"turns":4},{"damage":43,"enemies":"Collector","floor":33,"turns":8},{"damage":10,"enemies":"Orb Walker","floor":35,"turns":4},{"damage":21,"enemies":"Flame Bruiser 1 Orb","floor":37,"turns":4},{"damage":34,"enemies":"Spire Growth","floor":38,"turns":5},{"damage":9,"enemies":"3 Darklings","floor":39,"turns":3},{"damage":64,"enemies":"Giant Head","floor":41,"turns":7}],"event_choices":[{"event_name":"Liars Game","player_choice":"agreed","floor":3,"damage_taken":0},{"event_name":"The Cleric","player_choice":"Card Removal","floor":4,"damage_taken":0},{"event_name":"Living Wall","player_choice":"Grow","floor":8,"damage_taken":0},{"event_name":"Drug Dealer","player_choice":"Got JAXXED","floor":20,"damage_taken":0},{"event_name":"The Library","player_choice":"Read","floor":25,"damage_taken":0},{"event_name":"Ghosts","player_choice":"Ignored","floor":27,"damage_taken":0},{"event_name":"Winding Halls","player_choice":"Embrace Madness","floor":36,"damage_taken":0}],"boss_relics":[{"not_picked":["Philosopher\u0027s Stone","Inserter"],"picked":"Snecko Eye"},{"not_picked":["Lizard Tail","Orrery"],"picked":"Black Star"}],"potions_floor_spawned":[1,2,14,21,22,30,31,37,38],"seed_played":"2963487509862671303","killed_by":"Giant Head","ascension_level":0,"is_trial":false}