{"gold_per_floor":[119,137,153,78,3,3,3,28,28,40,65,79,93,143,143,221,221,241,259,259,277,302,335,348,348,348,364,85,99,126,138,150,241,253,276,307,339,157,432,432,448,448,471,85,101,121,149,167,167,167],"floor_reached":51,"playtime":2818,"items_purged":["Strike_R","Strike_R","Clash","Regret"],"score":1245,"play_id":"e535778d-cd0f-4615-9943-af06a5d23cb8","local_time":"20190429164717","is_ascension_mode":true,"campfire_choices":[{"data":"Bash","floor":7.0,"key":"SMITH"},{"data":"Inflame","floor":15.0,"key":"SMITH"},{"floor":25,"key":"REST"},{"data":"Sword Boomerang","floor":32,"key":"SMITH"},{"floor":40,"key":"RECALL"},{"data":"True Grit","floor":42,"key":"SMITH"},{"data":"Apotheosis","floor":49,"key":"SMITH"}],"neow_cost":"NONE","seed_source_timestamp":0,"circlet_count":0,"master_deck":["AscendersBane","Strike_R","Defend_R","Defend_R","Defend_R","Defend_R","Bash+1","Inflame+1","Anger","Pommel Strike","Sword Boomerang+1","Headbutt","Clothesline","Armaments","Reaper","Whirlwind+1","Shrug It Off+1","True Grit+1","Shockwave","Double Tap","Shrug It Off","Spot Weakness","Apotheosis+1","Flash of Steel","Shockwave+1"],"special_seed":0,"relics":["Burning Blood","Question Card","Smiling Mask","Pocketwatch","Busted Crown","Orichalcum","PreservedInsect","Kunai","Vajra","MawBank","Runic Cube","Oddly Smooth Stone","Dream Catcher","Blood Vial"],"potions_floor_usage":[33,41],"damage_taken":[{"damage":1.0,"enemies":"Cultist","floor":1.0,"turns":3.0},{"damage":5.0,"enemies":"2 Louse","floor":2.0,"turns":4.0},{"damage":2.0,"enemies":"Jaw Worm","floor":3.0,"turns":3.0},{"damage":30.0,"enemies":"Lagavulin","floor":8.0,"turns":5.0},{"damage":22.0,"enemies":"Large Slime","floor":10.0,"turns":5.0},{"damage":16.0,"enemies":"Gremlin Nob","floor":11.0,"turns":3.0},{"damage":5.0,"enemies":"Red Slaver","floor":12.0,"turns":3.0},{"damage":0.0,"enemies":"Gremlin Gang","floor":13.0,"turns":3.0},{"damage":20.0,"enemies":"Hexaghost","floor":16.0,"turns":9.0},{"damage":29,"enemies":"Shell Parasite","floor":18,"turns":5},{"damage":0,"enemies":"3 Byrds","floor":19,"turns":3},{"damage":28,"enemies":"Centurion and Healer","floor":21,"turns":6},{"damage":38,"enemies":"Book of Stabbing","floor":23,"turns":5},{"damage":4,"enemies":"Snecko","floor":24,"turns":4},{"damage":9,"enemies":"Cultist and Chosen","floor":27,"turns":4},{"damage":2,"enemies":"3 Cultists","floor":29,"turns":4},{"damage":18,"enemies":"Slavers","floor":30,"turns":3},{"damage":81,"enemies":"Collector","floor":33,"turns":12},{"damage":28,"enemies":"3 Shapes","floor":35,"turns":6},{"damage":10,"enemies":"Orb Walker","floor":36,"turns":3},{"damage":19,"enemies":"Jaw Worm Horde","floor":37,"turns":3},{"damage":24,"enemies":"Transient","floor":41,"turns":5},{"damage":13,"enemies":"Writhing Mass","floor":45,"turns":4},{"damage":5,"enemies":"Jaw Worm Horde","floor":46,"turns":2},{"damage":3,"enemies":"Giant Head","floor":47,"turns":5},{"damage":19,"enemies":"Spire Growth","floor":48,"turns":4},{"damage":53,"enemies":"Awakened One","floor":50,"turns":11}],"seed_played":"1101242953177548135","potions_obtained":[{"floor":2.0,"key":"SteroidPotion"},{"floor":3.0,"key":"Dexterity Potion"},{"floor":11.0,"key":"Explosive Potion"},{"floor":18,"key":"EssenceOfSteel"},{"floor":37,"key":"Fire Potion"},{"floor":46,"key":"Dexterity Potion"}],"is_trial":false,"path_per_floor":["M","M","M","$","?","$","R","E","T","M","E","M","M","?","R","B",null,"M","M","?","M","T","E","M","R","T","M","$","M","E","?","R","B",null,"M","M","M","$","?","R","M","R","T","$","M","M","E","M","R","B",null],"character_chosen":"IRONCLAD","items_purchased":["Vajra","Shockwave","Oddly Smooth Stone","Spot Weakness","Apotheosis","Flash of Steel"],"campfire_rested":1,"item_purchase_floors":[28,28,38,44,44,44],"current_hp_per_floor":[73,74,75,75,75,75,75,51,51,35,25,26,32,25,25,11,59,46,70,70,63,63,31,33,55,55,69,69,75,75,75,75,18,61,63,75,62,62,62,62,56,56,56,56,49,75,75,62,62,28],"gold":167,"neow_bonus":"THREE_CARDS","is_prod":false,"is_daily":false,"chose_seed":false,"campfire_upgraded":5,"win_rate":0,"timestamp":1556567237,"path_taken":["M","M","?","$","?","$","R","E","T","M","E","M","M","?","R","BOSS","M","?","?","M","?","E","M","R","T","M","$","M","E","?","R","BOSS","M","M","M","$","?","R","?","R","T","$","M","M","E","?","R","BOSS"],"build_version":"2019-01-23","purchased_purges":4,"victory":true,"max_hp_per_floor":[75,75,75,75,75,75,75,75,75,75,75,75,75,75,75,75,75,75,75,75,75,75,75,75,75,75,75,75,75,75,75,75,75,75,75,75,75,75,75,75,75,75,75,75,75,75,75,75,75,75],"card_choices":[{"not_picked":["Entrench","Sentinel"],"picked":"Inflame","floor":0.0},{"not_picked":["Flex","Sentinel"],"picked":"Anger","floor":1.0},{"not_picked":["Anger","Armaments"],"picked":"Pommel Strike","floor":2.0},{"not_picked":["Carnage","Cleave"],"picked":"Sword Boomerang","floor":3.0},{"not_picked":["Perfected Strike","Entrench","Corruption"],"picked":"SKIP","floor":8.0},{"not_picked":["Feel No Pain","Infernal Blade","Heavy Blade"],"picked":"Headbutt","floor":10.0},{"not_picked":["Infernal Blade","Body Slam","Iron Wave"],"picked":"Clothesline","floor":11.0},{"not_picked":["Warcry","Body Slam","Pommel Strike"],"picked":"Armaments","floor":12.0},{"not_picked":["Clash","Clothesline","Sentinel","Warcry"],"picked":"SKIP","floor":13.0},{"not_picked":["Bludgeon","Feed","Juggernaut"],"picked":"Reaper","floor":16.0},{"not_picked":["Thunderclap"],"picked":"Whirlwind+1","floor":18},{"not_picked":["Infernal Blade"],"picked":"Shrug It Off+1","floor":19},{"not_picked":["Clothesline","Havoc"],"picked":"SKIP","floor":21},{"not_picked":["Havoc+1","True Grit"],"picked":"SKIP","floor":23},{"not_picked":["Anger","Clash"],"picked":"SKIP","floor":24},{"not_picked":["Thunderclap","Entrench"],"picked":"SKIP","floor":27},{"not_picked":["Headbutt","Carnage+1"],"picked":"SKIP","floor":29},{"not_picked":["Pommel Strike","Cleave"],"picked":"SKIP","floor":30},{"not_picked":["Feed"],"picked":"Double Tap","floor":33},{"not_picked":["Rage","Anger"],"picked":"SKIP","floor":35},{"not_picked":["Thunderclap","Headbutt"],"picked":"SKIP","floor":36},{"not_picked":["Perfected Strike","Entrench"],"picked":"SKIP","floor":37},{"not_picked":["Iron Wave"],"picked":"Shrug It Off","floor":41},{"not_picked":["Havoc","Armaments"],"picked":"SKIP","floor":45},{"not_picked":["Twin Strike","Perfected Strike"],"picked":"SKIP","floor":46},{"not_picked":["Wild Strike","Havoc"],"picked":"SKIP","floor":47},{"not_picked":["Fire Breathing"],"picked":"Shockwave+1","floor":48}],"player_experience":786203,"relics_obtained":[{"floor":8.0,"key":"Question Card"},{"floor":9.0,"key":"Smiling Mask"},{"floor":11.0,"key":"Pocketwatch"},{"floor":22,"key":"Orichalcum"},{"floor":23,"key":"PreservedInsect"},{"floor":26,"key":"Kunai"},{"floor":30,"key":"MawBank"},{"floor":43,"key":"Dream Catcher"},{"floor":47,"key":"Blood Vial"}],"event_choices":[{"cards_removed":["Strike_R"],"damage_healed":0.0,"max_hp_gain":0.0,"max_hp_loss":0.0,"gold_gain":0.0,"event_name":"The Cleric","player_choice":"Card Removal","floor":5.0,"gold_loss":75.0,"damage_taken":0.0},{"damage_healed":0.0,"max_hp_gain":0.0,"max_hp_loss":0.0,"gold_gain":50.0,"event_name":"FaceTrader","player_choice":"Touch","floor":14.0,"gold_loss":0.0,"damage_taken":7.0},{"damage_healed":0,"gold_gain":0,"player_choice":"Read","damage_taken":0,"max_hp_gain":0,"max_hp_loss":0,"event_name":"The Library","floor":20,"gold_loss":0,"cards_obtained":["True Grit"]},{"damage_healed":0,"gold_gain":0,"cards_transformed":["Strike_R"],"player_choice":"Transformed","damage_taken":0,"max_hp_gain":0,"max_hp_loss":0,"event_name":"Transmorgrifier","floor":31,"gold_loss":0,"cards_obtained":["Clash"]},{"damage_healed":0,"gold_gain":275,"player_choice":"Desecrate","damage_taken":0,"max_hp_gain":0,"max_hp_loss":0,"event_name":"Golden Shrine","floor":39,"gold_loss":0,"cards_obtained":["Regret"]}],"is_beta":false,"boss_relics":[{"not_picked":["Black Blood","Astrolabe"],"picked":"Busted Crown"},{"not_picked":["Lizard Tail","Mark of Pain"],"picked":"Runic Cube"}],"items_purged_floors":[4,28,38,44],"is_endless":false,"potions_floor_spawned":[2,3,8,11,18,21,23,29,37,46,48],"ascension_level":15}