{"path_per_floor":["M","?","?","M","?","E","R","M","T","?","M","M","E","M","R","B",null,"M","?","$","M","M","E","M","R","T","R","?","E","R","$","R"],"character_chosen":"IRONCLAD","items_purchased":["Metallicize","Vajra","Bottled Flame"],"gold_per_floor":[16,16,16,33,33,59,59,72,72,72,87,100,126,140,140,243,243,263,263,47,57,73,106,119,119,196,196,227,259,259,0,0,0],"floor_reached":33,"campfire_rested":2,"playtime":1787,"item_purchase_floors":[20,20,31],"current_hp_per_floor":[80,80,73,74,74,75,75,80,80,80,80,73,52,58,58,54,80,80,56,56,49,48,52,46,46,46,46,49,8,24,24,40,0],"items_purged":[],"gold":0,"score":320,"play_id":"162aa97d-7b28-4a24-9a21-27a5a00953a4","local_time":"20180616175342","is_prod":false,"is_daily":false,"chose_seed":false,"is_ascension_mode":false,"campfire_upgraded":1,"win_rate":0,"timestamp":1529196822,"campfire_choices":[{"data":"Infernal Blade","floor":7,"key":"SMITH"},{"floor":15,"key":"DIG"},{"floor":25,"key":"DIG"},{"floor":27,"key":"DIG"},{"floor":30,"key":"REST"},{"floor":32,"key":"REST"}],"path_taken":["M","?","?","?","?","E","R","M","T","?","M","M","E","M","R","BOSS","M","?","$","M","M","E","M","R","T","R","?","E","R","$","R","BOSS"],"build_version":"2018-06-14v2","seed_source_timestamp":117662813485117,"purchased_purges":0,"victory":false,"master_deck":["Defend_R","Defend_R","Defend_R","Defend_R","Bash","Demon Form","Clothesline+1","Fire Breathing+1","Infernal Blade+1","Uppercut","Twin Strike","Iron Wave","Inflame","Sword Boomerang","Bludgeon","Twin Strike","Bite","Bite","Bite","Bite","Bite","Metallicize","Cleave+1","Metallicize","Searing Blow+1","Corruption+1","Havoc","Havoc+1"],"max_hp_per_floor":[80,80,80,80,80,80,80,80,80,80,80,80,80,80,80,80,80,80,56,56,56,56,56,56,56,56,56,56,56,56,56,56,56],"relics":["Burning Blood","Peace Pipe","Shovel","Thread and Needle","Dead Branch","Black Star","Vajra","Frozen Egg 2","Matryoshka","Bottled Tornado","Toolbox","Dodecahedron","Ancient Tea Set","Red Mask","Letter Opener","Meat on the Bone","Bottled Flame"],"card_choices":[{"not_picked":["Limit Break","Dark Embrace"],"picked":"Demon Form","floor":0},{"not_picked":["Anger","Shrug It Off"],"picked":"Clothesline","floor":1},{"not_picked":["Clash","Perfected Strike"],"picked":"Fire Breathing","floor":4},{"not_picked":["Clash","Shockwave"],"picked":"Infernal Blade","floor":6},{"not_picked":["Cleave","Carnage"],"picked":"Uppercut","floor":8},{"not_picked":["Armaments","Rupture"],"picked":"Twin Strike","floor":11},{"not_picked":["Pommel Strike","Dual Wield"],"picked":"Iron Wave","floor":12},{"not_picked":["Twin Strike","Corruption"],"picked":"Inflame","floor":13},{"not_picked":["Second Wind","Blood for Blood"],"picked":"Sword Boomerang","floor":14},{"not_picked":["Berserk","Demon Form"],"picked":"Bludgeon","floor":16},{"not_picked":["Flame Barrier","Bloodletting"],"picked":"Twin Strike","floor":18},{"not_picked":["Combust","Fire Breathing"],"picked":"Cleave+1","floor":21},{"not_picked":["Entrench","Pommel Strike"],"picked":"Metallicize","floor":22},{"not_picked":["Dropkick","Intimidate"],"picked":"Searing Blow+1","floor":23},{"not_picked":["Ghostly Armor","Sword Boomerang"],"picked":"Corruption+1","floor":24},{"not_picked":["Power Through","Twin Strike"],"picked":"Havoc","floor":28},{"not_picked":["Cleave","Headbutt"],"picked":"Havoc+1","floor":29}],"player_experience":162894,"potions_floor_usage":[6,16,16,18,22,23,24],"damage_taken":[{"damage":5,"enemies":"2 Louse","floor":1,"turns":3},{"damage":5,"enemies":"Small Slimes","floor":4,"turns":4},{"damage":16,"enemies":"Lagavulin","floor":6,"turns":6},{"damage":1,"enemies":"Jaw Worm","floor":8,"turns":3},{"damage":0,"enemies":"Large Slime","floor":11,"turns":4},{"damage":13,"enemies":"Red Slaver","floor":12,"turns":3},{"damage":27,"enemies":"Gremlin Nob","floor":13,"turns":4},{"damage":0,"enemies":"Exordium Thugs","floor":14,"turns":4},{"damage":10,"enemies":"The Guardian","floor":16,"turns":7},{"damage":11,"enemies":"2 Thieves","floor":18,"turns":4},{"damage":15,"enemies":"Spheric Guardian","floor":21,"turns":4},{"damage":7,"enemies":"Snecko","floor":22,"turns":4},{"damage":12,"enemies":"Book of Stabbing","floor":23,"turns":6},{"damage":14,"enemies":"Snake Plant","floor":24,"turns":4},{"damage":11,"floor":28,"turns":4},{"damage":49,"enemies":"Slavers","floor":29,"turns":5},{"damage":58,"enemies":"Automaton","floor":33,"turns":6}],"relics_obtained":[{"floor":6,"key":"Peace Pipe"},{"floor":9,"key":"Shovel"},{"floor":13,"key":"Thread and Needle"},{"floor":15,"key":"Dead Branch"},{"floor":23,"key":"Frozen Egg 2"},{"floor":23,"key":"Matryoshka"},{"floor":25,"key":"Bottled Tornado"},{"floor":26,"key":"Toolbox"},{"floor":26,"key":"Dodecahedron"},{"floor":27,"key":"Ancient Tea Set"},{"floor":28,"key":"Red Mask"},{"floor":29,"key":"Letter Opener"},{"floor":29,"key":"Meat on the Bone"}],"event_choices":[{"event_name":"Living Wall","player_choice":"Grow","floor":2,"damage_taken":0},{"event_name":"Golden Wing","player_choice":"Card Removal","floor":3,"damage_taken":0},{"event_name":"The Cleric","player_choice":"Leave","floor":5,"damage_taken":0},{"event_name":"Upgrade Shrine","player_choice":"Upgraded","floor":10,"damage_taken":0},{"event_name":"Vampires","player_choice":"Became a vampire","floor":19,"damage_taken":0},{"event_name":"Masked Bandits","player_choice":"Fought over 196 gold","floor":28,"damage_taken":0}],"boss_relics":[{"not_picked":["Empty Cage","Velvet Choker"],"picked":"Black Star"}],"items_purged_floors":[],"is_endless":true,"potions_floor_spawned":[4,13,14,16,18,22,23],"seed_played":"-34054614586361898","killed_by":"Automaton","ascension_level":0,"potions_obtained":[{"floor":4,"key":"Regen Potion"},{"floor":13,"key":"Energy Potion"},{"floor":14,"key":"Dexterity Potion"},{"floor":16,"key":"Energy Potion"},{"floor":18,"key":"PowerPotion"},{"floor":22,"key":"Block Potion"},{"floor":23,"key":"LiquidBronze"}],"is_trial":false}