{"gold_per_floor":[118,130,143,154,171,171,196,196,196,196,207,207,221,236,236,334,334,348,15,33,53,72,72,105,105,105,30,56,66,66,76,76,172,172,189,200,219,233,243,243,275,275,324,324,80,93,124,224,224,224],"floor_reached":50,"playtime":4399,"items_purged":["Defend_G"],"score":656,"play_id":"09f9a420-5de5-417d-a8cf-8a332739cf19","local_time":"20190322022652","is_ascension_mode":true,"campfire_choices":[{"data":"Wraith Form v2","floor":6,"key":"SMITH"},{"floor":8,"key":"REST"},{"data":"Blade Dance","floor":10,"key":"SMITH"},{"floor":15,"key":"REST"},{"data":"Accuracy","floor":23,"key":"SMITH"},{"floor":25,"key":"REST"},{"floor":30,"key":"RECALL"},{"floor":32,"key":"REST"},{"data":"Storm of Steel","floor":40,"key":"SMITH"},{"data":"Finisher","floor":44,"key":"SMITH"},{"floor":49,"key":"REST"}],"neow_cost":"NONE","seed_source_timestamp":0,"circlet_count":0,"master_deck":["Defend_G","Defend_G","Defend_G","Defend_G","Strike_G","Strike_G","Strike_G","Strike_G","Survivor","Neutralize","Wraith Form v2+1","Flying Knee","Backflip","Blade Dance+1","Accuracy+1","Footwork","Finisher+1","Prepared","Blade Dance","Bullet Time","Terror","Storm of Steel+1","Escape Plan+1","Adrenaline","Blade Dance","Calculated Gamble+1","Escape Plan"],"special_seed":0,"relics":["Ring of the Snake","Kunai","Ninja Scroll","Philosopher\u0027s Stone","Membership Card","Ornamental Fan","Thread and Needle","Pear","Blue Candle","WristBlade","Regal Pillow","Mummified Hand","Potion Belt","Paper Crane","Calipers"],"potions_floor_usage":[5,18,24,24,28,33,39,50,50,50],"damage_taken":[{"damage":2,"enemies":"Cultist","floor":1,"turns":6},{"damage":6,"enemies":"Jaw Worm","floor":2,"turns":6},{"damage":0,"enemies":"2 Louse","floor":3,"turns":2},{"damage":5,"enemies":"2 Fungi Beasts","floor":4,"turns":5},{"damage":8,"enemies":"Gremlin Gang","floor":5,"turns":7},{"damage":29,"enemies":"Lagavulin","floor":7,"turns":10},{"damage":3,"enemies":"Blue Slaver","floor":11,"turns":4},{"damage":0,"enemies":"Red Slaver","floor":13,"turns":2},{"damage":2,"enemies":"Large Slime","floor":14,"turns":7},{"damage":2,"enemies":"Slime Boss","floor":16,"turns":10},{"damage":7,"enemies":"Shell Parasite","floor":18,"turns":3},{"damage":0,"enemies":"3 Byrds","floor":20,"turns":5},{"damage":5,"enemies":"Shelled Parasite and Fungi","floor":21,"turns":5},{"damage":0,"enemies":"Centurion and Healer","floor":22,"turns":4},{"damage":27,"enemies":"Gremlin Leader","floor":24,"turns":6},{"damage":8,"enemies":"Slavers","floor":28,"turns":7},{"damage":0,"enemies":"Snecko","floor":29,"turns":3},{"damage":8,"enemies":"Snake Plant","floor":31,"turns":4},{"damage":78,"enemies":"Collector","floor":33,"turns":9},{"damage":3,"enemies":"3 Shapes","floor":35,"turns":2},{"damage":0,"enemies":"Orb Walker","floor":36,"turns":1},{"damage":0,"enemies":"Maw","floor":37,"turns":5},{"damage":5,"enemies":"Spire Growth","floor":38,"turns":5},{"damage":11,"enemies":"4 Shapes","floor":39,"turns":5},{"damage":0,"enemies":"Nemesis","floor":41,"turns":5},{"damage":3,"enemies":"Maw","floor":46,"turns":5},{"damage":0,"enemies":"Reptomancer","floor":47,"turns":4},{"damage":10,"enemies":"Mind Bloom Boss Battle","floor":48,"turns":4},{"damage":85,"enemies":"Time Eater","floor":50,"turns":13}],"seed_played":"6838925356359489647","potions_obtained":[{"floor":2,"key":"SpeedPotion"},{"floor":7,"key":"AttackPotion"},{"floor":16,"key":"Poison Potion"},{"floor":20,"key":"AttackPotion"},{"floor":22,"key":"FearPotion"},{"floor":28,"key":"Regen Potion"},{"floor":31,"key":"Fire Potion"},{"floor":38,"key":"PowerPotion"},{"floor":39,"key":"SneckoOil"},{"floor":46,"key":"PowerPotion"},{"floor":48,"key":"Explosive Potion"}],"is_trial":false,"path_per_floor":["?","?","?","?"],"character_chosen":"THE_SILENT","items_purchased":["Membership Card","Ornamental Fan","Mummified Hand","Potion Belt"],"campfire_rested":5,"item_purchase_floors":[19,19,45,45],"current_hp_per_floor":[68,62,62,57,49,49,20,41,41,41,38,38,38,36,57,55,70,63,63,63,58,58,58,31,52,62,62,54,54,54,46,70,7,80,77,77,77,72,61,61,61,61,61,61,61,58,58,48,80,0],"gold":224,"neow_bonus":"ONE_RANDOM_RARE_CARD","is_prod":false,"is_daily":false,"chose_seed":false,"campfire_upgraded":5,"win_rate":0,"timestamp":1553196412,"path_taken":["M","M","M","M","M","R","E","R","T","R","M","?","M","M","R","BOSS","M","$","M","M","M","R","E","R","T","?","E","M","R","M","R","BOSS","M","M","M","M","M","R","E","?","T","R","$","M","E","?","R","BOSS"],"build_version":"2019-01-23","purchased_purges":1,"victory":false,"max_hp_per_floor":[70,70,70,70,70,70,70,70,70,70,70,70,70,70,70,70,70,70,70,70,70,70,70,70,70,80,80,80,80,80,80,80,80,80,80,80,80,80,80,80,80,80,80,80,80,80,80,80,80,80],"card_choices":[{"not_picked":["Poisoned Stab","Acrobatics"],"picked":"Flying Knee","floor":1},{"not_picked":["Underhanded Strike","PiercingWail"],"picked":"Backflip","floor":2},{"not_picked":["Backflip","Poisoned Stab"],"picked":"Blade Dance","floor":3},{"not_picked":["Blur","Masterful Stab"],"picked":"Accuracy","floor":4},{"not_picked":["Backflip","Masterful Stab"],"picked":"Footwork","floor":5},{"not_picked":["Escape Plan","Doppelganger"],"picked":"Finisher","floor":7},{"not_picked":["Dagger Spray","Flying Knee"],"picked":"Prepared","floor":11},{"not_picked":["Deadly Poison","Dagger Spray","Deflect"],"picked":"SKIP","floor":13},{"not_picked":["Dagger Throw","Poisoned Stab"],"picked":"Blade Dance","floor":14},{"not_picked":["Glass Knife","Grand Finale"],"picked":"Bullet Time","floor":16},{"not_picked":["Caltrops","Quick Slash"],"picked":"Terror","floor":18},{"not_picked":["Distraction","Dagger Spray+1","Concentrate+1"],"picked":"SKIP","floor":20},{"not_picked":["Flechettes","Dodge and Roll","Well Laid Plans"],"picked":"SKIP","floor":21},{"not_picked":["Slice","Deflect+1","Backflip"],"picked":"SKIP","floor":22},{"not_picked":["Prepared","Reflex+1"],"picked":"Storm of Steel","floor":24},{"not_picked":["Concentrate","Flying Knee"],"picked":"Escape Plan+1","floor":28},{"not_picked":["PiercingWail+1","Well Laid Plans","Dagger Spray"],"picked":"SKIP","floor":29},{"not_picked":["Dagger Throw","Noxious Fumes","Masterful Stab"],"picked":"SKIP","floor":31},{"not_picked":["Glass Knife","Tools of the Trade"],"picked":"Adrenaline","floor":33},{"not_picked":["Slice+1","Acrobatics","Dagger Throw+1"],"picked":"SKIP","floor":35},{"not_picked":["Prepared","Crippling Poison+1"],"picked":"Blade Dance","floor":36},{"not_picked":["Bane","Cloak And Dagger+1","Concentrate"],"picked":"SKIP","floor":37},{"not_picked":["Outmaneuver+1","Cloak And Dagger"],"picked":"Calculated Gamble+1","floor":38},{"not_picked":["Dagger Throw","Slice+1","Sucker Punch+1"],"picked":"SKIP","floor":39},{"not_picked":["Acrobatics","Bouncing Flask+1","Predator"],"picked":"SKIP","floor":41},{"not_picked":["Dagger Spray","Catalyst","Calculated Gamble+1"],"picked":"SKIP","floor":46},{"not_picked":["Poisoned Stab+1","Prepared"],"picked":"Escape Plan","floor":47}],"player_experience":92726,"relics_obtained":[{"floor":7,"key":"Kunai"},{"floor":9,"key":"Ninja Scroll"},{"floor":24,"key":"Thread and Needle"},{"floor":26,"key":"Pear"},{"floor":28,"key":"Blue Candle"},{"floor":41,"key":"Regal Pillow"},{"floor":47,"key":"Paper Crane"},{"floor":48,"key":"Calipers"}],"event_choices":[{"damage_healed":0,"gold_gain":0,"player_choice":"Ignored","damage_taken":0,"max_hp_gain":0,"max_hp_loss":0,"event_name":"Golden Idol","floor":12,"gold_loss":0},{"cards_removed":["Strike_G"],"damage_healed":0,"gold_gain":0,"player_choice":"Gave Gold","damage_taken":0,"max_hp_gain":0,"max_hp_loss":0,"event_name":"Beggar","floor":27,"gold_loss":75},{"damage_healed":0,"gold_gain":0,"player_choice":"Ignored","damage_taken":0,"max_hp_gain":0,"max_hp_loss":0,"event_name":"Tomb of Lord Red Mask","floor":42,"gold_loss":0},{"damage_healed":0,"gold_gain":0,"player_choice":"Fight","damage_taken":0,"max_hp_gain":0,"max_hp_loss":0,"event_name":"MindBloom","floor":48,"gold_loss":0}],"is_beta":false,"boss_relics":[{"not_picked":["Tiny House","Busted Crown"],"picked":"Philosopher\u0027s Stone"},{"not_picked":["Coffee Dripper","HoveringKite"],"picked":"WristBlade"}],"items_purged_floors":[45],"is_endless":false,"potions_floor_spawned":[2,7,16,20,22,28,31,38,39,46,48],"killed_by":"Time Eater","ascension_level":1}