{"gold_per_floor":[366,383,400,417,417,427,427,461,515,690,690,710,756,298,298,403,403,416,451,462,462,477,477,491,236,236,254,20,20,40,40,40,40],"floor_reached":33,"playtime":1554,"items_purged":["Doubt","Normality"],"score":324,"play_id":"1f61be68-f46f-4b88-ab38-2047df9560e6","local_time":"20180717091159","is_ascension_mode":false,"campfire_choices":[{"data":"Bouncing Flask","floor":7,"key":"SMITH"},{"data":"After Image","floor":15,"key":"SMITH"},{"floor":23,"key":"REST"},{"data":"Catalyst","floor":29,"key":"SMITH"},{"floor":32,"key":"REST"}],"neow_cost":"TEN_PERCENT_HP_LOSS","seed_source_timestamp":61700044078878,"circlet_count":0,"master_deck":["Defend_G","Defend_G","Defend_G","Strike_G","Strike_G+1","Strike_G","Survivor","Neutralize","Poisoned Stab","Poisoned Stab+1","Bouncing Flask+1","After Image+1","Bane","Noxious Fumes+1","Phantasmal Killer+1","Choke+1","Poisoned Stab+1","Bouncing Flask+1","Deadly Poison","Catalyst+1","Catalyst","Die Die Die"],"relics":["Ring of the Snake","Dodecahedron","Juzu Bracelet","Shuriken","Happy Flower","TwistedFunnel","Whetstone","Astrolabe","Red Mask","Question Card","Bag of Preparation","Gremlin Horn","Anchor"],"potions_floor_usage":[8,16,16,33,33,33],"damage_taken":[{"damage":1,"enemies":"Cultist","floor":1,"turns":4},{"damage":0,"enemies":"Small Slimes","floor":2,"turns":4},{"damage":0,"enemies":"2 Louse","floor":3,"turns":4},{"damage":13,"enemies":"2 Fungi Beasts","floor":4,"turns":4},{"damage":5,"enemies":"Exordium Wildlife","floor":6,"turns":4},{"damage":6,"enemies":"Lagavulin","floor":8,"turns":5},{"damage":0,"enemies":"Blue Slaver","floor":12,"turns":4},{"damage":0,"enemies":"Slime Boss","floor":16,"turns":8},{"damage":0,"enemies":"3 Byrds","floor":18,"turns":3},{"damage":22,"floor":19,"turns":4},{"damage":0,"enemies":"Spheric Guardian","floor":20,"turns":3},{"damage":14,"enemies":"Cultist and Chosen","floor":22,"turns":6},{"damage":3,"enemies":"Centurion and Healer","floor":24,"turns":5},{"damage":0,"enemies":"Snecko","floor":27,"turns":3},{"damage":0,"enemies":"Snake Plant","floor":30,"turns":2},{"damage":71,"enemies":"Collector","floor":33,"turns":6}],"seed_played":"8508971315675201950","potions_obtained":[{"floor":2,"key":"Weak Potion"},{"floor":3,"key":"SpeedPotion"},{"floor":4,"key":"Explosive Potion"},{"floor":16,"key":"SpeedPotion"},{"floor":19,"key":"Swift Potion"},{"floor":20,"key":"LiquidBronze"},{"floor":24,"key":"LiquidBronze"},{"floor":30,"key":"LiquidBronze"}],"is_trial":false,"path_per_floor":["M","M","M","M","?","M","R","E","T","?","T","M","T","$","R","B",null,"M","?","M","?","M","R","M","$","T","M","$","R","M","?","R"],"character_chosen":"THE_SILENT","items_purchased":["TwistedFunnel","Whetstone","Bane","Bag of Preparation","Anchor","Die Die Die"],"campfire_rested":2,"item_purchase_floors":[14,14,14,25,28,28],"current_hp_per_floor":[62,62,62,49,49,44,44,38,38,38,38,38,38,38,38,38,63,63,41,41,41,27,45,42,42,42,42,42,42,42,31,51,0],"gold":40,"neow_bonus":"TWO_FIFTY_GOLD","is_prod":false,"is_daily":false,"chose_seed":false,"campfire_upgraded":3,"win_rate":0,"timestamp":1531811519,"path_taken":["M","M","M","M","?","M","R","E","T","?","?","M","?","$","R","BOSS","M","?","M","?","M","R","M","$","T","M","$","R","M","?","R","BOSS"],"build_version":"2018-07-12","purchased_purges":2,"victory":false,"max_hp_per_floor":[63,63,63,63,63,63,63,63,63,63,63,63,63,63,63,63,63,63,63,63,63,63,63,63,63,63,63,63,63,63,68,68,68],"card_choices":[{"not_picked":["Calculated Gamble","Well Laid Plans"],"picked":"Poisoned Stab","floor":1},{"not_picked":["Terror","Deflect","Malaise"],"picked":"SKIP","floor":2},{"not_picked":["Riddle With Holes","Quick Slash","Terror"],"picked":"SKIP","floor":3},{"not_picked":["Acrobatics","Prepared"],"picked":"Poisoned Stab","floor":4},{"not_picked":["Slice","Sucker Punch","PiercingWail"],"picked":"SKIP","floor":6},{"not_picked":["Escape Plan","Quick Slash"],"picked":"After Image","floor":8},{"not_picked":["Cloak And Dagger","Terror","Backflip"],"picked":"SKIP","floor":12},{"not_picked":["Dagger Spray+1","All Out Attack+1"],"picked":"Poisoned Stab+1","floor":18},{"not_picked":["Prepared","Dagger Throw"],"picked":"Bouncing Flask+1","floor":19},{"not_picked":["Poisoned Stab","Bane"],"picked":"Deadly Poison","floor":20},{"not_picked":["Underhanded Strike","Dagger Spray+1","Dodge and Roll"],"picked":"Catalyst","floor":22},{"not_picked":["Caltrops","Accuracy+1","Sucker Punch"],"picked":"Catalyst","floor":24},{"not_picked":["Unload","Sucker Punch","PiercingWail","Flying Knee"],"picked":"SKIP","floor":27},{"not_picked":["Terror","Prepared","Dagger Spray","Deflect"],"picked":"SKIP","floor":30}],"player_experience":108406,"relics_obtained":[{"floor":8,"key":"Dodecahedron"},{"floor":9,"key":"Juzu Bracelet"},{"floor":11,"key":"Shuriken"},{"floor":13,"key":"Happy Flower"},{"floor":19,"key":"Red Mask"},{"floor":26,"key":"Gremlin Horn"}],"event_choices":[{"event_name":"Living Wall","player_choice":"Change","floor":5,"damage_taken":0},{"event_name":"Liars Game","player_choice":"agreed","floor":10,"damage_taken":0},{"event_name":"Masked Bandits","player_choice":"Fought over 416 gold","floor":19,"damage_taken":0},{"event_name":"Accursed Blacksmith","player_choice":"Rummage","floor":21,"damage_taken":0},{"event_name":"Forgotten Altar","player_choice":"Shed Blood","floor":31,"damage_taken":0}],"boss_relics":[{"not_picked":["Ring of the Serpent","Velvet Choker"],"picked":"Astrolabe"}],"items_purged_floors":[14,25],"is_endless":false,"potions_floor_spawned":[2,3,4,16,19,20,24,30],"killed_by":"Collector","ascension_level":0}