{"gold_per_floor":[112,129,129,304,25,25,55,82,112,125,138,151,165,182,182,282,282,299,299,317,329,138,138,163,181,181,228,6,19,39,57,57,159,159,169,19,19,37,137,137,164,187,222,266,103,119,119,136,136,136],"floor_reached":51,"playtime":10360,"items_purged":["Doubt","Regret","Decay","Writhe","Injury"],"score":1040,"play_id":"bd31d220-40dc-43b4-9349-560556b32e58","local_time":"20180827200241","is_ascension_mode":true,"campfire_choices":[{"data":"Apotheosis","floor":6.0,"key":"SMITH"},{"data":"Corruption","floor":15.0,"key":"SMITH"},{"data":"True Grit","floor":23.0,"key":"SMITH"},{"data":"Armaments","floor":32,"key":"SMITH"},{"floor":40,"key":"DIG"},{"data":"Parasite","floor":47,"key":"PURGE"},{"data":"Parasite","floor":49,"key":"PURGE"}],"neow_cost":"CURSE","seed_source_timestamp":0,"circlet_count":0,"master_deck":["Strike_R","Strike_R","Strike_R","Strike_R","Strike_R","Defend_R","Defend_R","Defend_R","Defend_R","Bash","True Grit+1","Armaments+1","Apotheosis+1","Seeing Red+1","Corruption+1","Shrug It Off+1","Flex+1","Feed","Seeing Red+1","Feed","Bandage Up+1","Seeing Red+1","Clumsy","Forethought+1","Feed","Flex+1","Flex+1","Flame Barrier+1","Whirlwind+1","Limit Break+1","Clumsy","Dark Shackles+1","Thinking Ahead+1","Enlightenment+1","Ghostly Armor+1","Disarm+1","Reaper"],"special_seed":0,"relics":["Burning Blood","Dead Branch","Oddly Smooth Stone","Toxic Egg 2","Odd Mushroom","Tiny Chest","Cursed Key","Bottled Flame","Prayer Wheel","Meat on the Bone","Blood Vial","Calling Bell","Anchor","Mummified Hand","Shovel","Unceasing Top","MawBank","Red Skull","Peace Pipe"],"potions_floor_usage":[25,29,38,50,50],"damage_taken":[{"damage":3.0,"enemies":"Small Slimes","floor":1.0,"turns":4.0},{"damage":6.0,"enemies":"2 Louse","floor":2.0,"turns":3.0},{"damage":24.0,"enemies":"Gremlin Nob","floor":7.0,"turns":4.0},{"damage":17.0,"enemies":"The Mushroom Lair","floor":8.0,"turns":5.0},{"damage":0.0,"enemies":"Cultist","floor":10.0,"turns":4.0},{"damage":0.0,"enemies":"Large Slime","floor":11.0,"turns":5.0},{"damage":1.0,"enemies":"Blue Slaver","floor":12.0,"turns":3.0},{"damage":7.0,"enemies":"Lots of Slimes","floor":13.0,"turns":3.0},{"damage":3.0,"enemies":"Looter","floor":14.0,"turns":3.0},{"damage":6.0,"enemies":"Hexaghost","floor":16.0,"turns":7.0},{"damage":10.0,"enemies":"Shell Parasite","floor":18.0,"turns":3.0},{"damage":15.0,"enemies":"Chosen","floor":20.0,"turns":3.0},{"damage":6.0,"enemies":"Snake Plant","floor":21.0,"turns":4.0},{"damage":0.0,"enemies":"Gremlin Leader","floor":24.0,"turns":3.0},{"damage":11,"enemies":"Centurion and Healer","floor":25,"turns":4},{"damage":22,"enemies":"Cultist and Chosen","floor":29,"turns":6},{"damage":30,"enemies":"Snake Plant","floor":30,"turns":4},{"damage":9,"enemies":"Chosen and Byrds","floor":31,"turns":3},{"damage":43,"enemies":"Champ","floor":33,"turns":5},{"damage":45,"enemies":"3 Darklings","floor":35,"turns":3},{"damage":30,"enemies":"Orb Walker","floor":38,"turns":6},{"damage":15,"enemies":"2 Orb Walkers","floor":41,"turns":2},{"damage":12,"enemies":"Maw","floor":42,"turns":4},{"damage":18,"enemies":"Nemesis","floor":44,"turns":3},{"damage":19,"enemies":"Spire Growth","floor":46,"turns":4},{"damage":7,"enemies":"3 Darklings","floor":48,"turns":5},{"damage":92,"enemies":"Time Eater","floor":50,"turns":9}],"seed_played":"-4690208875981585103","potions_obtained":[{"floor":1.0,"key":"Dexterity Potion"},{"floor":2.0,"key":"GamblersBrew"},{"floor":7.0,"key":"SpeedPotion"},{"floor":10.0,"key":"Poison Potion"},{"floor":13.0,"key":"Weak Potion"},{"floor":16.0,"key":"EssenceOfSteel"},{"floor":20.0,"key":"Weak Potion"},{"floor":25,"key":"Weak Potion"},{"floor":30,"key":"Weak Potion"},{"floor":33,"key":"Poison Potion"},{"floor":42,"key":"Ancient Potion"},{"floor":46,"key":"EssenceOfSteel"}],"is_trial":false,"path_per_floor":["M","M","?","?","$","R","E","?","T","M","M","M","M","M","R","B",null,"M","T","M","M","$","R","E","M","T","T","$","M","M","M","R","B",null,"M","$","?","M","?","R","E","M","T","E","$","M","R","M","R","B"],"character_chosen":"IRONCLAD","items_purchased":["Apotheosis","Bandage Up+1","Forethought+1"],"campfire_rested":0,"item_purchase_floors":[5,22,28],"current_hp_per_floor":[80,80,73,73,73,73,55,44,44,50,56,61,82,89,89,89,94,94,94,85,85,85,85,98,106,106,106,106,96,80,108,108,79,110,71,71,61,57,57,57,71,67,67,67,67,102,102,109,109,37],"gold":136,"neow_bonus":"ONE_RARE_RELIC","is_prod":false,"is_daily":false,"chose_seed":false,"campfire_upgraded":4,"win_rate":0,"timestamp":1535425361,"path_taken":["M","M","?","?","$","R","E","?","T","M","M","M","M","M","R","BOSS","M","?","?","?","$","R","E","M","T","?","$","M","?","M","R","BOSS","M","$","?","M","?","R","E","?","T","E","$","M","R","M","R","BOSS"],"build_version":"2018-08-23v2","purchased_purges":5,"victory":true,"max_hp_per_floor":[80,80,80,80,80,80,80,80,80,80,80,80,90,94,94,94,94,98,98,98,98,98,98,98,106,106,106,106,106,106,110,110,110,110,110,110,110,110,110,110,113,113,113,117,117,117,114,114,111,111],"card_choices":[{"not_picked":["Anger","Thunderclap"],"picked":"True Grit","floor":1.0},{"not_picked":["Pummel","Anger"],"picked":"Armaments","floor":2.0},{"not_picked":["Wild Strike","Headbutt"],"picked":"Seeing Red","floor":7.0},{"not_picked":["Second Wind+1","Clash"],"picked":"Corruption","floor":8.0},{"not_picked":["Headbutt","Clash"],"picked":"Shrug It Off+1","floor":10.0},{"not_picked":["Twin Strike","Clothesline"],"picked":"Flex+1","floor":11.0},{"not_picked":["Headbutt","Flex+1"],"picked":"Feed","floor":12.0},{"not_picked":["Battle Trance+1","Warcry+1","Perfected Strike"],"picked":"SKIP","floor":13.0},{"not_picked":["Fire Breathing","Headbutt"],"picked":"Seeing Red+1","floor":14.0},{"not_picked":["Immolate","Bludgeon"],"picked":"Feed","floor":16.0},{"not_picked":["Hemokinesis+1","Iron Wave","Armaments+1"],"picked":"SKIP","floor":18.0},{"not_picked":["Hemokinesis","Blood for Blood","Evolve"],"picked":"SKIP","floor":20.0},{"not_picked":["Clash","Anger","True Grit+1"],"picked":"SKIP","floor":21.0},{"not_picked":["Thunderclap","Shrug It Off+1","Sword Boomerang+1"],"picked":"SKIP","floor":24},{"not_picked":["Thunderclap","Shrug It Off+1","Sword Boomerang+1"],"picked":"SKIP","floor":24},{"not_picked":["Sever Soul","Dropkick"],"picked":"Seeing Red+1","floor":25},{"not_picked":["Bloodletting+1","Clothesline","Pommel Strike"],"picked":"SKIP","floor":25},{"not_picked":["Armaments+1","Iron Wave"],"picked":"Feed","floor":29},{"not_picked":["Rage+1","Havoc+1"],"picked":"Flex+1","floor":29},{"not_picked":["Infernal Blade+1","Havoc+1"],"picked":"Flex+1","floor":30},{"not_picked":["Wild Strike","Blood for Blood"],"picked":"Flame Barrier+1","floor":30},{"not_picked":["Rupture","Shrug It Off+1"],"picked":"Whirlwind+1","floor":31},{"not_picked":["Sever Soul","Juggernaut","Warcry+1"],"picked":"SKIP","floor":31},{"not_picked":["Brutality","Juggernaut"],"picked":"Limit Break+1","floor":33},{"not_picked":["Havoc+1","Combust+1","Thunderclap+1"],"picked":"SKIP","floor":35},{"not_picked":["Sword Boomerang+1","Headbutt+1","Reaper"],"picked":"SKIP","floor":35},{"not_picked":["Impatience+1","Deep Breath+1"],"picked":"Dark Shackles+1","floor":37},{"not_picked":["Good Instincts+1","Dark Shackles+1"],"picked":"Thinking Ahead+1","floor":37},{"not_picked":["Good Instincts+1","Swift Strike"],"picked":"Enlightenment+1","floor":37},{"not_picked":["Cleave+1","Rage+1"],"picked":"Ghostly Armor+1","floor":38},{"not_picked":["True Grit+1","Burning Pact+1","Pommel Strike"],"picked":"SKIP","floor":38},{"not_picked":["True Grit+1","Clothesline","Berserk"],"picked":"SKIP","floor":41},{"not_picked":["Headbutt","Infernal Blade+1","Hemokinesis"],"picked":"SKIP","floor":42},{"not_picked":["Rage+1","Armaments+1","Thunderclap+1"],"picked":"SKIP","floor":42},{"not_picked":["Blood for Blood+1","Metallicize+1"],"picked":"Disarm+1","floor":44},{"not_picked":["Feel No Pain+1","True Grit+1","Sword Boomerang+1"],"picked":"SKIP","floor":46},{"not_picked":["True Grit+1","Thunderclap+1","Armaments+1"],"picked":"SKIP","floor":46},{"not_picked":["Inflame","Clothesline"],"picked":"Reaper","floor":48},{"not_picked":["Inflame+1","Wild Strike+1","Metallicize+1"],"picked":"SKIP","floor":48}],"player_experience":737382,"relics_obtained":[{"floor":7.0,"key":"Toxic Egg 2"},{"floor":8.0,"key":"Odd Mushroom"},{"floor":9.0,"key":"Tiny Chest"},{"floor":19.0,"key":"Bottled Flame"},{"floor":24,"key":"Prayer Wheel"},{"floor":26,"key":"Meat on the Bone"},{"floor":27,"key":"Blood Vial"},{"floor":34,"key":"Anchor"},{"floor":34,"key":"Mummified Hand"},{"floor":34,"key":"Shovel"},{"floor":40,"key":"Unceasing Top"},{"floor":41,"key":"MawBank"},{"floor":43,"key":"Red Skull"},{"floor":44,"key":"Peace Pipe"}],"event_choices":[{"event_name":"Scrap Ooze","player_choice":"success","floor":3.0,"damage_taken":7.0},{"event_name":"Liars Game","player_choice":"agreed","floor":4.0,"damage_taken":0.0},{"event_name":"Mushrooms","player_choice":"Fought Mushrooms","floor":8.0,"damage_taken":0.0},{"event_name":"SensoryStone","player_choice":"Memory 3","floor":37,"damage_taken":0},{"event_name":"Golden Shrine","player_choice":"Pray","floor":39,"damage_taken":0}],"is_beta":false,"boss_relics":[{"not_picked":["Orrery","Ectoplasm"],"picked":"Cursed Key"},{"not_picked":["Astrolabe","Pandora\u0027s Box"],"picked":"Calling Bell"}],"items_purged_floors":[5,22,28,36,45],"is_endless":false,"potions_floor_spawned":[1,2,7,10,13,16,20,25,30,33,42,46,48],"ascension_level":4}