{"gold_per_floor":[112,127,142,142,166,166,190,228,282,301,271,271],"floor_reached":12,"playtime":771,"items_purged":[],"score":115,"play_id":"ce00e11d-6c30-48e6-b858-e54d2feb9901","local_time":"20180914143204","is_ascension_mode":true,"campfire_choices":[{"data":"Bloodletting","floor":6,"key":"SMITH"}],"neow_cost":"NONE","seed_source_timestamp":847674379803061,"circlet_count":0,"master_deck":["Strike_R","Strike_R","Strike_R","Strike_R","Strike_R","Defend_R","Defend_R","Defend_R","Defend_R","Bash+1","Bloodletting+1","Shrug It Off","Rampage","Sword Boomerang"],"relics":["Burning Blood","Golden Idol","Mercury Hourglass","Tiny Chest"],"potions_floor_usage":[2,8,12],"damage_taken":[{"damage":1,"enemies":"Cultist","floor":1,"turns":3},{"damage":6,"enemies":"2 Louse","floor":2,"turns":3},{"damage":10,"enemies":"Small Slimes","floor":3,"turns":5},{"damage":12,"enemies":"Blue Slaver","floor":5,"turns":5},{"damage":8,"enemies":"3 Louse","floor":7,"turns":7},{"damage":42,"enemies":"Lagavulin","floor":8,"turns":8},{"damage":6,"enemies":"Gremlin Gang","floor":10,"turns":5},{"damage":11,"enemies":"Exordium Wildlife","floor":12,"turns":1}],"seed_played":"-3355072179627011660","potions_obtained":[{"floor":1,"key":"GamblersBrew"},{"floor":5,"key":"Weak Potion"},{"floor":10,"key":"Dexterity Potion"}],"is_trial":false,"path_per_floor":["M","M","M","?","M","R","M","E","T","M","?"],"character_chosen":"IRONCLAD","items_purchased":[],"campfire_rested":0,"item_purchase_floors":[],"current_hp_per_floor":[77,77,73,53,47,47,45,9,9,9,9,0],"gold":271,"neow_bonus":"UPGRADE_CARD","is_prod":false,"is_daily":false,"chose_seed":false,"campfire_upgraded":1,"win_rate":0,"timestamp":1536928324,"path_taken":["M","M","M","?","M","R","M","E","T","M","?","M"],"build_version":"2018-09-06","purchased_purges":0,"victory":false,"max_hp_per_floor":[80,80,80,80,80,80,80,80,80,80,80,80],"card_choices":[{"not_picked":["Body Slam","Havoc"],"picked":"Bloodletting","floor":1},{"not_picked":["Dual Wield","Searing Blow","Havoc"],"picked":"SKIP","floor":2},{"not_picked":["Entrench","Headbutt","Whirlwind"],"picked":"SKIP","floor":3},{"not_picked":["Anger","Iron Wave"],"picked":"Shrug It Off","floor":5},{"not_picked":["Sword Boomerang","Heavy Blade","Barricade"],"picked":"SKIP","floor":7},{"not_picked":["Flame Barrier","Hemokinesis"],"picked":"Rampage","floor":8},{"not_picked":["Pummel","Carnage"],"picked":"Sword Boomerang","floor":10}],"player_experience":338646,"relics_obtained":[{"floor":8,"key":"Mercury Hourglass"},{"floor":9,"key":"Tiny Chest"}],"event_choices":[{"event_name":"Golden Idol","player_choice":"Take Damage","floor":4,"damage_taken":0},{"event_name":"World of Goop","player_choice":"Left","floor":11,"damage_taken":0}],"is_beta":false,"boss_relics":[],"items_purged_floors":[],"is_endless":false,"potions_floor_spawned":[1,5,10],"killed_by":"Exordium Wildlife","ascension_level":8}