{"gold_per_floor":[109,184,184,70,82,109,109,135,135,151,186,197,197,216,216,309,309,323,323,1,1,21,21],"floor_reached":23,"playtime":800,"items_purged":["Regret","Strike_B"],"score":345,"play_id":"66858df0-5e67-423e-b0c2-639cb9d18a45","local_time":"20181017071114","is_ascension_mode":true,"campfire_choices":[{"floor":7,"key":"REST"},{"floor":15,"key":"REST"}],"neow_cost":"NONE","seed_source_timestamp":400110557059293,"circlet_count":0,"master_deck":["Strike_B","Strike_B","Strike_B+1","Defend_B","Defend_B","Defend_B","Defend_B+1","Zap","Dualcast","AscendersBane","Clumsy","Gash","Rip and Tear","Hyperbeam","FTL","Rebound","Sunder","FTL","Go for the Eyes","Creative AI","Conserve Battery","White Noise"],"relics":["Calling Bell","Boot","Darkstone Periapt","FossilizedHelix","Mummified Hand","Centennial Puzzle","Omamori","Potion Belt","Golden Idol","Cursed Key","Bag of Preparation"],"potions_floor_usage":[8,8,11,14,23],"damage_taken":[{"damage":2,"enemies":"Small Slimes","floor":1,"turns":4},{"damage":0,"enemies":"2 Louse","floor":5,"turns":3},{"damage":22,"enemies":"3 Sentries","floor":6,"turns":5},{"damage":8,"enemies":"Gremlin Nob","floor":8,"turns":4},{"damage":0,"enemies":"Cultist","floor":10,"turns":3},{"damage":20,"enemies":"Lagavulin","floor":11,"turns":5},{"damage":0,"enemies":"3 Louse","floor":12,"turns":3},{"damage":0,"enemies":"Large Slime","floor":14,"turns":3},{"damage":35,"enemies":"Slime Boss","floor":16,"turns":9},{"damage":16,"enemies":"Spheric Guardian","floor":18,"turns":5},{"damage":0,"enemies":"Chosen","floor":22,"turns":3},{"damage":41,"enemies":"Gremlin Leader","floor":23,"turns":5}],"seed_played":"4321831485870774435","potions_obtained":[{"floor":1,"key":"Strength Potion"},{"floor":6,"key":"Ancient Potion"},{"floor":10,"key":"Swift Potion"},{"floor":11,"key":"Fruit Juice"},{"floor":14,"key":"LiquidBronze"},{"floor":18,"key":"AttackPotion"}],"is_trial":false,"path_per_floor":["M","?","?","$","M","E","R","E","T","M","E","M","?","M","R","B",null,"M","?","$","?","M"],"character_chosen":"DEFECT","items_purchased":["Rip and Tear","White Noise","Bag of Preparation"],"campfire_rested":2,"item_purchase_floors":[4,20,20],"current_hp_per_floor":[66,55,40,40,40,18,40,32,32,32,17,17,17,17,41,6,62,46,46,46,39,39,0],"gold":21,"neow_bonus":"BOSS_RELIC","is_prod":false,"is_daily":false,"chose_seed":false,"campfire_upgraded":0,"win_rate":0,"timestamp":1539753074,"path_taken":["M","?","?","$","?","E","R","E","T","M","E","M","?","M","R","BOSS","M","?","$","?","M","E"],"build_version":"2018-10-11","purchased_purges":2,"victory":false,"max_hp_per_floor":[75,75,75,75,75,75,75,75,75,75,80,80,80,80,80,80,80,80,77,77,77,77,77],"card_choices":[{"not_picked":["Coolheaded","Genetic Algorithm"],"picked":"Gash","floor":1},{"not_picked":["Ball Lightning","Chaos"],"picked":"Hyperbeam","floor":5},{"not_picked":["Ball Lightning","Barrage"],"picked":"FTL","floor":6},{"not_picked":["Consume","Go for the Eyes"],"picked":"Rebound","floor":8},{"not_picked":["Stack","Recycle","Streamline"],"picked":"SKIP","floor":10},{"not_picked":["Compile Driver","Electrodynamics"],"picked":"Sunder","floor":11},{"not_picked":["Blizzard","Hello World"],"picked":"FTL","floor":12},{"not_picked":["Streamline","Rebound"],"picked":"Go for the Eyes","floor":14},{"not_picked":["Thunder Strike","Seek"],"picked":"Creative AI","floor":16},{"not_picked":["Streamline","Consume"],"picked":"Conserve Battery","floor":18},{"not_picked":["Go for the Eyes","Rip and Tear","Aggregate"],"picked":"SKIP","floor":22}],"player_experience":572050,"relics_obtained":[{"floor":0,"key":"Boot"},{"floor":0,"key":"Darkstone Periapt"},{"floor":0,"key":"FossilizedHelix"},{"floor":6,"key":"Mummified Hand"},{"floor":8,"key":"Centennial Puzzle"},{"floor":9,"key":"Omamori"},{"floor":11,"key":"Potion Belt"}],"event_choices":[{"event_name":"World of Goop","player_choice":"Gather Gold","floor":2,"damage_taken":0},{"event_name":"Shining Light","player_choice":"Entered Light","floor":3,"damage_taken":0},{"event_name":"Golden Idol","player_choice":"Take Wound","floor":13,"damage_taken":0},{"event_name":"Back to Basics","player_choice":"Elegance","floor":19,"damage_taken":0},{"event_name":"Knowing Skull","player_choice":"","floor":21,"damage_taken":0}],"is_beta":false,"boss_relics":[{"not_picked":["Runic Dome","Astrolabe"],"picked":"Cursed Key"}],"items_purged_floors":[4,20],"is_endless":false,"potions_floor_spawned":[1,6,10,11,14,18],"killed_by":"Gremlin Leader","ascension_level":13}