{"gold_per_floor":[119,119,44,119,149,180,192,224,249,249,263,263,280,299,299,397,397,387,387,105,105,20,20,20],"floor_reached":24,"playtime":908,"items_purged":["Defend_R","Strike_R"],"score":284,"play_id":"39bdd434-570d-4cc2-af21-554365cc33ef","local_time":"20190405012847","is_ascension_mode":true,"campfire_choices":[{"data":"Second Wind","floor":10,"key":"SMITH"},{"data":"True Grit","floor":12,"key":"SMITH"},{"data":"Barricade","floor":15,"key":"SMITH"},{"data":"Juggernaut","floor":23,"key":"SMITH"}],"neow_cost":"NONE","seed_source_timestamp":84119271490704,"circlet_count":0,"master_deck":["Strike_R","Strike_R","Strike_R","Strike_R","Defend_R","Defend_R","Defend_R","Bash","Sever Soul","Feel No Pain","Second Wind+1","Intimidate","True Grit+1","Flame Barrier","Barricade+1","Juggernaut+1","Body Slam","Shockwave","Juggernaut","Shrug It Off"],"relics":["Burning Blood","NeowsBlessing","Tiny Chest","Ancient Tea Set","Lantern","Bag of Marbles","Philosopher\u0027s Stone","Kunai","Blood Vial"],"potions_floor_usage":[13,16,16],"damage_taken":[{"damage":0,"enemies":"Jaw Worm","floor":1,"turns":1},{"damage":0,"enemies":"Gremlin Nob","floor":6,"turns":1},{"damage":0,"enemies":"Small Slimes","floor":7,"turns":1},{"damage":44,"enemies":"Lagavulin","floor":8,"turns":6},{"damage":0,"enemies":"2 Louse","floor":11,"turns":2},{"damage":7,"enemies":"Exordium Wildlife","floor":13,"turns":4},{"damage":8,"enemies":"Looter","floor":14,"turns":4},{"damage":22,"enemies":"The Guardian","floor":16,"turns":20},{"damage":18,"enemies":"2 Thieves","floor":18,"turns":4},{"damage":70,"enemies":"Gremlin Leader","floor":24,"turns":6}],"seed_played":"-3464210663318358085","potions_obtained":[{"floor":1,"key":"EssenceOfSteel"},{"floor":8,"key":"Regen Potion"},{"floor":11,"key":"Block Potion"},{"floor":16,"key":"Dexterity Potion"}],"is_trial":false,"path_per_floor":["?","?","?","?","T","?"],"character_chosen":"IRONCLAD","items_purchased":["Juggernaut","Shrug It Off"],"campfire_rested":0,"item_purchase_floors":[20,20],"current_hp_per_floor":[80,85,85,74,67,73,79,41,41,41,47,47,46,44,44,43,75,63,63,63,63,63,63,0],"gold":20,"neow_bonus":"THREE_ENEMY_KILL","is_prod":false,"is_daily":false,"chose_seed":false,"campfire_upgraded":4,"win_rate":0,"timestamp":1554402527,"path_taken":["M","?","$","?","?","E","M","E","T","R","M","R","M","M","R","BOSS","M","?","$","?","?","R","E"],"build_version":"2019-01-23","purchased_purges":2,"victory":false,"max_hp_per_floor":[80,85,85,85,85,85,85,85,85,85,85,85,85,85,85,85,85,85,85,85,85,85,85,85],"card_choices":[{"not_picked":["Bloodletting","Reckless Charge"],"picked":"Sever Soul","floor":1},{"not_picked":["Heavy Blade","Flex"],"picked":"Feel No Pain","floor":6},{"not_picked":["Armaments","Wild Strike"],"picked":"Second Wind","floor":7},{"not_picked":["Anger","Bloodletting"],"picked":"Intimidate","floor":8},{"not_picked":["Flex","Evolve"],"picked":"True Grit","floor":11},{"not_picked":["Warcry","Perfected Strike"],"picked":"Flame Barrier","floor":13},{"not_picked":["Twin Strike","Perfected Strike"],"picked":"Barricade","floor":14},{"not_picked":["Dark Embrace","Reaper"],"picked":"Juggernaut","floor":16},{"not_picked":["Flex","Metallicize"],"picked":"Body Slam","floor":18}],"player_experience":171199,"relics_obtained":[{"floor":6,"key":"Ancient Tea Set"},{"floor":8,"key":"Lantern"},{"floor":9,"key":"Bag of Marbles"},{"floor":21,"key":"Kunai"}],"event_choices":[{"damage_healed":0,"gold_gain":0,"player_choice":"Donut","damage_taken":0,"max_hp_gain":5,"max_hp_loss":0,"event_name":"Big Fish","floor":2,"gold_loss":0},{"damage_healed":0,"gold_gain":75,"player_choice":"Gather Gold","damage_taken":11,"max_hp_gain":0,"max_hp_loss":0,"event_name":"World of Goop","floor":4,"gold_loss":0},{"damage_healed":0,"gold_gain":0,"player_choice":"Success","damage_taken":7,"relics_obtained":["Tiny Chest"],"max_hp_gain":0,"max_hp_loss":0,"event_name":"Scrap Ooze","floor":5,"gold_loss":0},{"damage_healed":0,"gold_gain":0,"player_choice":"Read","damage_taken":0,"max_hp_gain":0,"max_hp_loss":0,"event_name":"The Library","floor":19,"gold_loss":0,"cards_obtained":["Shockwave"]},{"damage_healed":0,"gold_gain":0,"player_choice":"Obtained Relic","damage_taken":0,"relics_obtained":["Blood Vial"],"max_hp_gain":0,"max_hp_loss":0,"event_name":"Addict","floor":22,"gold_loss":85}],"is_beta":false,"boss_relics":[{"not_picked":["Ectoplasm","Cursed Key"],"picked":"Philosopher\u0027s Stone"}],"items_purged_floors":[3,20],"is_endless":false,"potions_floor_spawned":[1,8,11,16],"killed_by":"Gremlin Leader","ascension_level":5}