{"gold_per_floor":[116,116,129,94,106,106,137,137,137,169,169,188,1,11,11,89,89,103,119,79,79,79,109,129,129,155,155,155,155,168,180,180,259,259,275,275,292,51,51],"floor_reached":39,"playtime":1902,"items_purged":["Strike_B"],"score":818,"play_id":"80e36fa7-fa2f-4e2c-b662-ea66e91490be","local_time":"20190108151019","is_ascension_mode":true,"campfire_choices":[{"data":"Zap","floor":6,"key":"SMITH"},{"data":"Defragment","floor":8,"key":"SMITH"},{"floor":15,"key":"REST"},{"data":"Ghostly","floor":27,"key":"SMITH"},{"floor":29,"key":"REST"},{"data":"Ghostly","floor":32,"key":"SMITH"}],"neow_cost":"TEN_PERCENT_HP_LOSS","seed_source_timestamp":14126465651627,"circlet_count":0,"master_deck":["AscendersBane","Defend_B","Defend_B","Zap+1","Ball Lightning","Conserve Battery","Glacier","Defragment+1","Self Repair","Echo Form","Reboot","Turbo","Sweeping Beam","Undo","Reboot","Loop","Ghostly","Ghostly+1","Ghostly+1","FTL+1","Turbo","Decay","Ball Lightning","Thunder Strike","Storm+1","Fission+1","Beam Cell+1","Seek","Coolheaded"],"relics":["Cracked Core","Ice Cream","Gremlin Horn","Singing Bowl","Happy Flower","Orrery","Bronze Scales","Pen Nib","Astrolabe"],"potions_floor_usage":[7,14,14,33,35,39],"damage_taken":[{"damage":1,"enemies":"Cultist","floor":1,"turns":3},{"damage":7,"enemies":"Jaw Worm","floor":3,"turns":3},{"damage":2,"enemies":"Small Slimes","floor":5,"turns":4},{"damage":48,"enemies":"Gremlin Nob","floor":7,"turns":5},{"damage":6,"enemies":"3 Sentries","floor":10,"turns":11},{"damage":1,"enemies":"Red Slaver","floor":12,"turns":4},{"damage":2,"enemies":"Lots of Slimes","floor":14,"turns":5},{"damage":10,"enemies":"The Guardian","floor":16,"turns":9},{"damage":7,"enemies":"Shell Parasite","floor":18,"turns":7},{"damage":12,"enemies":"Chosen","floor":19,"turns":7},{"damage":34,"enemies":"Gremlin Leader","floor":23,"turns":7},{"damage":8,"enemies":"Sentry and Sphere","floor":24,"turns":7},{"damage":0,"enemies":"Snecko","floor":30,"turns":9},{"damage":19,"enemies":"Centurion and Healer","floor":31,"turns":6},{"damage":12,"enemies":"Automaton","floor":33,"turns":14},{"damage":13,"enemies":"Orb Walker","floor":35,"turns":3},{"damage":16,"enemies":"3 Darklings","floor":37,"turns":6},{"damage":39,"enemies":"Transient","floor":39,"turns":1}],"seed_played":"-7396115011374804310","potions_obtained":[{"floor":3,"key":"Swift Potion"},{"floor":10,"key":"Poison Potion"},{"floor":14,"key":"GamblersBrew"},{"floor":18,"key":"FocusPotion"},{"floor":23,"key":"Block Potion"}],"is_trial":false,"path_per_floor":["M","?","M","?","M","R","E","R","T","E","?","M","$","M","R","B",null,"M","M","$","?","?","E","M","?","T","R","?","R","M","M","R","B",null,"M","?","M","$","M"],"character_chosen":"DEFECT","items_purchased":["Fruit Juice","Loop","Fruit Juice","Seek","Coolheaded"],"campfire_rested":2,"item_purchase_floors":[13,20,38,38,38],"current_hp_per_floor":[63,56,49,64,62,62,14,14,14,8,8,16,16,28,49,46,70,70,67,67,39,39,14,13,13,13,13,13,25,39,36,36,31,40,29,29,22,22,0],"gold":51,"neow_bonus":"ONE_RARE_RELIC","is_prod":false,"is_daily":false,"chose_seed":false,"campfire_upgraded":4,"win_rate":0,"timestamp":1546956619,"path_taken":["M","?","M","?","M","R","E","R","T","E","?","?","$","?","R","BOSS","M","M","$","?","?","E","?","?","T","R","?","R","M","M","R","BOSS","M","?","?","$","M"],"build_version":"2019-01-03v4","purchased_purges":1,"victory":false,"max_hp_per_floor":[64,64,64,64,64,64,64,64,64,64,64,66,66,73,73,73,77,77,79,79,39,39,41,41,41,41,41,41,41,41,43,43,43,43,45,45,47,47,52],"card_choices":[{"not_picked":["Go for the Eyes","Stack"],"picked":"Ball Lightning","floor":1},{"not_picked":["Ball Lightning","Auto Shields"],"picked":"Conserve Battery","floor":3},{"not_picked":["Ball Lightning","Barrage"],"picked":"Glacier","floor":5},{"not_picked":["Cold Snap","Beam Cell"],"picked":"Defragment","floor":7},{"not_picked":["FTL","Hologram"],"picked":"Self Repair","floor":10},{"not_picked":["Compile Driver","Go for the Eyes","Streamline"],"picked":"Singing Bowl","floor":12},{"not_picked":["Consume","Cold Snap","Glacier"],"picked":"Singing Bowl","floor":14},{"not_picked":["Creative AI","Echo Form"],"picked":"Reboot","floor":16},{"not_picked":["Barrage","Leap"],"picked":"Turbo","floor":17},{"not_picked":["Gash","Barrage"],"picked":"Sweeping Beam","floor":17},{"not_picked":["Hologram","Barrage"],"picked":"Undo","floor":17},{"not_picked":["Steam","Heatsinks","Cold Snap"],"picked":"Singing Bowl","floor":17},{"not_picked":["Hologram","Conserve Battery","Chaos"],"picked":"Singing Bowl","floor":17},{"not_picked":["Gash","Chaos"],"picked":"Reboot","floor":18},{"not_picked":["Streamline","Gash","Double Energy"],"picked":"Singing Bowl","floor":19},{"not_picked":["Turbo","Double Energy","Darkness"],"picked":"Singing Bowl","floor":23},{"not_picked":["Blizzard","Static Discharge"],"picked":"FTL+1","floor":24},{"not_picked":["Steam","Chill"],"picked":"Ball Lightning","floor":30},{"not_picked":["Sweeping Beam","Coolheaded","Cold Snap"],"picked":"Singing Bowl","floor":31},{"not_picked":["Reboot","Machine Learning"],"picked":"Thunder Strike","floor":33},{"not_picked":["Conserve Battery","Ball Lightning","Leap"],"picked":"Singing Bowl","floor":35},{"not_picked":["Steam","Chill","Redo"],"picked":"Singing Bowl","floor":37}],"player_experience":1138729,"relics_obtained":[{"floor":7,"key":"Gremlin Horn"},{"floor":9,"key":"Singing Bowl"},{"floor":10,"key":"Happy Flower"},{"floor":23,"key":"Bronze Scales"},{"floor":26,"key":"Pen Nib"}],"event_choices":[{"cards_removed":["Strike_B"],"damage_healed":0,"gold_gain":0,"player_choice":"Card Removal","damage_taken":7,"max_hp_gain":0,"max_hp_loss":0,"event_name":"Golden Wing","floor":2,"gold_loss":0},{"damage_healed":16,"gold_gain":0,"player_choice":"Healed","damage_taken":0,"max_hp_gain":0,"max_hp_loss":0,"event_name":"The Cleric","floor":4,"gold_loss":35},{"damage_healed":0,"gold_gain":0,"cards_transformed":["Strike_B"],"player_choice":"Transformed","damage_taken":0,"max_hp_gain":0,"max_hp_loss":0,"event_name":"Transmorgrifier","floor":11,"gold_loss":0,"cards_obtained":["Echo Form"]},{"damage_healed":0,"gold_gain":0,"player_choice":"Became a Ghost","damage_taken":0,"max_hp_gain":0,"max_hp_loss":40,"event_name":"Ghosts","floor":21,"gold_loss":0,"cards_obtained":["Ghostly","Ghostly","Ghostly"]},{"damage_healed":0,"gold_gain":0,"player_choice":"Ignored","damage_taken":0,"max_hp_gain":0,"max_hp_loss":0,"event_name":"N\u0027loth","floor":22,"gold_loss":0},{"damage_healed":0,"gold_gain":0,"cards_transformed":["Strike_B","Defend_B"],"player_choice":"Became Test Subject","damage_taken":0,"max_hp_gain":0,"max_hp_loss":0,"event_name":"Drug Dealer","floor":25,"gold_loss":0,"cards_obtained":["Auto Shields","Turbo"]},{"damage_healed":0,"gold_gain":0,"player_choice":"Smashed Altar","damage_taken":0,"max_hp_gain":0,"max_hp_loss":0,"event_name":"Forgotten Altar","floor":28,"gold_loss":0,"cards_obtained":["Decay"]},{"damage_healed":0,"gold_gain":0,"player_choice":"Ignored","damage_taken":0,"max_hp_gain":0,"max_hp_loss":0,"event_name":"SecretPortal","floor":36,"gold_loss":0}],"is_beta":false,"boss_relics":[{"not_picked":["Velvet Choker","White Beast Statue"],"picked":"Orrery"},{"not_picked":["Tiny House","Busted Crown"],"picked":"Astrolabe"}],"items_purged_floors":[13],"is_endless":false,"potions_floor_spawned":[3,10,14,18,23],"killed_by":"Transient","ascension_level":20}