{"gold_per_floor":[116,116,133,153,153,153,168,185,185,202,233,233,265,265,265,361,361,378,378,227,227,241,241,257,257,284,313,238,337,337,349,349,349],"floor_reached":33,"playtime":4946,"items_purged":["Regret"],"score":275,"play_id":"d119831a-e422-4255-873b-09c96fa07c29","local_time":"20190425230735","is_ascension_mode":false,"campfire_choices":[{"data":"Caltrops","floor":6,"key":"SMITH"},{"data":"Blur","floor":12,"key":"SMITH"},{"floor":15,"key":"REST"},{"data":"Skewer","floor":23,"key":"SMITH"},{"data":"Footwork","floor":25,"key":"SMITH"},{"floor":32,"key":"REST"}],"neow_cost":"NONE","seed_source_timestamp":190559089653900,"circlet_count":0,"master_deck":["Defend_G+1","Defend_G+1","Defend_G+1","Defend_G+1","Defend_G+1","Strike_G+1","Strike_G+1","Strike_G+1","Strike_G+1","Survivor","Neutralize","Choke","Caltrops+1","Deflect","PiercingWail","Skewer+1","Blur+1","Leg Sweep","Cloak And Dagger+1","Footwork+1"],"relics":["Ring of the Snake","NeowsBlessing","Orichalcum","Sundial","Shuriken","Ice Cream","Regal Pillow","Philosopher\u0027s Stone","Enchiridion","Pen Nib","Matryoshka"],"potions_floor_usage":[11,13,24,27,27],"damage_taken":[{"damage":0,"enemies":"Small Slimes","floor":1,"turns":1},{"damage":0,"enemies":"Cultist","floor":3,"turns":1},{"damage":0,"enemies":"2 Louse","floor":4,"turns":1},{"damage":10,"enemies":"Exordium Thugs","floor":7,"turns":6},{"damage":0,"enemies":"2 Fungi Beasts","floor":8,"turns":5},{"damage":1,"enemies":"Looter","floor":10,"turns":3},{"damage":21,"enemies":"Lagavulin","floor":11,"turns":10},{"damage":8,"enemies":"3 Sentries","floor":13,"turns":6},{"damage":37,"enemies":"The Guardian","floor":16,"turns":13},{"damage":3,"enemies":"3 Byrds","floor":18,"turns":5},{"damage":4,"enemies":"Shell Parasite","floor":22,"turns":6},{"damage":28,"enemies":"Chosen and Byrds","floor":24,"turns":7},{"damage":4,"enemies":"Book of Stabbing","floor":27,"turns":5},{"damage":0,"enemies":"3 Cultists","floor":31,"turns":6},{"damage":65,"enemies":"Champ","floor":33,"turns":11}],"seed_played":"-2930926368699993228","potions_obtained":[{"floor":3,"key":"SkillPotion"},{"floor":4,"key":"Explosive Potion"},{"floor":8,"key":"EssenceOfSteel"},{"floor":13,"key":"Block Potion"},{"floor":24,"key":"LiquidBronze"}],"is_trial":false,"path_per_floor":["M","?","M","M","?","R","M","M","T","M","E","R","E","?","R","B",null,"M","?","$","?","M","R","M","R","T","E","?","?","?","M","R","B"],"character_chosen":"THE_SILENT","items_purchased":["Footwork"],"campfire_rested":2,"item_purchase_floors":[20],"current_hp_per_floor":[70,70,70,70,67,67,57,57,57,56,35,35,27,27,63,26,70,67,51,51,51,47,47,19,19,19,15,15,15,15,15,51,0],"gold":349,"neow_bonus":"THREE_ENEMY_KILL","is_prod":false,"is_daily":false,"chose_seed":false,"campfire_upgraded":4,"win_rate":0,"timestamp":1556248055,"path_taken":["M","?","?","M","?","R","M","M","T","M","E","R","E","?","R","BOSS","M","?","$","?","?","R","M","R","T","E","?","?","?","M","R","BOSS"],"build_version":"2019-01-23","purchased_purges":1,"victory":false,"max_hp_per_floor":[70,70,70,70,70,70,70,70,70,70,70,70,70,70,70,70,70,70,70,70,70,70,70,70,70,70,70,70,70,70,70,70,70],"card_choices":[{"not_picked":["Acrobatics","Masterful Stab"],"picked":"Choke","floor":1},{"not_picked":["Cloak And Dagger","Finisher"],"picked":"Caltrops","floor":3},{"not_picked":["Dodge and Roll","Bane"],"picked":"Deflect","floor":4},{"not_picked":["Outmaneuver","Dagger Throw"],"picked":"PiercingWail","floor":7},{"not_picked":["Cloak And Dagger","Tactician"],"picked":"Skewer","floor":8},{"not_picked":["Dodge and Roll","Prepared"],"picked":"Blur","floor":10},{"not_picked":["Bane","Deflect"],"picked":"Setup","floor":11},{"not_picked":["Finisher","Die Die Die"],"picked":"Leg Sweep","floor":13},{"not_picked":["Heel Hook","Catalyst"],"picked":"Cloak And Dagger+1","floor":18},{"not_picked":["Bane","All Out Attack","Blade Dance"],"picked":"SKIP","floor":22},{"not_picked":["Dash","Finisher+1","Blade Dance"],"picked":"SKIP","floor":24},{"not_picked":["Flying Knee","Tools of the Trade","Endless Agony"],"picked":"SKIP","floor":27},{"not_picked":["Distraction","All Out Attack+1","Dagger Throw"],"picked":"SKIP","floor":31}],"player_experience":193710,"relics_obtained":[{"floor":9,"key":"Sundial"},{"floor":11,"key":"Shuriken"},{"floor":13,"key":"Ice Cream"},{"floor":19,"key":"Enchiridion"},{"floor":26,"key":"Pen Nib"},{"floor":27,"key":"Matryoshka"}],"event_choices":[{"cards_removed":["Strike_G"],"damage_healed":0,"gold_gain":0,"player_choice":"Purged","damage_taken":0,"max_hp_gain":0,"max_hp_loss":0,"event_name":"Purifier","floor":2,"gold_loss":0},{"damage_healed":0,"gold_gain":0,"player_choice":"Success","damage_taken":3,"relics_obtained":["Orichalcum"],"max_hp_gain":0,"max_hp_loss":0,"event_name":"Scrap Ooze","floor":5,"gold_loss":0},{"damage_healed":0,"gold_gain":0,"player_choice":"Box","damage_taken":0,"relics_obtained":["Regal Pillow"],"max_hp_gain":0,"max_hp_loss":0,"event_name":"Big Fish","floor":14,"gold_loss":0,"cards_obtained":["Regret"]},{"damage_healed":0,"gold_gain":0,"player_choice":"Obtained Book","damage_taken":16,"max_hp_gain":0,"max_hp_loss":0,"event_name":"Cursed Tome","floor":19,"gold_loss":0},{"damage_healed":0,"gold_gain":0,"player_choice":"Ignored","damage_taken":0,"max_hp_gain":0,"max_hp_loss":0,"event_name":"NoteForYourself","floor":21,"gold_loss":0},{"cards_removed":["Setup"],"damage_healed":0,"gold_gain":0,"player_choice":"Gave Gold","damage_taken":0,"max_hp_gain":0,"max_hp_loss":0,"event_name":"Beggar","floor":28,"gold_loss":75},{"damage_healed":0,"gold_gain":99,"player_choice":"Stole From Cult","damage_taken":0,"max_hp_gain":0,"max_hp_loss":0,"event_name":"Nest","floor":29,"gold_loss":0},{"damage_healed":0,"gold_gain":0,"player_choice":"Simplicity","damage_taken":0,"max_hp_gain":0,"max_hp_loss":0,"event_name":"Back to Basics","floor":30,"gold_loss":0,"cards_upgraded":["Defend_G","Defend_G","Defend_G","Defend_G","Defend_G","Strike_G","Strike_G","Strike_G","Strike_G"]}],"is_beta":false,"boss_relics":[{"not_picked":["WristBlade","Busted Crown"],"picked":"Philosopher\u0027s Stone"}],"items_purged_floors":[20],"is_endless":false,"potions_floor_spawned":[3,4,8,13,24],"killed_by":"Champ","ascension_level":0}