{"gold_per_floor":[362,362,3,23,46,46,84,84,110,123,123,146,162,178,178,309,309,323,71,96,120,45,78,78,78,78,28,43,0,33,47,47,170,170,184,0,0,23,39,39,39,98,98,141,161,161,194,209,209,209],"floor_reached":51,"playtime":2631,"items_purged":["Strike_R"],"score":797,"play_id":"c47d1583-96fb-4e57-b911-9d6daa0c8494","local_time":"20180718162411","is_ascension_mode":false,"campfire_choices":[{"data":"Seeing Red","floor":6,"key":"SMITH"},{"data":"Demon Form","floor":8,"key":"SMITH"},{"floor":11,"key":"REST"},{"floor":15,"key":"REST"},{"data":"Armaments","floor":24,"key":"SMITH"},{"data":"Reaper","floor":32,"key":"SMITH"},{"data":"Infernal Blade","floor":40,"key":"SMITH"},{"data":"Shrug It Off","floor":46,"key":"SMITH"},{"data":"Infernal Blade","floor":49,"key":"SMITH"}],"neow_cost":"FIFTY_PERCENT_DAMAGE","seed_source_timestamp":17470505759052,"circlet_count":0,"master_deck":["Strike_R","Strike_R","Strike_R","Strike_R","Defend_R","Defend_R","Defend_R","Defend_R","Bash","Flex","Shrug It Off+1","Inflame","Seeing Red+1","Demon Form+1","Infernal Blade+1","Armaments+1","Impervious","Reaper+1","Clash+1","Rampage","Cleave","Thunderclap+1","Inflame+1","Wild Strike+1","Metallicize+1","Heavy Blade+1","Infernal Blade+1"],"relics":["Burning Blood","Golden Idol","Champion Belt","Oddly Smooth Stone","Ancient Tea Set","Coffee Dripper","Bottled Tornado","Bag of Marbles","Bottled Lightning","Darkstone Periapt","Bag of Preparation","Runic Pyramid","Red Mask","Prayer Wheel","Magic Flower","Pantograph","Turnip","Anchor"],"potions_floor_usage":[7,13,18,20,23,23,33,33,47],"damage_taken":[{"damage":1,"enemies":"Cultist","floor":1,"turns":3},{"damage":6,"enemies":"Jaw Worm","floor":4,"turns":4},{"damage":0,"enemies":"2 Louse","floor":5,"turns":3},{"damage":11,"enemies":"Lagavulin","floor":7,"turns":9},{"damage":18,"enemies":"Exordium Thugs","floor":10,"turns":5},{"damage":0,"enemies":"Red Slaver","floor":12,"turns":3},{"damage":23,"enemies":"Large Slime","floor":13,"turns":6},{"damage":21,"enemies":"Gremlin Gang","floor":14,"turns":7},{"damage":13,"enemies":"Hexaghost","floor":16,"turns":8},{"damage":23,"enemies":"3 Byrds","floor":18,"turns":6},{"damage":12,"enemies":"Shell Parasite","floor":20,"turns":5},{"damage":78,"enemies":"Slavers","floor":23,"turns":8},{"damage":0,"enemies":"Snake Plant","floor":28,"turns":4},{"damage":21,"enemies":"Gremlin Leader","floor":30,"turns":8},{"damage":0,"enemies":"Snecko","floor":31,"turns":4},{"damage":44,"enemies":"Automaton","floor":33,"turns":8},{"damage":18,"enemies":"3 Darklings","floor":35,"turns":4},{"damage":0,"floor":37,"turns":6},{"damage":19,"enemies":"Flame Bruiser 1 Orb","floor":38,"turns":5},{"damage":0,"enemies":"Maw","floor":39,"turns":7},{"damage":32,"floor":42,"turns":4},{"damage":6,"enemies":"Nemesis","floor":44,"turns":5},{"damage":24,"enemies":"Spire Growth","floor":45,"turns":5},{"damage":20,"enemies":"2 Orb Walkers","floor":47,"turns":5},{"damage":12,"enemies":"3 Darklings","floor":48,"turns":3},{"damage":28,"enemies":"Time Eater","floor":50,"turns":8}],"seed_played":"-7466717200566185708","potions_obtained":[{"floor":4,"key":"Block Potion"},{"floor":5,"key":"Swift Potion"},{"floor":14,"key":"Block Potion"},{"floor":16,"key":"Fire Potion"},{"floor":18,"key":"SkillPotion"},{"floor":20,"key":"EssenceOfSteel"},{"floor":23,"key":"Dexterity Potion"},{"floor":31,"key":"Explosive Potion"},{"floor":35,"key":"FearPotion"},{"floor":39,"key":"Explosive Potion"},{"floor":44,"key":"Regen Potion"}],"is_trial":false,"path_per_floor":["M","?","$","M","M","R","E","R","T","M","R","M","M","M","R","B",null,"M","$","M","T","$","E","R","$","T","?","M","?","E","M","R","B",null,"M","?","?","M","M","R","?","?","T","E","M","R","E","M","R","B"],"character_chosen":"IRONCLAD","items_purchased":["Champion Belt","Shrug It Off","Bottled Tornado"],"campfire_rested":2,"item_purchase_floors":[3,3,19],"current_hp_per_floor":[45,25,25,25,31,31,26,26,26,14,38,44,27,12,36,29,80,76,76,77,77,77,47,47,47,47,47,67,67,59,65,65,42,80,80,80,80,80,80,80,80,54,54,80,67,67,80,80,80,67],"gold":209,"neow_bonus":"TWO_FIFTY_GOLD","is_prod":false,"is_daily":false,"chose_seed":false,"campfire_upgraded":7,"win_rate":0,"timestamp":1531923851,"path_taken":["M","?","$","M","M","R","E","R","T","M","R","M","?","M","R","BOSS","M","$","M","?","$","E","R","?","T","?","M","?","E","M","R","BOSS","M","?","?","M","M","R","?","?","T","E","?","R","E","M","R","BOSS"],"build_version":"2018-07-12","purchased_purges":1,"victory":true,"max_hp_per_floor":[80,80,80,80,80,80,80,80,80,80,80,80,80,80,80,80,80,80,80,80,80,80,80,80,80,80,80,80,80,80,80,80,80,80,80,80,80,80,80,80,80,80,80,80,80,80,80,80,80,80],"card_choices":[{"not_picked":["Warcry","Heavy Blade"],"picked":"Flex","floor":1},{"not_picked":["Hemokinesis","Shrug It Off"],"picked":"Inflame","floor":4},{"not_picked":["Body Slam","Thunderclap"],"picked":"Seeing Red","floor":5},{"not_picked":["Thunderclap","Disarm"],"picked":"Demon Form","floor":7},{"not_picked":["Flex","Clothesline","Warcry"],"picked":"SKIP","floor":10},{"not_picked":["Dropkick","True Grit"],"picked":"Infernal Blade","floor":12},{"not_picked":["Perfected Strike","Heavy Blade"],"picked":"Armaments","floor":13},{"not_picked":["Warcry","Fire Breathing"],"picked":"Impervious","floor":14},{"not_picked":["Juggernaut","Brutality"],"picked":"Reaper","floor":16},{"not_picked":["Reckless Charge+1","Uppercut"],"picked":"Clash+1","floor":18},{"not_picked":["Iron Wave","Entrench"],"picked":"Rampage","floor":20},{"not_picked":["Hemokinesis","Shockwave","Immolate"],"picked":"SKIP","floor":23},{"not_picked":["Pommel Strike+1","True Grit"],"picked":"Cleave","floor":28},{"not_picked":["Havoc+1","Sever Soul","Uppercut"],"picked":"SKIP","floor":30},{"not_picked":["Cleave","Flex","Iron Wave"],"picked":"SKIP","floor":31},{"not_picked":["Shrug It Off+1","Anger+1","Combust"],"picked":"SKIP","floor":35},{"not_picked":["Searing Blow+1","Evolve"],"picked":"Thunderclap+1","floor":38},{"not_picked":["Anger+1","Carnage+1","Clothesline+1"],"picked":"SKIP","floor":38},{"not_picked":["Flex","Twin Strike"],"picked":"Inflame+1","floor":39},{"not_picked":["Dropkick","Iron Wave"],"picked":"Wild Strike+1","floor":39},{"not_picked":["Sentinel+1","Cleave"],"picked":"Metallicize+1","floor":42},{"not_picked":["Dual Wield","Double Tap","Wild Strike"],"picked":"SKIP","floor":44},{"not_picked":["Flex","Reckless Charge"],"picked":"Heavy Blade+1","floor":45},{"not_picked":["Pommel Strike+1","Infernal Blade","Flame Barrier+1"],"picked":"SKIP","floor":45},{"not_picked":["Searing Blow","Blood for Blood","Thunderclap+1"],"picked":"SKIP","floor":47},{"not_picked":["Carnage","Reckless Charge"],"picked":"Infernal Blade","floor":48},{"not_picked":["Rage+1","Havoc+1","Cleave"],"picked":"SKIP","floor":48}],"player_experience":133066,"relics_obtained":[{"floor":7,"key":"Oddly Smooth Stone"},{"floor":9,"key":"Ancient Tea Set"},{"floor":21,"key":"Bag of Marbles"},{"floor":23,"key":"Bottled Lightning"},{"floor":26,"key":"Darkstone Periapt"},{"floor":30,"key":"Bag of Preparation"},{"floor":37,"key":"Prayer Wheel"},{"floor":42,"key":"Magic Flower"},{"floor":43,"key":"Pantograph"},{"floor":44,"key":"Turnip"},{"floor":47,"key":"Anchor"}],"event_choices":[{"event_name":"Golden Idol","player_choice":"Take Damage","floor":2,"damage_taken":0},{"event_name":"The Joust","player_choice":"Bet on Murderer","floor":27,"damage_taken":0},{"event_name":"Masked Bandits","player_choice":"Paid Bandits 43 gold","floor":29,"damage_taken":0},{"event_name":"Tomb of Lord Red Mask","player_choice":"Paid","floor":36,"damage_taken":0},{"event_name":"MindBloom","player_choice":"Fight","floor":37,"damage_taken":0},{"event_name":"SecretPortal","player_choice":"Rejected Portal.","floor":41,"damage_taken":0},{"event_name":"Mysterious Sphere","player_choice":"Fight","floor":42,"damage_taken":0}],"boss_relics":[{"not_picked":["Philosopher\u0027s Stone","Sozu"],"picked":"Coffee Dripper"},{"not_picked":["Fusion Hammer","White Beast Statue"],"picked":"Runic Pyramid"}],"items_purged_floors":[22],"is_endless":false,"potions_floor_spawned":[4,5,14,16,18,20,23,31,35,39,44],"ascension_level":0}