{"gold_per_floor":[113,133,133,153,163,163,182,211,262,262,272,272,286,303,303,407,407,422,191,201,201,33,33,33,62,62,62,62,78,78,97,97,201,201,219,219,237,255,92,102,102],"floor_reached":41,"playtime":4848,"items_purged":["Strike_G","Strike_G","Strike_G"],"score":442,"play_id":"c1a4adc5-5f7c-4b1c-93f0-db2a82c3262e","local_time":"20180630132043","is_ascension_mode":false,"campfire_choices":[{"data":"Survivor","floor":6,"key":"SMITH"},{"floor":10,"key":"REST"},{"floor":12,"key":"REST"},{"data":"Bullet Time","floor":15,"key":"SMITH"},{"floor":23,"key":"REST"},{"floor":27,"key":"REST"},{"floor":30,"key":"REST"},{"data":"Backstab","floor":32,"key":"SMITH"}],"neow_cost":"NONE","seed_source_timestamp":615538004610461,"circlet_count":0,"master_deck":["Defend_G","Defend_G","Defend_G","Defend_G","Defend_G","Strike_G","Survivor+1","Neutralize","Quick Slash","Backstab+1","Backflip","Underhanded Strike","Slice","Bullet Time+1","Bouncing Flask","Flying Knee","Leg Sweep","Envenom","Backstab","Slice","Bouncing Flask","Backstab+1","Flechettes","Leg Sweep","Masterful Stab","Well Laid Plans","Blur","After Image","Adrenaline","Sucker Punch","After Image","Panache","Escape Plan","Backstab"],"relics":["Ring of the Snake","Boot","Pen Nib","Orrery","Mummified Hand","Shuriken","Velvet Choker"],"potions_floor_usage":[16,16,29,33,33,40],"damage_taken":[{"damage":0,"enemies":"2 Louse","floor":1,"turns":3},{"damage":2,"enemies":"Small Slimes","floor":2,"turns":5},{"damage":0,"enemies":"Cultist","floor":4,"turns":3},{"damage":5,"enemies":"2 Fungi Beasts","floor":5,"turns":4},{"damage":2,"enemies":"Large Slime","floor":7,"turns":5},{"damage":34,"enemies":"Gremlin Nob","floor":8,"turns":5},{"damage":5,"enemies":"Exordium Thugs","floor":11,"turns":6},{"damage":1,"enemies":"3 Louse","floor":13,"turns":3},{"damage":0,"enemies":"Looter","floor":14,"turns":2},{"damage":24,"enemies":"Hexaghost","floor":16,"turns":10},{"damage":6,"enemies":"Chosen","floor":18,"turns":4},{"damage":15,"enemies":"Shell Parasite","floor":20,"turns":3},{"damage":35,"enemies":"Book of Stabbing","floor":25,"turns":8},{"damage":15,"enemies":"Snake Plant","floor":29,"turns":3},{"damage":6,"enemies":"Centurion and Healer","floor":31,"turns":8},{"damage":44,"enemies":"Collector","floor":33,"turns":12},{"damage":21,"enemies":"3 Shapes","floor":35,"turns":3},{"damage":0,"enemies":"Orb Walker","floor":37,"turns":2},{"damage":45,"enemies":"Sphere and 2 Shapes","floor":38,"turns":6},{"damage":13,"enemies":"4 Shapes","floor":40,"turns":6},{"damage":1,"enemies":"3 Darklings","floor":41,"turns":3}],"seed_played":"236795920770501422","potions_obtained":[{"floor":5,"key":"Ancient Potion"},{"floor":8,"key":"Energy Potion"},{"floor":13,"key":"FearPotion"},{"floor":16,"key":"Regen Potion"},{"floor":25,"key":"FearPotion"},{"floor":31,"key":"EssenceOfSteel"},{"floor":33,"key":"Fruit Juice"},{"floor":40,"key":"Dexterity Potion"}],"is_trial":false,"path_per_floor":["M","M","?","M","M","R","M","E","T","R","M","R","M","M","R","B",null,"M","$","M","?","$","R","$","E","T","R","?","M","R","M","R","B",null,"M","?","M","M","$","M"],"character_chosen":"THE_SILENT","items_purchased":["Masterful Stab","Well Laid Plans","After Image","Backstab"],"campfire_rested":5,"item_purchase_floors":[19,19,22,39],"current_hp_per_floor":[70,68,68,68,63,63,61,27,27,48,43,64,63,63,63,39,70,64,64,49,36,36,58,58,23,23,45,45,30,52,46,46,17,75,54,54,54,9,9,1,0],"gold":102,"neow_bonus":"REMOVE_CARD","is_prod":false,"is_daily":false,"chose_seed":false,"campfire_upgraded":3,"win_rate":0,"timestamp":1530390043,"path_taken":["M","M","?","M","M","R","M","E","T","R","M","R","M","M","R","BOSS","M","$","M","?","$","R","?","E","T","R","?","M","R","M","R","BOSS","M","?","?","M","$","M","M"],"build_version":"2018-06-28","purchased_purges":3,"victory":false,"max_hp_per_floor":[70,70,70,70,70,70,70,70,70,70,70,70,70,70,70,70,70,70,70,70,75,75,75,75,75,75,75,75,75,75,75,75,75,75,75,75,75,75,75,80,80],"card_choices":[{"not_picked":["Dodge and Roll","Deflect"],"picked":"Quick Slash","floor":1},{"not_picked":["Endless Agony","Deadly Poison"],"picked":"Backstab","floor":2},{"not_picked":["Terror","Concentrate"],"picked":"Backflip","floor":4},{"not_picked":["Quick Slash","Deflect"],"picked":"Underhanded Strike","floor":5},{"not_picked":["PiercingWail","Dash"],"picked":"Slice","floor":7},{"not_picked":["Escape Plan","Glass Knife"],"picked":"Bullet Time","floor":8},{"not_picked":["Poisoned Stab","PiercingWail"],"picked":"Bouncing Flask","floor":11},{"not_picked":["Cloak And Dagger","Backflip"],"picked":"Flying Knee","floor":13},{"not_picked":["Backflip","Quick Slash"],"picked":"Leg Sweep","floor":14},{"not_picked":["A Thousand Cuts","Storm of Steel"],"picked":"Envenom","floor":16},{"not_picked":["Noxious Fumes","Backflip"],"picked":"Backstab","floor":17},{"not_picked":["Cloak And Dagger","Dodge and Roll"],"picked":"Slice","floor":17},{"not_picked":["Dagger Throw","Reflex"],"picked":"Bouncing Flask","floor":17},{"not_picked":["Outmaneuver","Dagger Spray"],"picked":"Backstab","floor":17},{"not_picked":["Blade Dance","Slice"],"picked":"Flechettes","floor":17},{"not_picked":["Dagger Throw+1","Poisoned Stab"],"picked":"Leg Sweep","floor":18},{"not_picked":["Dodge and Roll","Acrobatics"],"picked":"Blur","floor":20},{"not_picked":["Backflip","Dodge and Roll+1"],"picked":"Adrenaline","floor":25},{"not_picked":["Flying Knee","Deflect"],"picked":"Sucker Punch","floor":29},{"not_picked":["Reflex","Underhanded Strike+1","Poisoned Stab+1"],"picked":"SKIP","floor":31},{"not_picked":["Die Die Die","Venomology"],"picked":"After Image","floor":33},{"not_picked":["Dodge and Roll","PiercingWail","Heel Hook"],"picked":"SKIP","floor":35},{"not_picked":["Madness","Dark Shackles"],"picked":"Panache","floor":36},{"not_picked":["Sucker Punch","Outmaneuver","Crippling Poison"],"picked":"SKIP","floor":37},{"not_picked":["Flechettes","Slice+1"],"picked":"Escape Plan","floor":38},{"not_picked":["Accuracy","Prepared","PiercingWail"],"picked":"SKIP","floor":40}],"player_experience":565404,"relics_obtained":[{"floor":8,"key":"Boot"},{"floor":9,"key":"Pen Nib"},{"floor":25,"key":"Mummified Hand"},{"floor":26,"key":"Shuriken"}],"event_choices":[{"event_name":"Living Wall","player_choice":"Grow","floor":3,"damage_taken":0},{"event_name":"Forgotten Altar","player_choice":"Shed Blood","floor":21,"damage_taken":0},{"event_name":"Addict","player_choice":"Ignored","floor":28,"damage_taken":0},{"event_name":"SensoryStone","player_choice":"Memory 1","floor":36,"damage_taken":0}],"boss_relics":[{"not_picked":["Lizard Tail","Fusion Hammer"],"picked":"Orrery"},{"not_picked":["White Beast Statue","Calling Bell"],"picked":"Velvet Choker"}],"items_purged_floors":[19,22,39],"is_endless":false,"potions_floor_spawned":[5,8,13,14,16,25,31,33,40],"killed_by":"3 Darklings","ascension_level":0}