{"gold_per_floor":[111,128,143,418,3,3,37,37,62,62,80,80,114,130,130,208,208,223,223,148,159,81,106,106,139,163,198,209,209,221,248,248,323,323,335,38,38,38,49,49,76,95,95,122,160,172,184,245,257,269],"floor_reached":50,"playtime":3477,"items_purged":["Regret","Strike_B"],"score":1353,"play_id":"833a62a5-e8bf-4e19-9d7b-d5c55fe16431","local_time":"20190427173451","is_ascension_mode":true,"campfire_choices":[{"data":"Zap","floor":6.0,"key":"SMITH"},{"data":"Ball Lightning","floor":8.0,"key":"SMITH"},{"floor":10.0,"key":"REST"},{"data":"Biased Cognition","floor":15.0,"key":"SMITH"},{"data":"Biased Cognition","floor":24,"key":"SMITH"},{"floor":29,"key":"REST"},{"data":"Capacitor","floor":32,"key":"SMITH"},{"floor":40,"key":"REST"},{"floor":46,"key":"REST"},{"floor":49,"key":"RECALL"}],"neow_cost":"NONE","seed_source_timestamp":669158176497273,"circlet_count":0,"master_deck":["AscendersBane","Defend_B","Defend_B","Defend_B","Zap+1","Dualcast","Ball Lightning+1","Chill","Steam","Biased Cognition+1","Cold Snap","Biased Cognition+1","Leap","Genetic Algorithm+1","Glacier","Cold Snap","Doom and Gloom","Buffer","Capacitor+1","Creative AI","Barrage","Master of Strategy","Coolheaded","Doom and Gloom+1","Go for the Eyes","Leap+1","Heatsinks"],"special_seed":0,"relics":["Cracked Core","PreservedInsect","Pen Nib","Juzu Bracelet","Bag of Marbles","Happy Flower","Bottled Flame","Empty Cage","DataDisk","Regal Pillow","WingedGreaves","Centennial Puzzle","Runic Dome","Potion Belt","Ancient Tea Set","Kunai","MawBank","Anchor","Dead Branch"],"potions_floor_usage":[16,25,31,33,44,50],"damage_taken":[{"damage":4.0,"enemies":"Small Slimes","floor":1.0,"turns":3.0},{"damage":0.0,"enemies":"Cultist","floor":2.0,"turns":3.0},{"damage":4.0,"enemies":"2 Louse","floor":3.0,"turns":3.0},{"damage":16.0,"enemies":"Lagavulin","floor":7.0,"turns":6.0},{"damage":7.0,"enemies":"Exordium Wildlife","floor":11.0,"turns":4.0},{"damage":12.0,"enemies":"3 Sentries","floor":13.0,"turns":6.0},{"damage":0.0,"enemies":"Lots of Slimes","floor":14.0,"turns":2.0},{"damage":16,"enemies":"Slime Boss","floor":16,"turns":9},{"damage":0,"enemies":"Chosen","floor":18,"turns":3},{"damage":1,"enemies":"Spheric Guardian","floor":21,"turns":3},{"damage":10,"enemies":"Book of Stabbing","floor":23,"turns":4},{"damage":17,"enemies":"Gremlin Leader","floor":25,"turns":8},{"damage":0,"enemies":"Book of Stabbing","floor":27,"turns":5},{"damage":1,"enemies":"Centurion and Healer","floor":28,"turns":9},{"damage":10,"enemies":"Snake Plant","floor":30,"turns":3},{"damage":12,"enemies":"Gremlin Leader","floor":31,"turns":7},{"damage":30,"enemies":"Champ","floor":33,"turns":19},{"damage":13,"enemies":"3 Shapes","floor":35,"turns":3},{"damage":0,"enemies":"Orb Walker","floor":39,"turns":3},{"damage":25,"enemies":"Nemesis","floor":41,"turns":7},{"damage":6,"enemies":"Transient","floor":42,"turns":6},{"damage":20,"enemies":"Reptomancer","floor":44,"turns":8},{"damage":19,"enemies":"Giant Head","floor":45,"turns":9},{"damage":0,"enemies":"2 Orb Walkers","floor":48,"turns":6},{"damage":68,"enemies":"Awakened One","floor":50,"turns":6}],"seed_played":"5046007532444228473","potions_obtained":[{"floor":2.0,"key":"Strength Potion"},{"floor":11.0,"key":"Weak Potion"},{"floor":18,"key":"PowerPotion"},{"floor":27,"key":"Weak Potion"},{"floor":31,"key":"Poison Potion"},{"floor":35,"key":"LiquidBronze"},{"floor":42,"key":"Regen Potion"},{"floor":48,"key":"EssenceOfSteel"}],"is_trial":false,"path_per_floor":["M","M","M","?","$","R","E","R","T","R","M","?","E","M","R","B",null,"M","?","?","M","$","E","R","E","T","E","M","R","M","E","R","B",null,"M","$","?","?","M","R","E","M","T","E","E","R","?","?","R","B"],"character_chosen":"DEFECT","items_purchased":["PreservedInsect","Pen Nib","Glacier","Potion Belt","Barrage"],"campfire_rested":4,"item_purchase_floors":[5,5,22,36,36],"current_hp_per_floor":[67,67,63,63,63,63,47,47,47,70,63,58,46,46,46,30,66,66,44,44,43,43,33,33,16,16,16,15,54,44,32,32,2,63,50,50,40,40,40,79,54,48,48,43,24,63,63,63,63,0],"gold":269,"neow_bonus":"TEN_PERCENT_HP_BONUS","is_prod":false,"is_daily":false,"chose_seed":false,"campfire_upgraded":5,"win_rate":0,"timestamp":1556379291,"path_taken":["M","M","M","?","$","R","E","R","T","R","M","?","E","M","R","BOSS","M","?","?","M","?","E","R","E","T","E","M","R","M","E","R","BOSS","M","?","?","?","M","R","E","M","T","E","E","R","?","?","R","BOSS"],"build_version":"2019-01-23","purchased_purges":2,"victory":false,"max_hp_per_floor":[78,78,78,78,78,78,78,78,78,78,78,78,78,78,78,78,78,78,83,83,83,83,83,83,83,83,83,83,83,83,83,83,83,83,83,83,83,83,83,83,83,83,83,83,83,83,83,83,83,83],"card_choices":[{"not_picked":["BootSequence","Chill"],"picked":"Ball Lightning","floor":1.0},{"not_picked":["Double Energy","Hello World"],"picked":"Chill","floor":2.0},{"not_picked":["Stack","Melter"],"picked":"Steam","floor":3.0},{"not_picked":["Streamline","Beam Cell","Thunder Strike"],"picked":"SKIP","floor":7.0},{"not_picked":["Genetic Algorithm","Aggregate","Beam Cell"],"picked":"SKIP","floor":11.0},{"not_picked":["BootSequence","Leap"],"picked":"Biased Cognition","floor":13.0},{"not_picked":["Consume","Glacier"],"picked":"Cold Snap","floor":14.0},{"not_picked":["Rainbow","All For One"],"picked":"Biased Cognition","floor":16},{"not_picked":["Rebound","Compile Driver"],"picked":"Leap","floor":18},{"not_picked":["Reprogram","Streamline"],"picked":"Genetic Algorithm+1","floor":21},{"not_picked":["Steam","Redo+1"],"picked":"Cold Snap","floor":23},{"not_picked":["Rip and Tear","Compile Driver","Gash"],"picked":"SKIP","floor":25},{"not_picked":["Recycle","Compile Driver"],"picked":"Doom and Gloom","floor":27},{"not_picked":["Genetic Algorithm","Conserve Battery","Sweeping Beam"],"picked":"SKIP","floor":28},{"not_picked":["Doom and Gloom","Tempest"],"picked":"Buffer","floor":30},{"not_picked":["Hologram","Melter"],"picked":"Capacitor","floor":31},{"not_picked":["Thunder Strike","Rainbow"],"picked":"Creative AI","floor":33},{"not_picked":["Leap","Steam Power","Cold Snap"],"picked":"SKIP","floor":35},{"not_picked":["Magnetism","Jack Of All Trades"],"picked":"Master of Strategy","floor":37},{"not_picked":["Undo","Turbo","Cold Snap"],"picked":"SKIP","floor":39},{"not_picked":["Rebound+1","Chaos"],"picked":"Coolheaded","floor":41},{"not_picked":["Loop","Rebound"],"picked":"Doom and Gloom+1","floor":42},{"not_picked":["Tempest","Ball Lightning"],"picked":"Go for the Eyes","floor":44},{"not_picked":["Sunder","Cold Snap"],"picked":"Leap+1","floor":45},{"not_picked":["Go for the Eyes","Buffer"],"picked":"Heatsinks","floor":48}],"player_experience":847924,"relics_obtained":[{"floor":7.0,"key":"Juzu Bracelet"},{"floor":9.0,"key":"Bag of Marbles"},{"floor":13.0,"key":"Bottled Flame"},{"floor":23,"key":"DataDisk"},{"floor":25,"key":"Regal Pillow"},{"floor":27,"key":"WingedGreaves"},{"floor":31,"key":"Centennial Puzzle"},{"floor":41,"key":"Ancient Tea Set"},{"floor":43,"key":"Kunai"},{"floor":44,"key":"MawBank"},{"floor":45,"key":"Anchor"},{"floor":48,"key":"Dead Branch"}],"event_choices":[{"damage_healed":0.0,"max_hp_gain":0.0,"max_hp_loss":0.0,"gold_gain":275.0,"event_name":"Golden Shrine","player_choice":"Desecrate","floor":4.0,"gold_loss":0.0,"damage_taken":0.0,"cards_obtained":["Regret"]},{"damage_healed":0.0,"max_hp_gain":0.0,"max_hp_loss":0.0,"gold_gain":0.0,"event_name":"Scrap Ooze","player_choice":"Success","floor":12.0,"gold_loss":0.0,"damage_taken":5.0,"relics_obtained":["Happy Flower"]},{"damage_healed":0,"gold_gain":0,"player_choice":"Shed Blood","damage_taken":27,"max_hp_gain":5,"max_hp_loss":0,"event_name":"Forgotten Altar","floor":19,"gold_loss":0},{"cards_removed":["Strike_B"],"damage_healed":0,"gold_gain":0,"player_choice":"Gave Gold","damage_taken":0,"max_hp_gain":0,"max_hp_loss":0,"event_name":"Beggar","floor":20,"gold_loss":75},{"damage_healed":0,"gold_gain":0,"player_choice":"Memory 3","damage_taken":10,"max_hp_gain":0,"max_hp_loss":0,"event_name":"SensoryStone","floor":37,"gold_loss":0},{"cards_removed":["Defend_B"],"damage_healed":0,"gold_gain":0,"player_choice":"Removed Skill","damage_taken":0,"max_hp_gain":0,"max_hp_loss":0,"event_name":"Falling","floor":38,"gold_loss":0},{"damage_healed":0,"gold_gain":0,"player_choice":"Ignored","damage_taken":0,"max_hp_gain":0,"max_hp_loss":0,"event_name":"Tomb of Lord Red Mask","floor":47,"gold_loss":0},{"damage_healed":0,"gold_gain":0,"player_choice":"Fight","damage_taken":0,"max_hp_gain":0,"max_hp_loss":0,"event_name":"Mysterious Sphere","floor":48,"gold_loss":0}],"is_beta":false,"boss_relics":[{"not_picked":["White Beast Statue","Busted Crown"],"picked":"Empty Cage"},{"not_picked":["Calling Bell","Pandora\u0027s Box"],"picked":"Runic Dome"}],"items_purged_floors":[5,36],"is_endless":false,"potions_floor_spawned":[2,11,14,18,27,28,31,35,42,48],"killed_by":"Awakened One","ascension_level":20}