{"gold_per_floor":[10,27,27,27,27,71,71,42,42,76,76,115,115,140,140,231,231,245,21,21,34,49,84,84,102,147,147,166,216,216,316,316,316],"floor_reached":33,"playtime":1158,"items_purged":[],"score":562,"play_id":"d1a67fc6-5fc3-4cfd-b38c-313eb56a633e","local_time":"20190129134528","is_ascension_mode":true,"campfire_choices":[{"data":"Poisoned Stab","floor":7,"key":"SMITH"},{"floor":11,"key":"REST"},{"data":"Deadly Poison","floor":13,"key":"SMITH"},{"data":"Dagger Spray","floor":15,"key":"SMITH"},{"data":"Neutralize","floor":24,"key":"SMITH"},{"data":"1","floor":27,"key":"LIFT"},{"data":"2","floor":30,"key":"LIFT"},{"data":"3","floor":32,"key":"LIFT"}],"neow_cost":"NO_GOLD","seed_source_timestamp":8038232898260,"circlet_count":0,"master_deck":["AscendersBane","Defend_G","Defend_G+1","Defend_G","Defend_G","Defend_G","Strike_G+1","Strike_G","Strike_G","Strike_G","Strike_G","Survivor","Neutralize+1","Dagger Spray+1","Poisoned Stab+1","Deadly Poison+1","Backflip","Glass Knife"],"relics":["Ring of the Snake","Girya","Bloody Idol","Centennial Puzzle","Meat on the Bone","Oddly Smooth Stone","Bag of Preparation","Busted Crown","OrangePellets","Frozen Egg 2","Juzu Bracelet","Pocketwatch","Dodecahedron"],"potions_floor_usage":[12,23,31,33,33],"damage_taken":[{"damage":3,"enemies":"Cultist","floor":1,"turns":5},{"damage":9,"enemies":"2 Louse","floor":2,"turns":3},{"damage":17,"enemies":"3 Sentries","floor":6,"turns":9},{"damage":6,"enemies":"Gremlin Nob","floor":10,"turns":3},{"damage":16,"enemies":"3 Sentries","floor":12,"turns":10},{"damage":3,"enemies":"Jaw Worm","floor":14,"turns":2},{"damage":22,"enemies":"The Guardian","floor":16,"turns":11},{"damage":6,"enemies":"Chosen","floor":18,"turns":4},{"damage":16,"enemies":"Spheric Guardian","floor":21,"turns":6},{"damage":18,"enemies":"Snake Plant","floor":22,"turns":5},{"damage":16,"enemies":"Slavers","floor":23,"turns":3},{"damage":16,"enemies":"3 Cultists","floor":25,"turns":5},{"damage":5,"enemies":"Snecko","floor":28,"turns":6},{"damage":8,"enemies":"Colosseum Slavers","floor":31,"turns":2},{"damage":2,"enemies":"Colosseum Nobs","floor":31,"turns":6},{"damage":72,"enemies":"Champ","floor":33,"turns":11}],"seed_played":"1305454005635263904","potions_obtained":[{"floor":10,"key":"Block Potion"},{"floor":12,"key":"SteroidPotion"},{"floor":22,"key":"EssenceOfSteel"},{"floor":28,"key":"Poison Potion"},{"floor":31,"key":"Energy Potion"}],"is_trial":false,"path_per_floor":["M","M","?","?","?","E","R","$","T","E","R","E","R","M","R","B",null,"M","$","?","M","M","E","R","M","T","R","M","?","R","?","R","B"],"character_chosen":"THE_SILENT","items_purchased":["Deadly Poison","OrangePellets"],"campfire_rested":1,"item_purchase_floors":[8,19],"current_hp_per_floor":[56,47,47,29,29,12,12,12,12,18,36,32,32,41,41,31,53,47,47,47,36,35,36,36,37,42,42,42,47,47,42,42,0],"gold":316,"neow_bonus":"ONE_RARE_RELIC","is_prod":false,"is_daily":false,"chose_seed":false,"campfire_upgraded":4,"win_rate":0,"timestamp":1548765928,"path_taken":["M","M","?","?","?","E","R","$","T","E","R","E","R","?","R","BOSS","M","?","?","M","M","E","R","M","T","R","M","?","R","?","R","BOSS"],"build_version":"2019-01-23","purchased_purges":0,"victory":false,"max_hp_per_floor":[66,66,60,60,60,60,60,60,60,60,60,60,60,60,60,60,60,60,60,60,60,60,60,60,60,60,60,60,60,60,60,60,60],"card_choices":[{"not_picked":["PiercingWail","Quick Slash"],"picked":"Dagger Spray","floor":1},{"not_picked":["Outmaneuver","Sucker Punch"],"picked":"Poisoned Stab","floor":2},{"not_picked":["Heel Hook","Distraction","Expertise"],"picked":"SKIP","floor":6},{"not_picked":["Night Terror","Setup","Slice"],"picked":"SKIP","floor":10},{"not_picked":["Dodge and Roll","Distraction"],"picked":"Backflip","floor":12},{"not_picked":["Eviscerate","Flying Knee","Grand Finale"],"picked":"SKIP","floor":14},{"not_picked":["Night Terror","Storm of Steel"],"picked":"Glass Knife","floor":16},{"not_picked":["Deflect"],"picked":"SKIP","floor":18},{"not_picked":["Slice"],"picked":"SKIP","floor":21},{"not_picked":["All Out Attack"],"picked":"SKIP","floor":22},{"not_picked":["Reflex"],"picked":"SKIP","floor":23},{"not_picked":["Bane"],"picked":"SKIP","floor":25},{"not_picked":["Blade Dance"],"picked":"SKIP","floor":28}],"player_experience":1263949,"relics_obtained":[{"floor":6,"key":"Centennial Puzzle"},{"floor":9,"key":"Meat on the Bone"},{"floor":10,"key":"Oddly Smooth Stone"},{"floor":12,"key":"Bag of Preparation"},{"floor":23,"key":"Frozen Egg 2"},{"floor":26,"key":"Juzu Bracelet"},{"floor":31,"key":"Pocketwatch"},{"floor":31,"key":"Dodecahedron"}],"event_choices":[{"damage_healed":0,"gold_gain":0,"player_choice":"Lose Max HP","damage_taken":0,"relics_obtained":["Golden Idol"],"max_hp_gain":0,"max_hp_loss":6,"event_name":"Golden Idol","floor":3,"gold_loss":0},{"damage_healed":0,"gold_gain":0,"player_choice":"Entered Light","damage_taken":18,"max_hp_gain":0,"max_hp_loss":0,"event_name":"Shining Light","floor":4,"gold_loss":0,"cards_upgraded":["Strike_G","Defend_G"]},{"damage_healed":0,"gold_gain":0,"player_choice":"Ignored","damage_taken":0,"max_hp_gain":0,"max_hp_loss":0,"event_name":"Liars Game","floor":5,"gold_loss":0},{"damage_healed":0,"gold_gain":0,"player_choice":"Gave Idol","damage_taken":0,"relics_obtained":["Bloody Idol"],"max_hp_gain":0,"max_hp_loss":0,"event_name":"Forgotten Altar","floor":20,"relics_lost":["Golden Idol"],"gold_loss":0},{"damage_healed":0,"gold_gain":50,"player_choice":"Stole From Cult","damage_taken":0,"max_hp_gain":0,"max_hp_loss":0,"event_name":"Nest","floor":29,"gold_loss":0},{"damage_healed":0,"gold_gain":0,"player_choice":"Fight","damage_taken":0,"max_hp_gain":0,"max_hp_loss":0,"event_name":"Colosseum","floor":31,"gold_loss":0},{"damage_healed":0,"gold_gain":0,"player_choice":"Fought Nobs","damage_taken":0,"max_hp_gain":0,"max_hp_loss":0,"event_name":"Colosseum","floor":31,"gold_loss":0}],"is_beta":false,"boss_relics":[{"not_picked":["Empty Cage","Coffee Dripper"],"picked":"Busted Crown"}],"items_purged_floors":[],"is_endless":false,"potions_floor_spawned":[10,12,22,28,31,31],"killed_by":"Champ","ascension_level":20}