{"path_per_floor":["M","M","M","$","?","R","E","R","T","M","?","M","$","M","R","B",null,"M","?","M","$","?","R","E","R","T","M","$"],"character_chosen":"IRONCLAD","items_purchased":["Shrug It Off","Madness"],"gold_per_floor":[218,234,245,49,49,49,79,79,79,95,95,113,13,33,33,133,133,146,69,84,84,84,84,119,119,119,129,29,29],"floor_reached":29,"campfire_rested":3,"playtime":1910,"item_purchase_floors":[],"current_hp_per_floor":[77,71,70,70,63,63,17,41,41,46,66,72,72,72,72,66,80,80,80,61,61,46,71,58,83,83,50,50,0],"items_purged":["Strike_R","Strike_R","Strike_R"],"gold":29,"score":255,"play_id":"c9863bf0-09a4-4d66-b9a1-caf90a04944a","local_time":"20180528190206","is_prod":false,"is_daily":false,"chose_seed":false,"is_ascension_mode":true,"campfire_upgraded":2,"win_rate":0,"timestamp":1527559326,"campfire_choices":[{"data":"Armaments","floor":6.0,"key":"SMITH"},{"floor":8.0,"key":"REST"},{"data":"Barricade","floor":15.0,"key":"SMITH"},{"floor":23.0,"key":"REST"},{"floor":25.0,"key":"REST"}],"path_taken":["M","?","M","$","?","R","E","R","T","M","?","M","$","M","R","BOSS","M","?","?","$","?","R","E","R","T","?","$","M"],"build_version":"2018-05-24","seed_source_timestamp":93191710085624,"purchased_purges":3,"victory":false,"master_deck":["Strike_R","Strike_R","Defend_R","Defend_R","Defend_R","Defend_R","Bash","Whirlwind","Armaments+1","Spot Weakness","Shrug It Off","Madness","Parasite","Barricade+1","Brutality","Dual Wield","J.A.X.","Berserk","Entrench+1"],"max_hp_per_floor":[80,80,80,80,80,80,80,80,80,80,80,80,80,80,80,80,80,80,80,80,80,85,85,85,85,85,85,85,85],"relics":["Burning Blood","Pantograph","Oddly Smooth Stone","Bottled Flame","Sozu","Blood Vial","The Courier"],"card_choices":[{"not_picked":["Iron Wave","Twin Strike"],"picked":"Whirlwind","floor":1.0},{"not_picked":["Thunderclap","Clash"],"picked":"Armaments","floor":2.0},{"not_picked":["Rampage","Clothesline"],"picked":"Spot Weakness","floor":3.0},{"not_picked":["Searing Blow","Infernal Blade","Second Wind"],"picked":"SKIP","floor":7.0},{"not_picked":["Pommel Strike","Thunderclap","Shrug It Off"],"picked":"SKIP","floor":10.0},{"not_picked":["Iron Wave","Thunderclap"],"picked":"Barricade","floor":12.0},{"not_picked":["Heavy Blade","Sword Boomerang","Clash"],"picked":"SKIP","floor":14.0},{"not_picked":["Immolate","Double Tap"],"picked":"Brutality","floor":16.0},{"not_picked":["Cleave","Clothesline"],"picked":"Dual Wield","floor":18.0},{"not_picked":["Reckless Charge+1","Sword Boomerang","Clothesline"],"picked":"SKIP","floor":20.0},{"not_picked":["Warcry","Clash"],"picked":"Berserk","floor":24.0},{"not_picked":["Clash+1","Body Slam"],"picked":"Entrench+1","floor":27.0}],"player_experience":444199,"potions_floor_usage":[],"damage_taken":[{"damage":9.0,"enemies":"Cultist","floor":1.0,"turns":4.0},{"damage":12.0,"enemies":"2 Louse","floor":2.0,"turns":2.0},{"damage":7.0,"enemies":"Small Slimes","floor":3.0,"turns":3.0},{"damage":52.0,"enemies":"Gremlin Nob","floor":7.0,"turns":6.0},{"damage":1.0,"enemies":"Blue Slaver","floor":10.0,"turns":4.0},{"damage":0.0,"enemies":"3 Louse","floor":12.0,"turns":1.0},{"damage":6.0,"enemies":"Large Slime","floor":14.0,"turns":8.0},{"damage":20.0,"enemies":"Slime Boss","floor":16.0,"turns":12.0},{"damage":5.0,"enemies":"3 Byrds","floor":18.0,"turns":6.0},{"damage":25.0,"enemies":"Shell Parasite","floor":20.0,"turns":6.0},{"damage":19.0,"enemies":"Gremlin Leader","floor":24.0,"turns":10.0},{"damage":41.0,"enemies":"3 Cultists","floor":27.0,"turns":5.0},{"damage":56,"enemies":"Cultist and Chosen","floor":29,"turns":4}],"relics_obtained":[{"floor":7.0,"key":"Oddly Smooth Stone"},{"floor":9.0,"key":"Bottled Flame"},{"floor":24.0,"key":"Blood Vial"},{"floor":26.0,"key":"The Courier"}],"event_choices":[{"event_name":"Scrap Ooze","player_choice":"success","floor":5.0,"damage_taken":7.0},{"event_name":"Mushrooms","player_choice":"Healed and dodged fight","floor":11.0,"damage_taken":0.0},{"event_name":"Drug Dealer","player_choice":"Got JAXXED","floor":19.0,"damage_taken":0.0},{"event_name":"Forgotten Altar","player_choice":"Shed Blood","floor":22.0,"damage_taken":0.0}],"boss_relics":[],"items_purged_floors":[],"potions_floor_spawned":[2,16,24],"seed_played":"458866745230788132","killed_by":"Cultist and Chosen","ascension_level":1,"potions_obtained":[{"floor":2.0,"key":"Poison Potion"},{"floor":16.0,"key":"PowerPotion"}],"is_trial":false}