{"gold_per_floor":[211,154,154,168,168,168,200,200,200,221,221,36,68,68,68,141,141,159,171,171,189,60,88,88,108,158,158,186,199,212,70,70,70],"floor_reached":33,"playtime":1400,"items_purged":["Strike_R","Strike_R"],"score":538,"play_id":"b4add7d5-b9dd-4140-9de8-7eb619748577","local_time":"20190415025601","is_ascension_mode":true,"campfire_choices":[{"data":"Bash","floor":6,"key":"SMITH"},{"data":"Limit Break","floor":8,"key":"SMITH"},{"floor":15,"key":"REST"},{"data":"Body Slam","floor":24,"key":"SMITH"},{"floor":27,"key":"REST"},{"floor":32,"key":"REST"}],"neow_cost":"NONE","seed_source_timestamp":50841932625125,"circlet_count":0,"master_deck":["AscendersBane","Strike_R","Strike_R","Defend_R","Defend_R","Defend_R","Defend_R","Bash+1","Spot Weakness","Twin Strike","Pommel Strike","Ghostly Armor","Pommel Strike","Limit Break+1","Flame Barrier+1","Shrug It Off+1","Clothesline","Shockwave+1","Immolate","Body Slam+1","Shrug It Off+1","Battle Trance+1","Sword Boomerang","Shrug It Off+1","Battle Trance+1","True Grit+1","True Grit+1","Seeing Red+1","Double Tap+1","Rage+1"],"relics":["Burning Blood","Juzu Bracelet","Toxic Egg 2","Odd Mushroom","Bottled Flame","StoneCalendar","Sozu","Pen Nib","Anchor","Blood Vial"],"potions_floor_usage":[13,16,18,25],"damage_taken":[{"damage":2,"enemies":"2 Louse","floor":1,"turns":4},{"damage":7,"enemies":"Cultist","floor":4,"turns":4},{"damage":20,"enemies":"3 Sentries","floor":7,"turns":7},{"damage":44,"enemies":"The Mushroom Lair","floor":10,"turns":4},{"damage":10,"enemies":"Lagavulin","floor":13,"turns":7},{"damage":18,"enemies":"The Guardian","floor":16,"turns":10},{"damage":18,"enemies":"Shell Parasite","floor":18,"turns":6},{"damage":4,"enemies":"Spheric Guardian","floor":19,"turns":4},{"damage":9,"enemies":"Centurion and Healer","floor":21,"turns":5},{"damage":17,"enemies":"Slavers","floor":23,"turns":6},{"damage":15,"enemies":"Snake Plant","floor":25,"turns":3},{"damage":18,"enemies":"Book of Stabbing","floor":28,"turns":5},{"damage":19,"enemies":"3 Cultists","floor":29,"turns":5},{"damage":0,"enemies":"Centurion and Healer","floor":30,"turns":5},{"damage":67,"enemies":"Automaton","floor":33,"turns":6}],"seed_played":"4001103748425726845","potions_obtained":[{"floor":10,"key":"Strength Potion"},{"floor":13,"key":"LiquidBronze"},{"floor":16,"key":"Swift Potion"}],"is_trial":false,"path_per_floor":["M","$","?","M","?","R","E","R","T","?","T","$","E","$","R","B",null,"M","M","?","M","$","E","R","M","T","R","E","M","M","$","R","B"],"character_chosen":"IRONCLAD","items_purchased":["Twin Strike","Shrug It Off+1","Weak Potion","SkillPotion","Clothesline","Shrug It Off+1","Rage+1"],"campfire_rested":3,"item_purchase_floors":[2,12,12,12,12,22,31],"current_hp_per_floor":[72,72,65,64,64,64,50,50,50,12,12,12,8,8,30,18,61,49,51,51,48,48,37,37,28,28,50,38,27,35,35,57,0],"gold":70,"neow_bonus":"HUNDRED_GOLD","is_prod":false,"is_daily":false,"chose_seed":false,"campfire_upgraded":3,"win_rate":0,"timestamp":1555307761,"path_taken":["M","$","?","M","?","R","E","R","T","?","?","$","E","$","R","BOSS","M","M","?","M","$","E","R","M","T","R","E","M","M","$","R","BOSS"],"build_version":"2019-01-23","purchased_purges":2,"victory":false,"max_hp_per_floor":[75,75,75,75,75,75,75,75,75,75,75,75,75,75,75,75,75,75,75,75,75,75,75,75,75,75,75,75,75,75,75,75,75],"card_choices":[{"not_picked":["Thunderclap","Flex"],"picked":"Spot Weakness","floor":1},{"not_picked":["Heavy Blade","Spot Weakness"],"picked":"Pommel Strike","floor":4},{"not_picked":["Anger","Shockwave"],"picked":"Limit Break","floor":7},{"not_picked":["Cleave","Reckless Charge"],"picked":"Flame Barrier+1","floor":10},{"not_picked":["Clothesline","Twin Strike"],"picked":"Shockwave+1","floor":13},{"not_picked":["Double Tap+1","Berserk"],"picked":"Immolate","floor":16},{"not_picked":["Havoc+1","Pommel Strike"],"picked":"Body Slam","floor":18},{"not_picked":["Sword Boomerang","Power Through+1"],"picked":"Shrug It Off+1","floor":19},{"not_picked":["Wild Strike","Reckless Charge"],"picked":"Sword Boomerang","floor":21},{"not_picked":["Body Slam","Clash"],"picked":"Battle Trance+1","floor":23},{"not_picked":["Juggernaut","Clash"],"picked":"True Grit+1","floor":25},{"not_picked":["Clash","Dropkick+1"],"picked":"True Grit+1","floor":28},{"not_picked":["Sword Boomerang","Fire Breathing"],"picked":"Seeing Red+1","floor":29},{"not_picked":["Bloodletting+1","Cleave+1"],"picked":"Double Tap+1","floor":30}],"player_experience":626961,"relics_obtained":[{"floor":7,"key":"Juzu Bracelet"},{"floor":9,"key":"Toxic Egg 2"},{"floor":10,"key":"Odd Mushroom"},{"floor":11,"key":"Bottled Flame"},{"floor":13,"key":"StoneCalendar"},{"floor":23,"key":"Pen Nib"},{"floor":26,"key":"Anchor"},{"floor":28,"key":"Blood Vial"}],"event_choices":[{"cards_removed":["Strike_R"],"damage_healed":0,"gold_gain":0,"player_choice":"Card Removal","damage_taken":7,"max_hp_gain":0,"max_hp_loss":0,"event_name":"Golden Wing","floor":3,"gold_loss":0},{"damage_healed":0,"gold_gain":0,"player_choice":"2 cards matched","damage_taken":0,"max_hp_gain":0,"max_hp_loss":0,"event_name":"Match and Keep!","floor":5,"gold_loss":0,"cards_obtained":["Ghostly Armor","Pommel Strike"]},{"damage_healed":0,"gold_gain":0,"player_choice":"Fought Mushrooms","damage_taken":0,"max_hp_gain":0,"max_hp_loss":0,"event_name":"Mushrooms","floor":10,"gold_loss":0},{"damage_healed":0,"gold_gain":0,"player_choice":"Read","damage_taken":0,"max_hp_gain":0,"max_hp_loss":0,"event_name":"The Library","floor":20,"gold_loss":0,"cards_obtained":["Battle Trance"]}],"is_beta":false,"boss_relics":[{"not_picked":["Mark of Pain","Snecko Eye"],"picked":"Sozu"}],"items_purged_floors":[22,31],"is_endless":false,"potions_floor_spawned":[10,13,16,18,23,25,30],"killed_by":"Automaton","ascension_level":17}