{"gold_per_floor":[114,129,54,54,69,99,129,159,234,264,264,264,264,294,306,418,430,457,569,581,93,123,153,153,183,258,288,288,313,328,78,78,178,178,193,208,208,238,267,17,32,62,62,92,107,137,162,192,192,192],"floor_reached":51,"playtime":2321,"items_purged":["Brutality","Pain","Juggernaut"],"score":1378,"play_id":"af113226-6cad-4798-a1eb-b6392f161601","local_time":"20190331002618","daily_mods":["Shiny","Flight","DeadlyEvents"],"is_ascension_mode":false,"campfire_choices":[{"data":"Demon Form","floor":11,"key":"SMITH"},{"data":"True Grit","floor":13,"key":"SMITH"},{"data":"Disarm","floor":15,"key":"SMITH"},{"data":"Double Tap","floor":24,"key":"SMITH"},{"data":"Exhume","floor":28,"key":"SMITH"},{"data":"Barricade","floor":32,"key":"SMITH"},{"data":"Offering","floor":49,"key":"SMITH"}],"neow_cost":"","seed_source_timestamp":0,"circlet_count":0,"master_deck":["Double Tap+1","Demon Form+1","Bludgeon","Feed","Limit Break","Barricade+1","Fiend Fire","Dark Embrace","Impervious","Reaper","Exhume+1","Offering+1","Immolate","True Grit+1","Carnage","Disarm+1","Uppercut+1","Body Slam+1","Sword Boomerang+1","Clash+1","Flex+1","Iron Wave+1","Rage+1","Impervious","Disarm+1","Shrug It Off+1","Flame Barrier+1","Disarm+1","Whirlwind+1"],"special_seed":17986,"relics":["Burning Blood","WarpedTongs","Smiling Mask","Molten Egg 2","Mercury Hourglass","Meat on the Bone","Anchor","Lantern","MawBank","Sozu","Thread and Needle","Sundial","Strange Spoon","Matryoshka","Omamori","Question Card","Red Skull","Mummified Hand","Self Forming Clay","Blood Vial","Letter Opener","Ancient Tea Set","Sling","Philosopher\u0027s Stone","Dodecahedron","Ice Cream","Bottled Tornado","Paper Frog","Shuriken","Pen Nib","Dream Catcher","Regal Pillow","Unceasing Top"],"potions_floor_usage":[8,14],"damage_taken":[{"damage":13,"enemies":"Jaw Worm","floor":1,"turns":3},{"damage":0,"enemies":"Cultist","floor":2,"turns":2},{"damage":1,"enemies":"2 Louse","floor":5,"turns":1},{"damage":41,"enemies":"3 Sentries","floor":6,"turns":5},{"damage":38,"enemies":"Lagavulin","floor":7,"turns":5},{"damage":21,"enemies":"Gremlin Nob","floor":8,"turns":3},{"damage":7,"enemies":"Lagavulin","floor":10,"turns":5},{"damage":6,"enemies":"Gremlin Nob","floor":14,"turns":2},{"damage":16,"enemies":"The Guardian","floor":16,"turns":7},{"damage":2,"enemies":"Spheric Guardian","floor":18,"turns":3},{"damage":24,"enemies":"Colosseum Slavers","floor":19,"turns":3},{"damage":21,"enemies":"Colosseum Nobs","floor":19,"turns":3},{"damage":6,"enemies":"Book of Stabbing","floor":22,"turns":4},{"damage":20,"enemies":"Gremlin Leader","floor":23,"turns":5},{"damage":11,"enemies":"Slavers","floor":25,"turns":4},{"damage":6,"enemies":"Book of Stabbing","floor":27,"turns":3},{"damage":6,"enemies":"3 Byrds","floor":30,"turns":4},{"damage":24,"enemies":"Automaton","floor":33,"turns":8},{"damage":0,"enemies":"3 Darklings","floor":35,"turns":3},{"damage":0,"enemies":"Orb Walker","floor":36,"turns":2},{"damage":6,"enemies":"Reptomancer","floor":38,"turns":3},{"damage":6,"enemies":"2 Orb Walkers","floor":39,"turns":4},{"damage":15,"enemies":"4 Shapes","floor":41,"turns":3},{"damage":6,"enemies":"Giant Head","floor":42,"turns":5},{"damage":0,"enemies":"Nemesis","floor":44,"turns":5},{"damage":6,"enemies":"Sphere and 2 Shapes","floor":45,"turns":3},{"damage":6,"enemies":"Reptomancer","floor":46,"turns":3},{"damage":6,"enemies":"Nemesis","floor":48,"turns":5},{"damage":6,"enemies":"Donu and Deca","floor":50,"turns":5}],"seed_played":"5198979730431950550","potions_obtained":[{"floor":2,"key":"BloodPotion"},{"floor":7,"key":"Swift Potion"},{"floor":8,"key":"SteroidPotion"},{"floor":16,"key":"EssenceOfSteel"}],"is_trial":false,"path_per_floor":["M","M","$","?","M","E","E","E","T","E","R","?","R","E","R","B",null,"M","?","?","$","E","E","R","E","T","E","R","T","M","$","R","B",null,"M","M","?","E","?","$","M","E","T","E","M","E","T","E","R","B",null],"character_chosen":"IRONCLAD","items_purchased":["Strange Spoon","Matryoshka","Sling","Bottled Tornado"],"campfire_rested":0,"item_purchase_floors":[21,21,31,40],"current_hp_per_floor":[79,83,83,83,83,68,36,29,29,40,40,40,40,59,59,53,90,90,73,55,55,59,57,57,64,64,64,64,64,77,77,77,85,98,102,105,105,105,105,105,109,112,112,112,112,112,112,112,112,112],"gold":192,"neow_bonus":"","is_prod":false,"is_daily":true,"chose_seed":false,"campfire_upgraded":7,"win_rate":0,"timestamp":1554017178,"path_taken":["M","M","$","?","?","E","E","?","T","E","R","?","R","?","R","BOSS","M","?","?","?","?","E","R","E","T","E","R","?","M","$","R","BOSS","M","?","?","?","?","?","?","?","T","E","?","E","?","E","R","BOSS"],"build_version":"2019-01-23","purchased_purges":3,"victory":true,"max_hp_per_floor":[80,83,83,83,83,86,86,86,86,86,86,86,86,86,86,90,90,90,90,95,95,95,95,95,95,95,95,95,95,98,98,98,98,98,102,105,105,105,105,105,109,112,112,112,112,112,112,112,112,112],"card_choices":[{"not_picked":["Cleave","Uppercut"],"picked":"True Grit","floor":1},{"not_picked":["True Grit","Warcry"],"picked":"Carnage","floor":2},{"not_picked":["Iron Wave","Thunderclap","Clash"],"picked":"SKIP","floor":5},{"not_picked":["Anger","Thunderclap"],"picked":"Disarm","floor":6},{"not_picked":["Reaper","Immolate","Entrench"],"picked":"SKIP","floor":7},{"not_picked":["Hemokinesis+1","Limit Break"],"picked":"Uppercut+1","floor":8},{"not_picked":["Whirlwind+1","Clash+1"],"picked":"Body Slam+1","floor":10},{"not_picked":["Headbutt+1","Perfected Strike+1","Carnage+1"],"picked":"SKIP","floor":14},{"not_picked":["Combust","True Grit"],"picked":"Sword Boomerang+1","floor":18},{"not_picked":["Evolve","Anger+1"],"picked":"Clash+1","floor":19},{"not_picked":["Rampage+1","Thunderclap+1","Perfected Strike+1"],"picked":"SKIP","floor":22},{"not_picked":["Seeing Red","Rupture"],"picked":"Flex+1","floor":23},{"not_picked":["Pummel+1","Perfected Strike+1","Heavy Blade+1"],"picked":"Iron Wave+1","floor":25},{"not_picked":["Iron Wave+1","Shockwave","Pommel Strike+1"],"picked":"Rage+1","floor":27},{"not_picked":["Warcry+1","Combust","Bloodletting","Pommel Strike+1"],"picked":"SKIP","floor":30},{"not_picked":["Dark Embrace","Brutality","Fiend Fire+1"],"picked":"Impervious","floor":33},{"not_picked":["Twin Strike+1","Armaments+1","Inflame"],"picked":"Disarm+1","floor":35},{"not_picked":["Flex","Cleave+1","Body Slam+1","Iron Wave+1"],"picked":"SKIP","floor":36},{"not_picked":["Immolate+1","True Grit","Thunderclap+1","Clothesline+1"],"picked":"SKIP","floor":38},{"not_picked":["Disarm","Sword Boomerang+1","Seeing Red"],"picked":"Shrug It Off+1","floor":39},{"not_picked":["Bloodletting","Disarm+1","Clothesline+1"],"picked":"Flame Barrier+1","floor":41},{"not_picked":["Exhume","Cleave+1","Sword Boomerang+1","Sever Soul+1"],"picked":"SKIP","floor":42},{"not_picked":["Power Through+1","True Grit+1","Heavy Blade+1"],"picked":"Disarm+1","floor":44},{"not_picked":["True Grit+1","Clash+1","Anger+1"],"picked":"Whirlwind+1","floor":45},{"not_picked":["Sword Boomerang+1","Pommel Strike+1","Burning Pact","True Grit"],"picked":"SKIP","floor":46},{"not_picked":["Havoc+1","Shrug It Off+1","Iron Wave+1","Cleave+1"],"picked":"SKIP","floor":48}],"player_experience":876190,"relics_obtained":[{"floor":6,"key":"Smiling Mask"},{"floor":7,"key":"Molten Egg 2"},{"floor":8,"key":"Mercury Hourglass"},{"floor":9,"key":"Meat on the Bone"},{"floor":10,"key":"Anchor"},{"floor":14,"key":"MawBank"},{"floor":19,"key":"Thread and Needle"},{"floor":19,"key":"Sundial"},{"floor":22,"key":"Omamori"},{"floor":23,"key":"Question Card"},{"floor":25,"key":"Red Skull"},{"floor":26,"key":"Mummified Hand"},{"floor":26,"key":"Self Forming Clay"},{"floor":27,"key":"Blood Vial"},{"floor":29,"key":"Letter Opener"},{"floor":29,"key":"Ancient Tea Set"},{"floor":38,"key":"Dodecahedron"},{"floor":39,"key":"Ice Cream"},{"floor":42,"key":"Paper Frog"},{"floor":43,"key":"Shuriken"},{"floor":44,"key":"Pen Nib"},{"floor":46,"key":"Dream Catcher"},{"floor":47,"key":"Regal Pillow"},{"floor":48,"key":"Unceasing Top"}],"event_choices":[{"damage_healed":0,"gold_gain":0,"player_choice":"Rummage","damage_taken":0,"relics_obtained":["WarpedTongs"],"max_hp_gain":0,"max_hp_loss":0,"event_name":"Accursed Blacksmith","floor":4,"gold_loss":0,"cards_obtained":["Pain"]},{"damage_healed":0,"gold_gain":0,"player_choice":"Gave Potion","damage_taken":0,"relics_obtained":["Lantern"],"max_hp_gain":0,"max_hp_loss":0,"event_name":"WeMeetAgain","floor":12,"gold_loss":0},{"damage_healed":0,"gold_gain":0,"player_choice":"Fight","damage_taken":0,"max_hp_gain":0,"max_hp_loss":0,"event_name":"Colosseum","floor":19,"gold_loss":0},{"damage_healed":0,"gold_gain":0,"player_choice":"Fought Nobs","damage_taken":0,"max_hp_gain":0,"max_hp_loss":0,"event_name":"Colosseum","floor":19,"gold_loss":0},{"damage_healed":0,"gold_gain":0,"player_choice":"Shed Blood","damage_taken":23,"max_hp_gain":5,"max_hp_loss":0,"event_name":"Forgotten Altar","floor":20,"gold_loss":0},{"cards_removed":["Berserk"],"damage_healed":0,"gold_gain":0,"player_choice":"Purged","damage_taken":0,"max_hp_gain":0,"max_hp_loss":0,"event_name":"Purifier","floor":37,"gold_loss":0},{"damage_healed":0,"gold_gain":0,"player_choice":"Fight","damage_taken":0,"max_hp_gain":0,"max_hp_loss":0,"event_name":"Mysterious Sphere","floor":39,"gold_loss":0}],"is_beta":false,"boss_relics":[{"not_picked":["Busted Crown","Fusion Hammer"],"picked":"Sozu"},{"not_picked":["Calling Bell","Cursed Key"],"picked":"Philosopher\u0027s Stone"}],"items_purged_floors":[3,21,31],"is_endless":false,"potions_floor_spawned":[2,7,8,16,19,22,25,30,38,41,45,48],"ascension_level":0}