{"gold_per_floor":[119,138,313,326,251,282,308,321,321,338,356,28,63,23,23,23],"floor_reached":16,"playtime":593,"items_purged":["Doubt"],"score":179,"play_id":"ce239bfb-681e-49d8-a143-75806a2eafd4","local_time":"20181019114903","is_ascension_mode":true,"campfire_choices":[{"data":"Feel No Pain","floor":15,"key":"SMITH"}],"neow_cost":"NONE","seed_source_timestamp":6155209705811,"circlet_count":0,"master_deck":["Strike_R","Strike_R","Strike_R","Strike_R","Strike_R","Defend_R","Defend_R","Defend_R","Defend_R","Bash","AscendersBane","Bludgeon","Warcry","Cleave","Pummel","Feel No Pain+1","Thunderclap","Pummel","Purity"],"relics":["Burning Blood","Dead Branch","Odd Mushroom","Shuriken","Bottled Tornado","Darkstone Periapt"],"potions_floor_usage":[10,11,13],"damage_taken":[{"damage":1,"enemies":"Cultist","floor":1,"turns":3},{"damage":0,"enemies":"Small Slimes","floor":2,"turns":2},{"damage":9,"enemies":"2 Louse","floor":4,"turns":3},{"damage":40,"enemies":"Lagavulin","floor":6,"turns":6},{"damage":27,"enemies":"The Mushroom Lair","floor":7,"turns":4},{"damage":4,"enemies":"2 Fungi Beasts","floor":8,"turns":3},{"damage":6,"enemies":"Looter","floor":10,"turns":2},{"damage":8,"enemies":"Lots of Slimes","floor":11,"turns":2},{"damage":18,"enemies":"Gremlin Nob","floor":13,"turns":5},{"damage":14,"enemies":"Hexaghost","floor":16,"turns":9}],"seed_played":"799519010928407711","potions_obtained":[{"floor":6,"key":"Fire Potion"},{"floor":8,"key":"EssenceOfSteel"},{"floor":10,"key":"Energy Potion"}],"is_trial":false,"path_per_floor":["M","M","?","M","$","E","?","M","T","M","M","$","E","?","R"],"character_chosen":"IRONCLAD","items_purchased":["Bottled Tornado","Purity"],"campfire_rested":0,"item_purchase_floors":[12,12],"current_hp_per_floor":[77,80,80,77,77,43,22,24,24,24,22,22,10,10,10,0],"gold":23,"neow_bonus":"ONE_RANDOM_RARE_CARD","is_prod":false,"is_daily":false,"chose_seed":false,"campfire_upgraded":1,"win_rate":0,"timestamp":1539942543,"path_taken":["M","M","?","M","$","E","?","M","T","?","?","$","E","?","R","BOSS"],"build_version":"2018-10-18","purchased_purges":1,"victory":false,"max_hp_per_floor":[80,80,80,80,80,80,80,80,80,80,80,80,80,80,80,80],"card_choices":[{"not_picked":["Clash","Heavy Blade"],"picked":"Warcry","floor":1},{"not_picked":["Thunderclap","Entrench"],"picked":"Cleave","floor":2},{"not_picked":["Flame Barrier","Dropkick","Sword Boomerang"],"picked":"SKIP","floor":4},{"not_picked":["Dual Wield","True Grit"],"picked":"Pummel","floor":6},{"not_picked":["Flex","Wild Strike"],"picked":"Feel No Pain","floor":7},{"not_picked":["Rage","Clothesline"],"picked":"Thunderclap","floor":8},{"not_picked":["Brutality","Cleave","Perfected Strike"],"picked":"SKIP","floor":10},{"not_picked":["Clash","Cleave"],"picked":"Pummel","floor":11},{"not_picked":["Body Slam","Headbutt","Flex"],"picked":"SKIP","floor":13}],"player_experience":583255,"relics_obtained":[{"floor":6,"key":"Dead Branch"},{"floor":7,"key":"Odd Mushroom"},{"floor":9,"key":"Shuriken"},{"floor":13,"key":"Darkstone Periapt"}],"event_choices":[{"damage_healed":0,"gold_gain":175,"player_choice":"AGREE","damage_taken":0,"max_hp_gain":0,"max_hp_loss":0,"event_name":"Liars Game","floor":3,"gold_loss":0,"cards_obtained":["Doubt"]},{"damage_healed":0,"gold_gain":0,"player_choice":"Fought Mushrooms","damage_taken":0,"max_hp_gain":0,"max_hp_loss":0,"event_name":"Mushrooms","floor":7,"gold_loss":0},{"damage_healed":0,"gold_gain":0,"player_choice":"Left Gold","damage_taken":0,"max_hp_gain":0,"max_hp_loss":0,"event_name":"World of Goop","floor":14,"gold_loss":40}],"is_beta":false,"boss_relics":[],"items_purged_floors":[5],"is_endless":false,"potions_floor_spawned":[6,8,10],"killed_by":"Hexaghost","ascension_level":12}