{"gold_per_floor":[111,261,280,20,32,64,80,80,80,80,80,80,80,114,114,114],"floor_reached":16,"playtime":432,"items_purged":["Doubt"],"score":216,"play_id":"e78c9a10-46c4-4cce-b321-3651c04cfed5","local_time":"20190102135622","is_ascension_mode":true,"campfire_choices":[{"data":"Sweeping Beam","floor":8,"key":"SMITH"},{"data":"Zap","floor":10,"key":"SMITH"},{"floor":12,"key":"REST"},{"floor":15,"key":"REST"}],"neow_cost":"NONE","seed_source_timestamp":504535823505513,"circlet_count":0,"master_deck":["AscendersBane","Strike_B","Strike_B","Strike_B","Strike_B","Defend_B","Defend_B","Defend_B","Defend_B","Zap+1","Dualcast","Undo","Compile Driver","Sweeping Beam+1","Gash","Double Energy","Coolheaded+1","Melter"],"relics":["Cracked Core","Membership Card","Ice Cream","Torii","The Courier"],"potions_floor_usage":[6,14,16],"damage_taken":[{"damage":1,"enemies":"Cultist","floor":1,"turns":3},{"damage":4,"enemies":"Small Slimes","floor":3,"turns":3},{"damage":1,"enemies":"2 Louse","floor":5,"turns":4},{"damage":25,"enemies":"Lagavulin","floor":6,"turns":7},{"damage":9,"enemies":"2 Fungi Beasts","floor":7,"turns":3},{"damage":32,"enemies":"Gremlin Nob","floor":14,"turns":4},{"damage":37,"enemies":"Hexaghost","floor":16,"turns":9}],"seed_played":"-5549042736434230710","potions_obtained":[{"floor":5,"key":"Fire Potion"},{"floor":7,"key":"GamblersBrew"},{"floor":14,"key":"Block Potion"}],"is_trial":false,"path_per_floor":["M","?","M","$","M","E","M","R","T","R","?","R","?","E","R","B"],"character_chosen":"DEFECT","items_purchased":["Membership Card"],"campfire_rested":2,"item_purchase_floors":[4],"current_hp_per_floor":[63,63,59,59,58,33,24,24,24,24,24,45,45,13,34,0],"gold":114,"neow_bonus":"THREE_CARDS","is_prod":false,"is_daily":false,"chose_seed":false,"campfire_upgraded":2,"win_rate":0,"timestamp":1546433782,"path_taken":["M","?","M","$","M","E","M","R","T","R","?","R","?","E","R","BOSS"],"build_version":"2018-12-20","purchased_purges":1,"victory":false,"max_hp_per_floor":[71,71,71,71,71,71,71,71,71,71,71,71,71,71,71,71],"card_choices":[{"not_picked":["Double Energy","Beam Cell"],"picked":"Undo","floor":0},{"not_picked":["Rebound","Stack"],"picked":"Compile Driver","floor":1},{"not_picked":["Undo","Compile Driver"],"picked":"Sweeping Beam","floor":3},{"not_picked":["Barrage","Undo"],"picked":"Gash","floor":5},{"not_picked":["Lockon","Hologram"],"picked":"Double Energy","floor":6},{"not_picked":["Fusion","Rip and Tear"],"picked":"Coolheaded","floor":7},{"not_picked":["Redo","Fission"],"picked":"Melter","floor":14}],"player_experience":1092305,"relics_obtained":[{"floor":6,"key":"Ice Cream"},{"floor":9,"key":"Torii"},{"floor":14,"key":"The Courier"}],"event_choices":[{"damage_healed":0,"gold_gain":150,"player_choice":"AGREE","damage_taken":0,"max_hp_gain":0,"max_hp_loss":0,"event_name":"Liars Game","floor":2,"gold_loss":0,"cards_obtained":["Doubt"]},{"damage_healed":0,"gold_gain":0,"player_choice":"Ignored","damage_taken":0,"max_hp_gain":0,"max_hp_loss":0,"event_name":"Golden Wing","floor":11,"gold_loss":0},{"damage_healed":0,"gold_gain":0,"player_choice":"Grow","damage_taken":0,"max_hp_gain":0,"max_hp_loss":0,"event_name":"Living Wall","floor":13,"gold_loss":0,"cards_upgraded":["Coolheaded"]}],"is_beta":false,"boss_relics":[],"items_purged_floors":[4],"is_endless":false,"potions_floor_spawned":[5,7,14],"killed_by":"Hexaghost","ascension_level":20}