{"gold_per_floor":[116,136,0,0,14,48,48,65,144,179,195,85,85,85,85,180,180,167,92,69,69,84,84,144,158,158,169,169,183,183,215,215,318,318,334,347,347,347,347,347,2,13,38,53,68,98,111,129,129,129],"floor_reached":50,"playtime":7491,"items_purged":["Strike_R","Defend_R"],"score":704,"play_id":"f9997816-0c2d-4ab8-ab49-5202bd9356b4","local_time":"20190421233922","is_ascension_mode":true,"campfire_choices":[{"floor":7,"key":"REST"},{"floor":15,"key":"REST"},{"data":"Demon Form","floor":23,"key":"SMITH"},{"data":"Heavy Blade","floor":28,"key":"SMITH"},{"data":"Inflame","floor":30,"key":"SMITH"},{"floor":32,"key":"REST"},{"data":"Whirlwind","floor":40,"key":"SMITH"},{"floor":49,"key":"REST"}],"neow_cost":"PERCENT_DAMAGE","seed_source_timestamp":799986720848300,"circlet_count":0,"master_deck":["Defend_R","Bash","Rupture","Blood for Blood","Shrug It Off","Pommel Strike","Feed+1","Headbutt","Inflame+1","Disarm","Whirlwind+1","Clothesline","Demon Form+1","Clothesline","Shrug It Off+1","RitualDagger","Shrug It Off+1","Heavy Blade+1","Flame Barrier","Offering","Anger+1","Whirlwind+1","Panacea+1","Shrug It Off","Combust+1","Parasite","Infernal Blade+1","Inflame+1"],"relics":["Burning Blood","WingedGreaves","Singing Bowl","Dream Catcher","Mark of Pain","Tiny Chest","Vajra","Matryoshka","Empty Cage","Bag of Preparation","Dodecahedron","Brimstone","Orichalcum","War Paint","Darkstone Periapt"],"potions_floor_usage":[16,16,16,25,31,44,47,47,50],"damage_taken":[{"damage":8,"enemies":"2 Louse","floor":1,"turns":4},{"damage":0,"enemies":"Cultist","floor":2,"turns":4},{"damage":0,"enemies":"Small Slimes","floor":5,"turns":3},{"damage":50,"enemies":"Lagavulin","floor":6,"turns":9},{"damage":5,"enemies":"3 Louse","floor":8,"turns":5},{"damage":27,"enemies":"Gremlin Nob","floor":10,"turns":4},{"damage":27,"enemies":"Exordium Thugs","floor":11,"turns":5},{"damage":40,"enemies":"The Guardian","floor":16,"turns":11},{"damage":20,"enemies":"2 Thieves","floor":18,"turns":4},{"damage":12,"enemies":"Shell Parasite","floor":22,"turns":7},{"damage":18,"enemies":"Book of Stabbing","floor":24,"turns":6},{"damage":26,"enemies":"Shelled Parasite and Fungi","floor":25,"turns":5},{"damage":23,"enemies":"Centurion and Healer","floor":27,"turns":7},{"damage":30,"enemies":"3 Cultists","floor":29,"turns":5},{"damage":32,"enemies":"Slavers","floor":31,"turns":5},{"damage":27,"enemies":"Collector","floor":33,"turns":7},{"damage":18,"enemies":"3 Darklings","floor":35,"turns":3},{"damage":30,"enemies":"3 Shapes","floor":36,"turns":4},{"damage":52,"enemies":"Maw","floor":42,"turns":5},{"damage":12,"enemies":"Sphere and 2 Shapes","floor":44,"turns":1},{"damage":17,"enemies":"Writhing Mass","floor":45,"turns":4},{"damage":7,"enemies":"Giant Head","floor":46,"turns":5},{"damage":23,"enemies":"4 Shapes","floor":47,"turns":6},{"damage":6,"enemies":"3 Darklings","floor":48,"turns":1},{"damage":74,"enemies":"Time Eater","floor":50,"turns":6}],"seed_played":"6370343218292826853","potions_obtained":[{"floor":5,"key":"GamblersBrew"},{"floor":8,"key":"Swift Potion"},{"floor":10,"key":"SkillPotion"},{"floor":14,"key":"Fruit Juice"},{"floor":14,"key":"Regen Potion"},{"floor":18,"key":"BloodPotion"},{"floor":24,"key":"SteroidPotion"},{"floor":29,"key":"PowerPotion"},{"floor":35,"key":"SteroidPotion"},{"floor":45,"key":"Weak Potion"},{"floor":46,"key":"PowerPotion"},{"floor":48,"key":"Ancient Potion"}],"is_trial":false,"path_per_floor":["M","M","$","?","M","E","R","M","T","E","M","$","?","?","R","B",null,"M","?","$","?","M","R","E","M","T","M","R","M","R","E","R","B",null,"M","M","?","?","T","R","$","M","T","M","M","E","M","M","R","B"],"character_chosen":"IRONCLAD","items_purchased":["Feed","Whirlwind","Shrug It Off","Brimstone","Shrug It Off"],"campfire_rested":4,"item_purchase_floors":[3,12,20,41,41],"current_hp_per_floor":[54,60,60,60,70,30,56,61,61,40,25,25,25,25,54,44,107,97,97,97,91,89,89,79,77,77,60,60,42,42,22,62,41,135,123,99,99,99,99,99,99,55,55,49,40,41,30,30,74,0],"gold":129,"neow_bonus":"TRANSFORM_TWO_CARDS","is_prod":false,"is_daily":false,"chose_seed":false,"campfire_upgraded":4,"win_rate":0,"timestamp":1555904362,"path_taken":["M","M","$","?","M","E","R","M","T","E","?","$","?","?","R","BOSS","M","?","$","?","M","R","E","M","T","M","R","M","R","E","R","BOSS","M","M","?","?","?","R","$","M","T","M","M","E","?","M","R","BOSS"],"build_version":"2019-01-23","purchased_purges":2,"victory":false,"max_hp_per_floor":[80,80,80,80,84,88,88,92,92,92,98,98,98,98,98,107,107,111,111,111,111,115,115,117,123,123,123,123,129,129,135,135,135,135,135,135,135,135,135,135,135,137,137,137,139,141,147,147,147,147],"card_choices":[{"not_picked":["Perfected Strike","Body Slam"],"picked":"Shrug It Off","floor":1},{"not_picked":["Sword Boomerang","Flex"],"picked":"Pommel Strike","floor":2},{"not_picked":["Battle Trance","Burning Pact"],"picked":"Headbutt","floor":5},{"not_picked":["Sever Soul","Double Tap","Heavy Blade"],"picked":"SKIP","floor":6},{"not_picked":["Sever Soul","Double Tap","Heavy Blade"],"picked":"SKIP","floor":6},{"not_picked":["Warcry","Seeing Red"],"picked":"Inflame","floor":8},{"not_picked":["Fire Breathing","Anger"],"picked":"Disarm","floor":10},{"not_picked":["Warcry","Rupture","Clash"],"picked":"Singing Bowl","floor":11},{"not_picked":["Second Wind","Evolve"],"picked":"Clothesline","floor":15},{"not_picked":["Feed","Immolate"],"picked":"Demon Form","floor":16},{"not_picked":["Fire Breathing","Dropkick"],"picked":"Clothesline","floor":18},{"not_picked":["Twin Strike","Clothesline"],"picked":"Shrug It Off+1","floor":22},{"not_picked":["Reaper","Power Through","Whirlwind"],"picked":"Singing Bowl","floor":24},{"not_picked":["Havoc+1","Clash","Disarm"],"picked":"Singing Bowl","floor":25},{"not_picked":["Armaments","Warcry"],"picked":"Heavy Blade","floor":27},{"not_picked":["Warcry","Armaments","Clash"],"picked":"Singing Bowl","floor":29},{"not_picked":["Thunderclap","Wild Strike","Warcry"],"picked":"Singing Bowl","floor":31},{"not_picked":["Clothesline+1","Body Slam+1"],"picked":"Flame Barrier","floor":32},{"not_picked":["Demon Form","Berserk"],"picked":"Offering","floor":33},{"not_picked":["Clothesline+1","Iron Wave+1"],"picked":"Anger+1","floor":35},{"not_picked":["Perfected Strike","Anger+1"],"picked":"Whirlwind+1","floor":36},{"not_picked":["Thinking Ahead","Dramatic Entrance"],"picked":"Panacea","floor":38},{"not_picked":["Pommel Strike+1","Fire Breathing","Pummel"],"picked":"Singing Bowl","floor":42},{"not_picked":["Armaments","True Grit"],"picked":"Combust+1","floor":44},{"not_picked":["Cleave+1","Headbutt","Twin Strike"],"picked":"Singing Bowl","floor":45},{"not_picked":["Clash+1","Feel No Pain","Cleave"],"picked":"Singing Bowl","floor":46},{"not_picked":["Sword Boomerang+1","Dual Wield+1","Spot Weakness"],"picked":"Singing Bowl","floor":47},{"not_picked":["Wild Strike+1","Burning Pact"],"picked":"Infernal Blade+1","floor":48},{"not_picked":["Clash+1","Barricade"],"picked":"Inflame+1","floor":49}],"player_experience":103825,"relics_obtained":[{"floor":6,"key":"WingedGreaves"},{"floor":9,"key":"Singing Bowl"},{"floor":10,"key":"Dream Catcher"},{"floor":24,"key":"Tiny Chest"},{"floor":26,"key":"Vajra"},{"floor":31,"key":"Matryoshka"},{"floor":39,"key":"Bag of Preparation"},{"floor":39,"key":"Dodecahedron"},{"floor":43,"key":"Orichalcum"},{"floor":43,"key":"War Paint"},{"floor":46,"key":"Darkstone Periapt"}],"event_choices":[{"damage_healed":0,"gold_gain":0,"player_choice":"Upgraded","damage_taken":0,"max_hp_gain":0,"max_hp_loss":0,"event_name":"Upgrade Shrine","floor":4,"gold_loss":0,"cards_upgraded":["Feed"]},{"cards_removed":["Strike_R"],"damage_healed":0,"gold_gain":0,"player_choice":"Forget","damage_taken":0,"max_hp_gain":0,"max_hp_loss":0,"event_name":"Living Wall","floor":13,"gold_loss":0},{"damage_healed":0,"gold_gain":0,"player_choice":"Got Potions","damage_taken":0,"max_hp_gain":0,"max_hp_loss":0,"event_name":"Lab","floor":14,"gold_loss":0},{"cards_removed":["Strike_R"],"damage_healed":0,"gold_gain":0,"player_choice":"Gave Gold","damage_taken":0,"max_hp_gain":0,"max_hp_loss":0,"event_name":"Beggar","floor":19,"gold_loss":75},{"damage_healed":0,"gold_gain":0,"player_choice":"Joined the Cult","damage_taken":6,"max_hp_gain":0,"max_hp_loss":0,"event_name":"Nest","floor":21,"gold_loss":0,"cards_obtained":["RitualDagger"]},{"damage_healed":0,"gold_gain":0,"player_choice":"Ignored","damage_taken":0,"max_hp_gain":0,"max_hp_loss":0,"event_name":"Tomb of Lord Red Mask","floor":37,"gold_loss":0},{"damage_healed":0,"gold_gain":0,"player_choice":"Memory 1","damage_taken":0,"max_hp_gain":0,"max_hp_loss":0,"event_name":"SensoryStone","floor":38,"gold_loss":0}],"is_beta":false,"boss_relics":[{"not_picked":["Runic Dome","Fusion Hammer"],"picked":"Mark of Pain"},{"not_picked":["White Beast Statue","Lizard Tail"],"picked":"Empty Cage"}],"items_purged_floors":[12,41],"is_endless":false,"potions_floor_spawned":[5,8,10,18,24,29,35,45,46,48],"killed_by":"Time Eater","ascension_level":4}