{"gold_per_floor":[113,125,141,53,3,37,51,51,77,77,108,108,120,130,130,231,231,247,41,41,56,76,76,76,99,111,155,186,214,226,249,261,373,385,411,120,136,36,55,55,71,71],"floor_reached":42,"playtime":2060,"items_purged":["Regret","Normality"],"score":479,"play_id":"d821739e-da26-4f06-b6f6-905ff9407b6c","local_time":"20180802092234","is_ascension_mode":true,"campfire_choices":[{"floor":8,"key":"REST"},{"floor":10,"key":"REST"},{"data":"Noxious Fumes","floor":12,"key":"SMITH"},{"data":"Noxious Fumes","floor":15,"key":"SMITH"},{"floor":23,"key":"REST"},{"floor":30,"key":"REST"},{"floor":32,"key":"REST"},{"floor":40,"key":"REST"}],"neow_cost":"NONE","seed_source_timestamp":488589863936128,"circlet_count":0,"master_deck":["Survivor","Neutralize","Deadly Poison","Cloak And Dagger","Dagger Throw","Flash of Steel","Noxious Fumes+1","Prepared","All Out Attack","Dodge and Roll","Noxious Fumes+1","Corpse Explosion","Backflip","PiercingWail","Cloak And Dagger","Dagger Spray","Outmaneuver","Poisoned Stab","Riddle With Holes","Well Laid Plans","Dagger Throw","Backstab","Noxious Fumes","Necronomicurse","Deadly Poison+1","Catalyst","Writhe","Deadly Poison+1","Noxious Fumes","Underhanded Strike+1","Crippling Poison+1"],"relics":["WristBlade","Bronze Scales","Vajra","Ancient Tea Set","Sling","Nloth\u0027s Gift","Necronomicon","MawBank","Anchor","Unceasing Top","Calling Bell","Strawberry","Gremlin Horn","Ginger","Bag of Marbles"],"potions_floor_usage":[16,16,18,27,28,35],"damage_taken":[{"damage":6,"enemies":"Jaw Worm","floor":1,"turns":6},{"damage":0,"enemies":"Small Slimes","floor":2,"turns":4},{"damage":1,"enemies":"Cultist","floor":3,"turns":3},{"damage":40,"enemies":"Gremlin Nob","floor":6,"turns":5},{"damage":12,"enemies":"Gremlin Gang","floor":7,"turns":4},{"damage":6,"enemies":"Lagavulin","floor":11,"turns":6},{"damage":0,"enemies":"Large Slime","floor":13,"turns":4},{"damage":0,"enemies":"3 Louse","floor":14,"turns":3},{"damage":15,"enemies":"The Guardian","floor":16,"turns":8},{"damage":6,"enemies":"Chosen","floor":18,"turns":4},{"damage":7,"enemies":"3 Byrds","floor":21,"turns":3},{"damage":25,"enemies":"Centurion and Healer","floor":22,"turns":5},{"damage":14,"enemies":"Slavers","floor":27,"turns":3},{"damage":20,"enemies":"Sentry and Sphere","floor":28,"turns":5},{"damage":0,"enemies":"3 Cultists","floor":29,"turns":2},{"damage":7,"enemies":"Centurion and Healer","floor":31,"turns":5},{"damage":16,"enemies":"Champ","floor":33,"turns":8},{"damage":14,"enemies":"3 Shapes","floor":35,"turns":5},{"damage":23,"enemies":"3 Darklings","floor":37,"turns":4},{"damage":22,"enemies":"Sphere and 2 Shapes","floor":39,"turns":5},{"damage":0,"enemies":"Flame Bruiser 2 Orb","floor":41,"turns":3},{"damage":50,"enemies":"Spire Growth","floor":42,"turns":5}],"seed_played":"-4870924715732128472","potions_obtained":[{"floor":6,"key":"Explosive Potion"},{"floor":13,"key":"Swift Potion"},{"floor":14,"key":"Weak Potion"},{"floor":18,"key":"Energy Potion"},{"floor":27,"key":"Regen Potion"},{"floor":31,"key":"Fire Potion"},{"floor":33,"key":"Poison Potion"},{"floor":39,"key":"SpeedPotion"},{"floor":41,"key":"LiquidBronze"}],"is_trial":false,"path_per_floor":["M","M","M","$","?","E","M","R","T","R","E","R","M","M","R","B",null,"M","$","?","M","M","R","?","T","T","E","M","M","R","M","R","B",null,"M","$","M","$","M","R","M"],"character_chosen":"THE_SILENT","items_purchased":["Flash of Steel","Sling","Bag of Marbles","Noxious Fumes"],"campfire_rested":6,"item_purchase_floors":[4,19,36,36],"current_hp_per_floor":[64,64,63,63,63,23,11,32,32,53,47,47,47,47,47,32,70,64,64,64,57,32,53,37,37,37,23,17,17,38,31,52,36,77,63,63,40,40,18,41,41,0],"gold":71,"neow_bonus":"BOSS_RELIC","is_prod":false,"is_daily":false,"chose_seed":false,"campfire_upgraded":2,"win_rate":0,"timestamp":1533194554,"path_taken":["M","M","M","$","?","E","M","R","T","R","E","R","M","M","R","BOSS","M","$","?","M","M","R","?","?","T","E","M","M","R","M","R","BOSS","M","$","M","$","?","R","M","M"],"build_version":"2018-07-26","purchased_purges":2,"victory":false,"max_hp_per_floor":[70,70,70,70,70,70,70,70,70,70,70,70,70,70,70,70,70,70,70,70,70,70,70,70,70,70,70,70,70,70,70,70,70,77,77,77,77,77,77,77,77,77],"card_choices":[{"not_picked":["Outmaneuver","Escape Plan"],"picked":"Deadly Poison","floor":1},{"not_picked":["Acrobatics","Leg Sweep"],"picked":"Cloak And Dagger","floor":2},{"not_picked":["Bane","Slice"],"picked":"Dagger Throw","floor":3},{"not_picked":["Quick Slash","Skewer"],"picked":"Noxious Fumes","floor":6},{"not_picked":["Sucker Punch","PiercingWail"],"picked":"Prepared","floor":7},{"not_picked":["Flechettes","Flying Knee"],"picked":"All Out Attack","floor":11},{"not_picked":["PiercingWail","Expertise"],"picked":"Dodge and Roll","floor":13},{"not_picked":["Prepared","Dagger Spray"],"picked":"Noxious Fumes","floor":14},{"not_picked":["Glass Knife","Wraith Form v2"],"picked":"Corpse Explosion","floor":16},{"not_picked":["Acrobatics","Flying Knee","Sucker Punch"],"picked":"SKIP","floor":18},{"not_picked":["Acrobatics","Bullet Time"],"picked":"Backstab","floor":21},{"not_picked":["Sucker Punch","Accuracy+1"],"picked":"Noxious Fumes","floor":22},{"not_picked":["Dagger Throw","Heel Hook","Grand Finale"],"picked":"SKIP","floor":27},{"not_picked":["Blade Dance","Dodge and Roll"],"picked":"Deadly Poison+1","floor":28},{"not_picked":["Flying Knee","Escape Plan+1","Flechettes"],"picked":"SKIP","floor":29},{"not_picked":["Poisoned Stab","Acrobatics"],"picked":"Catalyst","floor":31},{"not_picked":["Phantasmal Killer","Prepared"],"picked":"Deadly Poison+1","floor":35},{"not_picked":["PiercingWail","Backflip","Slice"],"picked":"SKIP","floor":37},{"not_picked":["Poisoned Stab+1","Flying Knee+1"],"picked":"Underhanded Strike+1","floor":39},{"not_picked":["Deflect","Bouncing Flask+1"],"picked":"Crippling Poison+1","floor":41}],"player_experience":201812,"relics_obtained":[{"floor":6,"key":"Bronze Scales"},{"floor":9,"key":"Vajra"},{"floor":11,"key":"Ancient Tea Set"},{"floor":24,"key":"Necronomicon"},{"floor":25,"key":"MawBank"},{"floor":26,"key":"Anchor"},{"floor":27,"key":"Unceasing Top"},{"floor":34,"key":"Strawberry"},{"floor":34,"key":"Gremlin Horn"},{"floor":34,"key":"Ginger"}],"event_choices":[{"event_name":"The Cleric","player_choice":"Card Removal","floor":5,"damage_taken":0},{"event_name":"N\u0027loth","player_choice":"Traded a Pandora\u0027s Box","floor":20,"damage_taken":0},{"event_name":"Cursed Tome","player_choice":"Obtained Book","floor":24,"damage_taken":0}],"is_beta":false,"boss_relics":[{"not_picked":["Runic Dome","Busted Crown"],"picked":"Pandora\u0027s Box"},{"not_picked":["Velvet Choker","Eternal Feather"],"picked":"Calling Bell"}],"items_purged_floors":[36,38],"is_endless":false,"potions_floor_spawned":[6,13,14,18,27,31,33,39,41],"killed_by":"Spire Growth","ascension_level":1}