{"gold_per_floor":[114,129,181,181,94,94,124,224,224,224,254,269,269,269,269,394,394,413,413,413,432,451,451,470,470,470,508,508,527,527,557,557,657,657,672,672,687,312,327,327,357,357,382,397,443,443,32,32,32,32],"floor_reached":51,"playtime":1685,"items_purged":["Twin Strike","Shame"],"score":793,"play_id":"32e714da-ee26-4dc9-997b-06e00347f16d","local_time":"20190406003145","daily_mods":["SealedDeck","Red Cards","Lethality"],"is_ascension_mode":false,"campfire_choices":[{"data":"Body Slam","floor":6,"key":"SMITH"},{"data":"True Grit","floor":10,"key":"SMITH"},{"data":"Flame Barrier","floor":15,"key":"SMITH"},{"data":"RitualDagger","floor":23,"key":"SMITH"},{"data":"Uppercut","floor":25,"key":"SMITH"},{"floor":32,"key":"REST"},{"data":"Buffer","floor":40,"key":"SMITH"},{"data":"Beam Cell","floor":42,"key":"SMITH"},{"data":"Reinforced Body","floor":46,"key":"SMITH"},{"data":"Barricade","floor":49,"key":"SMITH"}],"neow_cost":"","seed_source_timestamp":0,"circlet_count":0,"master_deck":["Uppercut+1","Rebound","Headbutt+1","Dropkick","Rage","Iron Wave","Body Slam+1","Shrug It Off","Reinforced Body+1","Flame Barrier+1","Clash+1","True Grit+1","Beam Cell+1","Metallicize","Machine Learning","Electrodynamics","Battle Trance","RitualDagger+1","Conserve Battery+1","Impervious","Buffer+1","Flex+1","Body Slam+1","Amplify","Rampage+1","Barricade+1"],"special_seed":17992,"relics":["Cracked Core","Girya","Ancient Tea Set","Pear","DataDisk","Bloody Idol","Oddly Smooth Stone","Cursed Key","Letter Opener","Anchor","Spirit Poop","Ginger","Sozu","Nunchaku","Whetstone","Strawberry","Prayer Wheel","Vajra"],"potions_floor_usage":[21,31],"damage_taken":[{"damage":0,"enemies":"Small Slimes","floor":1,"turns":2},{"damage":0,"enemies":"2 Louse","floor":2,"turns":1},{"damage":18,"enemies":"3 Sentries","floor":7,"turns":7},{"damage":9,"enemies":"Lagavulin","floor":11,"turns":3},{"damage":0,"enemies":"Cultist","floor":12,"turns":2},{"damage":21,"enemies":"The Guardian","floor":16,"turns":10},{"damage":0,"enemies":"Chosen","floor":18,"turns":2},{"damage":3,"enemies":"3 Byrds","floor":21,"turns":2},{"damage":0,"enemies":"Centurion and Healer","floor":22,"turns":4},{"damage":12,"enemies":"Snecko","floor":24,"turns":3},{"damage":25,"enemies":"Slavers","floor":27,"turns":3},{"damage":1,"enemies":"Snake Plant","floor":29,"turns":3},{"damage":12,"enemies":"Gremlin Leader","floor":31,"turns":4},{"damage":8,"enemies":"Automaton","floor":33,"turns":6},{"damage":0,"enemies":"Orb Walker","floor":35,"turns":2},{"damage":3,"enemies":"3 Shapes","floor":37,"turns":3},{"damage":0,"enemies":"Sphere and 2 Shapes","floor":39,"turns":4},{"damage":0,"enemies":"Reptomancer","floor":41,"turns":4},{"damage":0,"enemies":"Jaw Worm Horde","floor":44,"turns":2},{"damage":9,"enemies":"2 Orb Walkers","floor":45,"turns":4},{"damage":7,"enemies":"Donu and Deca","floor":50,"turns":9}],"seed_played":"-540605378630544762","potions_obtained":[{"floor":1,"key":"FairyPotion"},{"floor":11,"key":"Ancient Potion"},{"floor":18,"key":"Poison Potion"},{"floor":27,"key":"Strength Potion"},{"floor":29,"key":"Dexterity Potion"},{"floor":33,"key":"Energy Potion"}],"is_trial":false,"path_per_floor":["M","M","?","?","$","R","E","?","T","R","E","M","?","T","R","B",null,"M","?","?","M","M","R","M","R","T","E","?","M","?","E","R","B",null,"M","?","M","$","M","R","E","R","T","M","?","R","$","?","R","B",null],"character_chosen":"DEFECT","items_purchased":["Beam Cell","Metallicize","Nunchaku","Barricade","Vajra"],"campfire_rested":1,"item_purchase_floors":[5,5,38,47,47],"current_hp_per_floor":[75,75,75,68,68,68,50,50,60,60,51,51,30,30,30,9,85,85,79,79,76,76,76,64,64,64,39,39,38,38,31,56,53,85,85,85,85,85,85,85,85,85,92,92,88,88,88,88,88,81],"gold":32,"neow_bonus":"","is_prod":false,"is_daily":true,"chose_seed":false,"campfire_upgraded":9,"win_rate":0,"timestamp":1554535905,"path_taken":["M","M","?","?","$","R","E","?","T","R","E","?","?","?","R","BOSS","M","?","?","M","M","R","M","R","T","E","?","?","?","E","R","BOSS","M","?","M","?","M","R","E","R","T","?","?","R","$","?","R","BOSS"],"build_version":"2019-01-23","purchased_purges":2,"victory":true,"max_hp_per_floor":[75,75,75,75,75,75,75,75,85,85,85,85,85,85,85,85,85,85,85,85,85,85,85,85,85,85,85,85,85,85,85,85,85,85,85,85,85,85,85,85,85,85,92,92,92,92,92,92,92,92],"card_choices":[{"not_picked":["Anger","Burning Pact"],"picked":"Clash","floor":1},{"not_picked":["Headbutt","Flex"],"picked":"True Grit","floor":2},{"not_picked":["Reprogram","Cold Snap"],"picked":"Machine Learning","floor":7},{"not_picked":["Turbo","Ball Lightning","Infernal Blade"],"picked":"SKIP","floor":11},{"not_picked":["Steam","Blood for Blood"],"picked":"Disarm","floor":12},{"not_picked":["Biased Cognition","Dark Embrace"],"picked":"Electrodynamics","floor":16},{"not_picked":["Gash","Aggregate+1"],"picked":"Battle Trance","floor":18},{"not_picked":["Sweeping Beam","Twin Strike+1"],"picked":"Conserve Battery+1","floor":21},{"not_picked":["Double Energy","Headbutt","Rebound+1"],"picked":"SKIP","floor":22},{"not_picked":["Fire Breathing","Havoc","Wild Strike"],"picked":"SKIP","floor":24},{"not_picked":["Reckless Charge+1","Double Energy"],"picked":"Impervious","floor":27},{"not_picked":["Perfected Strike","Heatsinks","Carnage"],"picked":"SKIP","floor":29},{"not_picked":["Stack","Clothesline","White Noise+1"],"picked":"SKIP","floor":31},{"not_picked":["Bludgeon","Juggernaut"],"picked":"Buffer","floor":33},{"not_picked":["True Grit+1","Shockwave+1"],"picked":"Twin Strike","floor":35},{"not_picked":["Second Wind","Uppercut"],"picked":"Flex+1","floor":37},{"not_picked":["Hologram","Heavy Blade"],"picked":"Body Slam+1","floor":39},{"not_picked":["Rebound+1","Rupture"],"picked":"Amplify","floor":41},{"not_picked":["Anger+1","Stack+1"],"picked":"Rampage+1","floor":44}],"player_experience":896194,"relics_obtained":[{"floor":7,"key":"Ancient Tea Set"},{"floor":9,"key":"Pear"},{"floor":11,"key":"DataDisk"},{"floor":14,"key":"Oddly Smooth Stone"},{"floor":26,"key":"Letter Opener"},{"floor":27,"key":"Anchor"},{"floor":31,"key":"Ginger"},{"floor":41,"key":"Whetstone"},{"floor":43,"key":"Strawberry"},{"floor":45,"key":"Prayer Wheel"}],"event_choices":[{"damage_healed":0,"gold_gain":52,"player_choice":"Gained Gold","damage_taken":0,"max_hp_gain":0,"max_hp_loss":0,"event_name":"Golden Wing","floor":3,"gold_loss":0},{"damage_healed":0,"gold_gain":0,"player_choice":"Success","damage_taken":7,"relics_obtained":["Girya"],"max_hp_gain":0,"max_hp_loss":0,"event_name":"Scrap Ooze","floor":4,"gold_loss":0},{"damage_healed":0,"gold_gain":100,"player_choice":"Pray","damage_taken":0,"max_hp_gain":0,"max_hp_loss":0,"event_name":"Golden Shrine","floor":8,"gold_loss":0},{"damage_healed":0,"gold_gain":0,"player_choice":"Take Damage","damage_taken":21,"relics_obtained":["Golden Idol"],"max_hp_gain":0,"max_hp_loss":0,"event_name":"Golden Idol","floor":13,"gold_loss":0},{"damage_healed":0,"gold_gain":0,"player_choice":"Joined the Cult","damage_taken":6,"max_hp_gain":0,"max_hp_loss":0,"event_name":"Nest","floor":19,"gold_loss":0,"cards_obtained":["RitualDagger"]},{"damage_healed":0,"gold_gain":0,"player_choice":"Ignored","damage_taken":0,"max_hp_gain":0,"max_hp_loss":0,"event_name":"Ghosts","floor":20,"gold_loss":0},{"cards_removed":["Writhe"],"damage_healed":0,"gold_gain":0,"player_choice":"Offered Curse","damage_taken":0,"relics_obtained":["Spirit Poop"],"max_hp_gain":0,"max_hp_loss":0,"event_name":"Bonfire Elementals","floor":28,"gold_loss":0},{"damage_healed":0,"gold_gain":0,"player_choice":"Gave Idol","damage_taken":0,"relics_obtained":["Bloody Idol"],"max_hp_gain":0,"max_hp_loss":0,"event_name":"Forgotten Altar","floor":30,"relics_lost":["Golden Idol"],"gold_loss":0},{"damage_healed":0,"gold_gain":0,"player_choice":"Ignored","damage_taken":0,"max_hp_gain":0,"max_hp_loss":0,"event_name":"Tomb of Lord Red Mask","floor":36,"gold_loss":0},{"damage_healed":0,"gold_gain":0,"player_choice":"Fight","damage_taken":0,"max_hp_gain":0,"max_hp_loss":0,"event_name":"Mysterious Sphere","floor":45,"gold_loss":0},{"cards_removed":["Disarm"],"damage_healed":0,"gold_gain":0,"player_choice":"Removed Skill","damage_taken":0,"max_hp_gain":0,"max_hp_loss":0,"event_name":"Falling","floor":48,"gold_loss":0}],"is_beta":false,"boss_relics":[{"not_picked":["White Beast Statue","Ectoplasm"],"picked":"Cursed Key"},{"not_picked":["Runic Dome","Busted Crown"],"picked":"Sozu"}],"items_purged_floors":[38,47],"is_endless":false,"potions_floor_spawned":[1,11,18,27,29,33,37,44,45],"ascension_level":0}