{"gold_per_floor":[117,127,139,139,139,139,173,173,173,202,133,148,165,179,179,179],"floor_reached":16,"playtime":667,"items_purged":[],"score":218,"play_id":"684f9e22-47c1-4427-9ea9-c3db91a4bb55","local_time":"20181226192222","is_ascension_mode":true,"campfire_choices":[{"data":"Twin Strike","floor":6.0,"key":"SMITH"},{"floor":8.0,"key":"REST"},{"data":"Inflame","floor":15,"key":"SMITH"}],"neow_cost":"NONE","seed_source_timestamp":0,"circlet_count":0,"master_deck":["AscendersBane","Strike_R","Strike_R","Strike_R","Strike_R","Strike_R","Defend_R+1","Defend_R","Defend_R+1","Defend_R","Bash+1","Twin Strike+1","Thunderclap+1","Battle Trance","Reaper","Inflame+1","Iron Wave+1","Heavy Blade+1"],"special_seed":0,"relics":["Burning Blood","Blue Candle","Molten Egg 2","War Paint","Magic Flower"],"potions_floor_usage":[13],"damage_taken":[{"damage":16.0,"enemies":"Jaw Worm","floor":1.0,"turns":5.0},{"damage":1.0,"enemies":"Small Slimes","floor":2.0,"turns":3.0},{"damage":1.0,"enemies":"Cultist","floor":3.0,"turns":3.0},{"damage":50.0,"enemies":"Lagavulin","floor":7.0,"turns":6.0},{"damage":39.0,"enemies":"Gremlin Nob","floor":10.0,"turns":4.0},{"damage":7,"enemies":"Gremlin Gang","floor":12,"turns":4},{"damage":3,"enemies":"Looter","floor":13,"turns":4},{"damage":34,"enemies":"Exordium Wildlife","floor":14,"turns":5},{"damage":56,"enemies":"Hexaghost","floor":16,"turns":9}],"seed_played":"-8623137924789800921","potions_obtained":[{"floor":2.0,"key":"SpeedPotion"},{"floor":12,"key":"Regen Potion"},{"floor":13,"key":"Poison Potion"}],"is_trial":false,"path_per_floor":["M","M","M","?","?","R","E","R","T","E","?","M","M","M","R","B"],"character_chosen":"IRONCLAD","items_purchased":[],"campfire_rested":1,"item_purchase_floors":[],"current_hp_per_floor":[58,63,68,68,68,68,24,46,46,19,19,21,48,41,41,0],"gold":179,"neow_bonus":"UPGRADE_CARD","is_prod":false,"is_daily":false,"chose_seed":false,"campfire_upgraded":2,"win_rate":0,"timestamp":1545848542,"path_taken":["M","M","M","?","?","R","E","R","T","E","?","M","?","M","R","BOSS"],"build_version":"2018-12-20","purchased_purges":0,"victory":false,"max_hp_per_floor":[75,75,75,75,75,75,75,75,75,75,75,75,75,75,75,75],"card_choices":[{"not_picked":["Armaments","Reckless Charge"],"picked":"Twin Strike","floor":1.0},{"not_picked":["Wild Strike","Anger"],"picked":"Thunderclap","floor":2.0},{"not_picked":["Armaments","Rupture"],"picked":"Battle Trance","floor":3.0},{"not_picked":["Havoc","Juggernaut"],"picked":"Reaper","floor":7.0},{"not_picked":["Clothesline+1","Havoc"],"picked":"Inflame","floor":10.0},{"not_picked":["Havoc","Battle Trance","Anger+1"],"picked":"SKIP","floor":12},{"not_picked":["Wild Strike+1","Entrench"],"picked":"Iron Wave+1","floor":13},{"not_picked":["Fire Breathing","Headbutt+1"],"picked":"Heavy Blade+1","floor":14}],"player_experience":1039401,"relics_obtained":[{"floor":7.0,"key":"Blue Candle"},{"floor":9.0,"key":"Molten Egg 2"},{"floor":10.0,"key":"War Paint"}],"event_choices":[{"damage_healed":0.0,"max_hp_gain":0.0,"max_hp_loss":0.0,"gold_gain":0.0,"event_name":"Living Wall","player_choice":"Grow","floor":4.0,"gold_loss":0.0,"damage_taken":0.0,"cards_upgraded":["Thunderclap"]},{"damage_healed":0.0,"max_hp_gain":0.0,"max_hp_loss":0.0,"gold_gain":0.0,"event_name":"Liars Game","player_choice":"Ignored","floor":5.0,"gold_loss":0.0,"damage_taken":0.0},{"damage_healed":0.0,"max_hp_gain":0.0,"max_hp_loss":0.0,"gold_gain":0.0,"event_name":"WeMeetAgain","player_choice":"Paid Gold","floor":11.0,"gold_loss":69.0,"damage_taken":0.0,"relics_obtained":["Magic Flower"]}],"is_beta":false,"boss_relics":[],"items_purged_floors":[],"is_endless":false,"potions_floor_spawned":[2,12,13],"killed_by":"Hexaghost","ascension_level":19}