{"gold_per_floor":[116,126,59,59,59,97,97,110,110,110,110,124,163,182,182,302,302,318,60,80,80,80,80,121,121,121,121,25,68,103,117,117,236,236,252,252,252,252,252,323,338,100,100,136,136,136,149,164,164,164],"floor_reached":51,"playtime":2926,"items_purged":["Strike_G"],"score":986,"play_id":"517a361a-1efa-4928-b40c-22f718b2ebc0","local_time":"20190415002234","is_ascension_mode":true,"campfire_choices":[{"data":"Noxious Fumes","floor":7,"key":"SMITH"},{"data":"Wraith Form v2","floor":10,"key":"SMITH"},{"data":"Footwork","floor":15,"key":"SMITH"},{"data":"Neutralize","floor":23,"key":"SMITH"},{"data":"Backflip","floor":25,"key":"SMITH"},{"data":"Backflip","floor":27,"key":"SMITH"},{"data":"Envenom","floor":32,"key":"SMITH"},{"data":"Catalyst","floor":45,"key":"SMITH"},{"data":"Burst","floor":46,"key":"SMITH"},{"data":"Night Terror","floor":49,"key":"SMITH"}],"neow_cost":"NONE","seed_source_timestamp":298212318271272,"circlet_count":0,"master_deck":["Defend_G","Defend_G","Defend_G","Defend_G","Defend_G","Strike_G","Strike_G","Survivor","Neutralize+1","Crippling Poison","Blade Dance","Noxious Fumes+1","PiercingWail","Wraith Form v2+1","Backflip+1","Backstab","Footwork+1","After Image+1","PiercingWail","Backflip+1","Escape Plan+1","Quick Slash+1","Envenom+1","Crippling Poison+1","Night Terror+1","Catalyst+1","Blur+1","Catalyst","Burst+1"],"relics":["Ring of the Serpent","NeowsBlessing","Golden Idol","Meat on the Bone","Pear","Gremlin Horn","Bronze Scales","Sozu","Membership Card","Enchiridion","WingedGreaves","Snake Skull","ClockworkSouvenir","Orichalcum","Molten Egg 2","Tiny Chest","TwistedFunnel","Paper Crane","Bottled Flame","Darkstone Periapt"],"potions_floor_usage":[14,18,50],"damage_taken":[{"damage":0,"enemies":"Cultist","floor":1,"turns":1},{"damage":0,"enemies":"Small Slimes","floor":2,"turns":1},{"damage":2,"enemies":"3 Sentries","floor":6,"turns":2},{"damage":0,"enemies":"Jaw Worm","floor":8,"turns":4},{"damage":7,"enemies":"Exordium Wildlife","floor":12,"turns":4},{"damage":17,"enemies":"Lagavulin","floor":13,"turns":10},{"damage":8,"enemies":"Gremlin Gang","floor":14,"turns":4},{"damage":18,"enemies":"Hexaghost","floor":16,"turns":10},{"damage":14,"enemies":"Chosen","floor":18,"turns":6},{"damage":8,"enemies":"Shell Parasite","floor":20,"turns":5},{"damage":2,"enemies":"Book of Stabbing","floor":24,"turns":7},{"damage":15,"enemies":"Slavers","floor":29,"turns":4},{"damage":0,"enemies":"Book of Stabbing","floor":30,"turns":6},{"damage":12,"enemies":"Centurion and Healer","floor":31,"turns":6},{"damage":15,"enemies":"Champ","floor":33,"turns":14},{"damage":2,"enemies":"Orb Walker","floor":35,"turns":4},{"damage":35,"enemies":"Reptomancer","floor":40,"turns":7},{"damage":0,"enemies":"3 Shapes","floor":41,"turns":5},{"damage":5,"enemies":"Nemesis","floor":44,"turns":7},{"damage":0,"enemies":"Maw","floor":47,"turns":5},{"damage":0,"enemies":"Jaw Worm Horde","floor":48,"turns":3},{"damage":23,"enemies":"Time Eater","floor":50,"turns":8}],"seed_played":"-1226098975316304506","potions_obtained":[{"floor":1,"key":"SkillPotion"},{"floor":12,"key":"Strength Potion"},{"floor":13,"key":"Dexterity Potion"}],"is_trial":false,"path_per_floor":["?","?","T","M","M","?","?","?","?","?","?"],"character_chosen":"THE_SILENT","items_purchased":["Noxious Fumes","Membership Card","Backflip","ClockworkSouvenir","TwistedFunnel","Catalyst","Paper Crane"],"campfire_rested":0,"item_purchase_floors":[3,19,19,28,42,42,42],"current_hp_per_floor":[70,70,70,63,46,44,44,44,54,54,54,47,42,46,46,40,70,56,56,48,32,32,32,42,42,42,42,42,39,51,51,51,48,72,70,70,70,70,70,47,47,47,47,42,42,42,42,42,42,31],"gold":164,"neow_bonus":"THREE_ENEMY_KILL","is_prod":false,"is_daily":false,"chose_seed":false,"campfire_upgraded":10,"win_rate":0,"timestamp":1555262554,"path_taken":["M","M","$","?","?","E","R","M","T","R","?","?","E","M","R","BOSS","M","$","?","?","?","R","E","R","T","R","$","E","E","M","R","BOSS","M","?","?","?","?","E","M","$","T","E","R","R","M","M","R","BOSS"],"build_version":"2019-01-23","purchased_purges":1,"victory":true,"max_hp_per_floor":[70,70,70,70,70,70,70,70,80,80,80,80,80,80,80,80,80,80,80,80,80,80,80,80,80,80,80,80,80,80,80,80,80,80,80,80,80,76,76,76,76,76,76,76,76,76,76,76,76,76],"card_choices":[{"not_picked":["Deflect","Underhanded Strike"],"picked":"Crippling Poison","floor":1},{"not_picked":["Prepared","Acrobatics"],"picked":"Blade Dance","floor":2},{"not_picked":["Slice","Deflect"],"picked":"PiercingWail","floor":6},{"not_picked":["All Out Attack","PiercingWail"],"picked":"Wraith Form v2","floor":8},{"not_picked":["Quick Slash","Blade Dance"],"picked":"Backflip","floor":12},{"not_picked":["Underhanded Strike","Bane"],"picked":"Backstab","floor":13},{"not_picked":["Poisoned Stab","Cloak And Dagger"],"picked":"Footwork","floor":14},{"not_picked":["Grand Finale","Burst"],"picked":"After Image","floor":16},{"not_picked":["Dagger Throw","Acrobatics+1"],"picked":"PiercingWail","floor":18},{"not_picked":["Blade Dance+1","Deadly Poison"],"picked":"Escape Plan+1","floor":20},{"not_picked":["Skewer","Grand Finale"],"picked":"Quick Slash+1","floor":24},{"not_picked":["Underhanded Strike","All Out Attack","Terror+1"],"picked":"SKIP","floor":29},{"not_picked":["Bane+1","Cloak And Dagger"],"picked":"Envenom","floor":30},{"not_picked":["PiercingWail","Accuracy"],"picked":"Crippling Poison+1","floor":31},{"not_picked":["Die Die Die+1","Wraith Form v2"],"picked":"Night Terror","floor":33},{"not_picked":["Prepared","Deadly Poison+1"],"picked":"Catalyst","floor":35},{"not_picked":["Acrobatics+1","Predator+1","Slice+1"],"picked":"SKIP","floor":40},{"not_picked":["Dodge and Roll","Slice+1"],"picked":"Blur+1","floor":41},{"not_picked":["Poisoned Stab+1","Die Die Die+1"],"picked":"Burst","floor":44},{"not_picked":["Bouncing Flask+1","Accuracy","Dagger Throw+1"],"picked":"SKIP","floor":47},{"not_picked":["Backflip","Prepared","Blade Dance"],"picked":"SKIP","floor":48}],"player_experience":209184,"relics_obtained":[{"floor":6,"key":"Meat on the Bone"},{"floor":9,"key":"Pear"},{"floor":11,"key":"Gremlin Horn"},{"floor":13,"key":"Bronze Scales"},{"floor":21,"key":"Enchiridion"},{"floor":24,"key":"WingedGreaves"},{"floor":26,"key":"Snake Skull"},{"floor":29,"key":"Orichalcum"},{"floor":30,"key":"Molten Egg 2"},{"floor":40,"key":"Tiny Chest"},{"floor":43,"key":"Bottled Flame"},{"floor":44,"key":"Darkstone Periapt"}],"event_choices":[{"cards_removed":["Strike_G"],"damage_healed":0,"gold_gain":0,"player_choice":"Card Removal","damage_taken":7,"max_hp_gain":0,"max_hp_loss":0,"event_name":"Golden Wing","floor":4,"gold_loss":0},{"damage_healed":0,"gold_gain":0,"player_choice":"Take Damage","damage_taken":17,"relics_obtained":["Golden Idol"],"max_hp_gain":0,"max_hp_loss":0,"event_name":"Golden Idol","floor":5,"gold_loss":0},{"damage_healed":0,"gold_gain":0,"player_choice":"Obtained Book","damage_taken":16,"max_hp_gain":0,"max_hp_loss":0,"event_name":"Cursed Tome","floor":21,"gold_loss":0},{"damage_healed":0,"gold_gain":0,"player_choice":"Upgraded","damage_taken":0,"max_hp_gain":0,"max_hp_loss":0,"event_name":"Upgrade Shrine","floor":22,"gold_loss":0,"cards_upgraded":["After Image"]},{"damage_healed":0,"gold_gain":0,"player_choice":"Ignored","damage_taken":0,"max_hp_gain":0,"max_hp_loss":0,"event_name":"Tomb of Lord Red Mask","floor":36,"gold_loss":0},{"cards_removed":["Strike_G"],"damage_healed":0,"gold_gain":0,"player_choice":"Removed Attack","damage_taken":0,"max_hp_gain":0,"max_hp_loss":0,"event_name":"Falling","floor":37,"gold_loss":0},{"damage_healed":0,"gold_gain":0,"player_choice":"Max HP","damage_taken":0,"max_hp_gain":0,"max_hp_loss":4,"event_name":"Winding Halls","floor":38,"gold_loss":0},{"damage_healed":0,"gold_gain":0,"player_choice":"Ignored","damage_taken":0,"max_hp_gain":0,"max_hp_loss":0,"event_name":"Mysterious Sphere","floor":39,"gold_loss":0}],"is_beta":false,"boss_relics":[{"not_picked":["Orrery","Snecko Eye"],"picked":"Sozu"},{"not_picked":["White Beast Statue","HoveringKite"],"picked":"Ring of the Serpent"}],"items_purged_floors":[19],"is_endless":false,"potions_floor_spawned":[1,12,13,24,30,33,41,48],"ascension_level":5}