{"gold_per_floor":[112,126,126,201,220,256,256,279,305,305,336,350,350,350,350,479,479,493,540,110,129,149,183,183,108,132,163,163,187,187,139,139,267,267,283,3,64,0,125,168,168,187,212,212,225,265,286,306,306,306,306,306,61,100,100],"floor_reached":56,"playtime":43776,"items_purged":["Strike_R"],"score":1353,"play_id":"91bfe48e-7378-44b8-b91f-8d9cb566f1a6","local_time":"20190120232929","is_ascension_mode":false,"campfire_choices":[{"floor":7,"key":"REST"},{"floor":15,"key":"REST"},{"data":"Havoc","floor":24,"key":"SMITH"},{"floor":30,"key":"REST"},{"data":"Bludgeon","floor":32,"key":"SMITH"},{"floor":41,"key":"RECALL"},{"data":"Bash","floor":44,"key":"SMITH"},{"data":"Anger","floor":49,"key":"SMITH"},{"data":"Metallicize","floor":52,"key":"SMITH"}],"neow_cost":"NONE","seed_source_timestamp":467370359547200,"circlet_count":0,"master_deck":["Defend_R","Defend_R+1","Defend_R","Defend_R","Bash+1","Feed","Pommel Strike","Shrug It Off+1","Rampage","Anger+1","Havoc+1","Iron Wave","Bludgeon+1","Metallicize+1","Corruption","Thunderclap+1","Inflame","Pommel Strike+1","Shrug It Off","Impervious","Bludgeon+1","Metallicize+1","Body Slam+1","Rage","Shrug It Off+1","Ghostly Armor","True Grit+1","Clothesline+1"],"relics":["Burning Blood","Golden Idol","Happy Flower","Regal Pillow","Bag of Preparation","Empty Cage","Omamori","Pen Nib","Toy Ornithopter","Shuriken","PreservedInsect","Necronomicon","Cursed Key","DollysMirror","Mango","Red Mask","Nunchaku","Anchor","War Paint","Art of War","Kunai","Gremlin Horn"],"potions_floor_usage":[6,8,11,16,23,23,23,27,47,54,54,55],"damage_taken":[{"damage":1,"enemies":"Cultist","floor":1,"turns":3},{"damage":20,"enemies":"Jaw Worm","floor":2,"turns":4},{"damage":5,"enemies":"2 Louse","floor":5,"turns":3},{"damage":26,"enemies":"3 Sentries","floor":6,"turns":8},{"damage":6,"enemies":"Large Slime","floor":8,"turns":9},{"damage":14,"enemies":"Gremlin Nob","floor":11,"turns":3},{"damage":12,"enemies":"3 Louse","floor":12,"turns":2},{"damage":69,"enemies":"Hexaghost","floor":16,"turns":14},{"damage":35,"enemies":"3 Byrds","floor":18,"turns":6},{"damage":10,"enemies":"Spheric Guardian","floor":21,"turns":4},{"damage":9,"enemies":"Chosen and Byrds","floor":22,"turns":6},{"damage":19,"enemies":"Book of Stabbing","floor":23,"turns":4},{"damage":20,"enemies":"Gremlin Leader","floor":27,"turns":6},{"damage":0,"enemies":"Snake Plant","floor":29,"turns":1},{"damage":49,"enemies":"Collector","floor":33,"turns":5},{"damage":14,"enemies":"3 Shapes","floor":35,"turns":2},{"damage":22,"enemies":"2 Orb Walkers","floor":37,"turns":4},{"damage":0,"enemies":"Mind Bloom Boss Battle","floor":39,"turns":2},{"damage":0,"enemies":"Giant Head","floor":40,"turns":3},{"damage":0,"enemies":"Orb Walker","floor":42,"turns":1},{"damage":0,"enemies":"Maw","floor":45,"turns":5},{"damage":0,"enemies":"Reptomancer","floor":46,"turns":1},{"damage":7,"enemies":"Writhing Mass","floor":47,"turns":3},{"damage":0,"enemies":"Transient","floor":48,"turns":5},{"damage":40,"enemies":"Time Eater","floor":50,"turns":6},{"damage":0,"enemies":"Shield and Spear","floor":54,"turns":3},{"damage":122,"enemies":"The Heart","floor":55,"turns":10}],"seed_played":"-2500484120420519993","potions_obtained":[{"floor":1,"key":"GamblersBrew"},{"floor":5,"key":"SkillPotion"},{"floor":6,"key":"Swift Potion"},{"floor":11,"key":"PowerPotion"},{"floor":16,"key":"Dexterity Potion"},{"floor":18,"key":"Block Potion"},{"floor":21,"key":"Block Potion"},{"floor":23,"key":"Block Potion"},{"floor":27,"key":"LiquidBronze"},{"floor":33,"key":"Fire Potion"},{"floor":35,"key":"Explosive Potion"},{"floor":46,"key":"SkillPotion"},{"floor":48,"key":"Poison Potion"}],"is_trial":false,"path_per_floor":["M","M","?","?","M","E","R","M","T","?","E","M","?","?","R","B",null,"M","T","$","M","M","E","R","?","T","E","?","M","R","$","R","B",null,"M","$","?","?","?","E","R","M","T","R","M","E","M","M","R","B",null,"R","$","E","B",null],"character_chosen":"IRONCLAD","items_purchased":["Pen Nib","Toy Ornithopter","Shrug It Off","DollysMirror","Metallicize","Kunai"],"campfire_rested":3,"item_purchase_floors":[20,20,31,36,36,53],"current_hp_per_floor":[83,72,51,40,44,27,54,57,57,50,42,39,39,39,83,20,98,72,72,72,71,71,73,73,73,73,67,51,57,105,105,105,62,110,105,105,103,103,109,115,115,124,124,124,133,133,132,133,133,99,133,133,133,133,17],"gold":100,"neow_bonus":"ONE_RANDOM_RARE_CARD","is_prod":false,"is_daily":false,"chose_seed":false,"campfire_upgraded":5,"win_rate":0,"timestamp":1548052169,"path_taken":["M","?","?","?","M","E","R","M","T","?","E","M","?","?","R","BOSS","M","?","$","M","M","E","R","?","T","E","?","M","R","$","R","BOSS","M","$","?","?","?","E","R","M","T","R","?","E","M","M","R","BOSS","R","$","E","BOSS"],"build_version":"2019-01-19","purchased_purges":1,"victory":true,"max_hp_per_floor":[83,86,86,86,89,92,92,95,95,95,95,98,98,98,98,98,98,101,101,101,104,107,107,107,107,107,110,110,110,110,110,110,110,110,113,113,127,127,127,127,127,130,130,130,133,133,133,133,133,133,133,133,133,133,133],"card_choices":[{"not_picked":["Pummel","Wild Strike"],"picked":"Pommel Strike","floor":1},{"not_picked":["Headbutt","Warcry"],"picked":"Shrug It Off","floor":2},{"not_picked":["Dropkick","Flex"],"picked":"Double Tap","floor":5},{"not_picked":["Sever Soul","Clash"],"picked":"Rampage","floor":6},{"not_picked":["Flex","Thunderclap"],"picked":"Anger","floor":8},{"not_picked":["Power Through","True Grit"],"picked":"Havoc","floor":11},{"not_picked":["Seeing Red","Sword Boomerang"],"picked":"Iron Wave","floor":12},{"not_picked":["Double Tap","Immolate"],"picked":"Bludgeon","floor":16},{"not_picked":["Anger+1","Warcry"],"picked":"Metallicize+1","floor":18},{"not_picked":["Armaments","Headbutt+1"],"picked":"Corruption","floor":21},{"not_picked":["Pommel Strike","Rupture+1"],"picked":"Thunderclap+1","floor":22},{"not_picked":["Thunderclap","Clash"],"picked":"Inflame","floor":23},{"not_picked":["Heavy Blade+1","Fire Breathing"],"picked":"Pommel Strike+1","floor":27},{"not_picked":["Anger","Sword Boomerang","Havoc"],"picked":"SKIP","floor":29},{"not_picked":["Feed","Brutality"],"picked":"Impervious","floor":33},{"not_picked":["Clash+1","Anger+1","Wild Strike+1"],"picked":"SKIP","floor":35},{"not_picked":["Thunderclap+1","Sword Boomerang+1"],"picked":"Body Slam+1","floor":37},{"not_picked":["Hemokinesis","Entrench+1"],"picked":"Rage","floor":39},{"not_picked":["Body Slam","Dark Embrace","Iron Wave+1"],"picked":"SKIP","floor":40},{"not_picked":["Rage","Cleave","Fire Breathing"],"picked":"SKIP","floor":42},{"not_picked":["Iron Wave+1","Perfected Strike+1"],"picked":"Shrug It Off+1","floor":45},{"not_picked":["Sever Soul","Bloodletting+1"],"picked":"Ghostly Armor","floor":46},{"not_picked":["Flex+1","Inflame"],"picked":"True Grit+1","floor":47},{"not_picked":["Perfected Strike","Cleave+1","Clash"],"picked":"SKIP","floor":48},{"not_picked":["Ghostly Armor","Headbutt"],"picked":"Clothesline+1","floor":54}],"player_experience":348483,"relics_obtained":[{"floor":6,"key":"Happy Flower"},{"floor":9,"key":"Regal Pillow"},{"floor":11,"key":"Bag of Preparation"},{"floor":19,"key":"Omamori"},{"floor":23,"key":"Shuriken"},{"floor":27,"key":"PreservedInsect"},{"floor":28,"key":"Necronomicon"},{"floor":37,"key":"Mango"},{"floor":39,"key":"Nunchaku"},{"floor":40,"key":"Anchor"},{"floor":43,"key":"War Paint"},{"floor":46,"key":"Art of War"},{"floor":54,"key":"Gremlin Horn"}],"event_choices":[{"damage_healed":0,"gold_gain":0,"player_choice":"Take Damage","damage_taken":21,"relics_obtained":["Golden Idol"],"max_hp_gain":0,"max_hp_loss":0,"event_name":"Golden Idol","floor":3,"gold_loss":0},{"damage_healed":0,"gold_gain":75,"player_choice":"Gather Gold","damage_taken":11,"max_hp_gain":0,"max_hp_loss":0,"event_name":"World of Goop","floor":4,"gold_loss":0},{"cards_removed":["Strike_R"],"damage_healed":0,"gold_gain":0,"player_choice":"Card Removal","damage_taken":7,"max_hp_gain":0,"max_hp_loss":0,"event_name":"Golden Wing","floor":10,"gold_loss":0},{"cards_removed":["Strike_R"],"damage_healed":0,"gold_gain":0,"player_choice":"Forget","damage_taken":0,"max_hp_gain":0,"max_hp_loss":0,"event_name":"Living Wall","floor":13,"gold_loss":0},{"cards_removed":["Double Tap"],"damage_healed":0,"gold_gain":0,"player_choice":"Took Card","damage_taken":0,"max_hp_gain":0,"max_hp_loss":0,"event_name":"NoteForYourself","floor":14,"gold_loss":0,"cards_obtained":["Zap"]},{"cards_removed":["Strike_R"],"damage_healed":0,"gold_gain":0,"player_choice":"Gave Gold","damage_taken":0,"max_hp_gain":0,"max_hp_loss":0,"event_name":"Beggar","floor":25,"gold_loss":75},{"damage_healed":0,"gold_gain":0,"player_choice":"Obtained Book","damage_taken":16,"max_hp_gain":0,"max_hp_loss":0,"event_name":"Cursed Tome","floor":28,"gold_loss":0},{"damage_healed":0,"gold_gain":0,"player_choice":"Fight","damage_taken":0,"max_hp_gain":0,"max_hp_loss":0,"event_name":"Mysterious Sphere","floor":37,"gold_loss":0},{"damage_healed":0,"gold_gain":0,"player_choice":"Paid","damage_taken":0,"relics_obtained":["Red Mask"],"max_hp_gain":0,"max_hp_loss":0,"event_name":"Tomb of Lord Red Mask","floor":38,"gold_loss":64},{"damage_healed":0,"gold_gain":0,"player_choice":"Fight","damage_taken":0,"max_hp_gain":0,"max_hp_loss":0,"event_name":"MindBloom","floor":39,"gold_loss":0}],"is_beta":true,"boss_relics":[{"not_picked":["Orrery","Runic Dome"],"picked":"Empty Cage"},{"not_picked":["Runic Cube","Runic Pyramid"],"picked":"Cursed Key"}],"items_purged_floors":[20],"is_endless":false,"potions_floor_spawned":[1,5,6,11,16,18,21,23,27,33,35,42,46,48],"ascension_level":0}