{"gold_per_floor":[214,232,232,244,244,244,277,288,288,317,333,333,59,25,25,124,124,142,159,258,258,7,7],"floor_reached":23,"playtime":1190,"items_purged":["Decay"],"score":347,"play_id":"4436beda-cba1-47da-b573-d9755066468a","local_time":"20190403022704","is_ascension_mode":true,"campfire_choices":[{"data":"Hemokinesis","floor":6,"key":"SMITH"},{"data":"Ghostly Armor","floor":12,"key":"SMITH"},{"data":"Rupture","floor":15,"key":"SMITH"}],"neow_cost":"NONE","seed_source_timestamp":124041787285020,"circlet_count":0,"master_deck":["AscendersBane","Strike_R","Strike_R","Strike_R","Strike_R","Strike_R","Defend_R","Defend_R","Defend_R","Defend_R","Bash+1","Ghostly Armor+1","Hemokinesis+1","Shrug It Off","Shrug It Off","Impervious","Rupture+1","Shrug It Off","Rupture","Double Tap","Headbutt","Shrug It Off"],"relics":["Burning Blood","Mummified Hand","Shuriken","Pantograph","Strawberry","Velvet Choker","Ancient Tea Set"],"potions_floor_usage":[16,23],"damage_taken":[{"damage":6,"enemies":"Cultist","floor":1,"turns":4},{"damage":4,"enemies":"Small Slimes","floor":2,"turns":3},{"damage":11,"enemies":"Jaw Worm","floor":4,"turns":4},{"damage":29,"enemies":"Gremlin Nob","floor":7,"turns":4},{"damage":2,"enemies":"2 Fungi Beasts","floor":8,"turns":4},{"damage":34,"enemies":"Lagavulin","floor":10,"turns":7},{"damage":4,"enemies":"3 Louse","floor":11,"turns":6},{"damage":2,"enemies":"Exordium Thugs","floor":14,"turns":5},{"damage":59,"enemies":"Slime Boss","floor":16,"turns":15},{"damage":14,"enemies":"Shell Parasite","floor":18,"turns":5},{"damage":10,"enemies":"3 Byrds","floor":19,"turns":6},{"damage":62,"enemies":"Gremlin Leader","floor":23,"turns":7}],"seed_played":"1072251246138359409","potions_obtained":[{"floor":4,"key":"Fire Potion"},{"floor":8,"key":"Poison Potion"},{"floor":10,"key":"Strength Potion"}],"is_trial":false,"path_per_floor":["M","M","$","M","?","R","E","M","T","E","M","R","$","M","R","B",null,"M","M","?","?","$","E"],"character_chosen":"IRONCLAD","items_purchased":["Rupture","Shrug It Off","Strawberry","Ancient Tea Set","Shrug It Off"],"campfire_rested":0,"item_purchase_floors":[13,13,13,22,22],"current_hp_per_floor":[72,74,74,69,69,69,46,50,50,22,24,24,31,35,35,7,67,59,55,55,55,55,0],"gold":7,"neow_bonus":"HUNDRED_GOLD","is_prod":false,"is_daily":false,"chose_seed":false,"campfire_upgraded":3,"win_rate":0,"timestamp":1554269224,"path_taken":["M","M","$","M","?","R","E","M","T","E","M","R","$","M","R","BOSS","M","M","?","?","$","E"],"build_version":"2019-01-23","purchased_purges":1,"victory":false,"max_hp_per_floor":[80,80,80,80,80,80,80,80,80,80,80,80,87,87,87,87,87,87,87,87,87,87,87],"card_choices":[{"not_picked":["Thunderclap","Cleave"],"picked":"Ghostly Armor","floor":1},{"not_picked":["Evolve","Power Through"],"picked":"Hemokinesis","floor":2},{"not_picked":["Cleave","Rage"],"picked":"Shrug It Off","floor":4},{"not_picked":["Second Wind","Carnage"],"picked":"Shrug It Off","floor":7},{"not_picked":["Rage","Armaments","Clash"],"picked":"SKIP","floor":8},{"not_picked":["True Grit","Perfected Strike"],"picked":"Impervious","floor":10},{"not_picked":["Havoc","Perfected Strike","Flex"],"picked":"SKIP","floor":11},{"not_picked":["Iron Wave","Armaments"],"picked":"Rupture","floor":14},{"not_picked":["Feed","Fiend Fire"],"picked":"Double Tap","floor":16},{"not_picked":["Clash","Warcry+1"],"picked":"Headbutt","floor":18},{"not_picked":["Power Through","Body Slam","Warcry"],"picked":"SKIP","floor":19}],"player_experience":479445,"relics_obtained":[{"floor":7,"key":"Mummified Hand"},{"floor":9,"key":"Shuriken"},{"floor":10,"key":"Pantograph"}],"event_choices":[{"damage_healed":0,"gold_gain":0,"player_choice":"Grow","damage_taken":0,"max_hp_gain":0,"max_hp_loss":0,"event_name":"Living Wall","floor":5,"gold_loss":0,"cards_upgraded":["Bash"]},{"damage_healed":0,"gold_gain":99,"player_choice":"Stole From Cult","damage_taken":0,"max_hp_gain":0,"max_hp_loss":0,"event_name":"Nest","floor":20,"gold_loss":0},{"damage_healed":0,"gold_gain":0,"player_choice":"Smashed Altar","damage_taken":0,"max_hp_gain":0,"max_hp_loss":0,"event_name":"Forgotten Altar","floor":21,"gold_loss":0,"cards_obtained":["Decay"]}],"is_beta":false,"boss_relics":[{"not_picked":["Runic Cube","Runic Pyramid"],"picked":"Velvet Choker"}],"items_purged_floors":[22],"is_endless":false,"potions_floor_spawned":[4,8,10,11],"killed_by":"Gremlin Leader","ascension_level":12}