{"gold_per_floor":[113,128,141,161,161,161,191,191,238,238,251,276,276,295,295],"floor_reached":15,"playtime":1025,"items_purged":[],"score":97,"play_id":"920efbf3-6938-426c-bac6-8680d264ab7b","local_time":"20180710081929","is_ascension_mode":false,"campfire_choices":[{"data":"Doom and Gloom","floor":6.0,"key":"SMITH"},{"data":"Capacitor","floor":8.0,"key":"SMITH"},{"floor":10.0,"key":"REST"},{"floor":13.0,"key":"REST"}],"neow_cost":"","seed_source_timestamp":0,"circlet_count":0,"master_deck":["Strike_B","Strike_B","Strike_B","Strike_B","Defend_B","Defend_B","Defend_B","Defend_B","Zap+1","Dualcast","Beam Cell","Coolheaded","Doom and Gloom+1","Beam Cell","Capacitor+1","Redo","Barrage","Chill","BootSequence","Leap"],"special_seed":0,"relics":["Cracked Core","Odd Mushroom","Dream Catcher","Omamori"],"potions_floor_usage":[],"damage_taken":[{"damage":0.0,"enemies":"Cultist","floor":1.0,"turns":3.0},{"damage":11.0,"enemies":"2 Louse","floor":2.0,"turns":3.0},{"damage":0.0,"enemies":"Small Slimes","floor":3.0,"turns":2.0},{"damage":0.0,"enemies":"Looter","floor":4.0,"turns":3.0},{"damage":9.0,"floor":7.0,"turns":3.0},{"damage":35.0,"enemies":"Exordium Thugs","floor":11.0,"turns":6.0},{"damage":22.0,"enemies":"3 Sentries","floor":12.0,"turns":6.0},{"damage":14.0,"enemies":"Large Slime","floor":14.0,"turns":5.0}],"seed_played":"-101799264733986585","potions_obtained":[{"floor":1.0,"key":"Dexterity Potion"},{"floor":4.0,"key":"FocusPotion"},{"floor":7.0,"key":"Swift Potion"},{"floor":11.0,"key":"Block Potion"}],"is_trial":false,"path_per_floor":["M","M","M","M","?","R","?","R","T","R","M","E","R","M"],"character_chosen":"DEFECT","items_purchased":[],"campfire_rested":2,"item_purchase_floors":[],"current_hp_per_floor":[75,64,64,64,64,64,55,55,55,75,40,18,40,26,26],"gold":295,"neow_bonus":"","is_prod":false,"is_daily":false,"chose_seed":false,"campfire_upgraded":2,"win_rate":1,"timestamp":1531203569,"path_taken":["M","M","M","M","?","R","?","R","T","R","M","E","R","M","R"],"build_version":"2018-07-05","purchased_purges":0,"victory":false,"max_hp_per_floor":[75,75,75,75,75,75,75,75,75,75,75,75,75,75,75],"card_choices":[{"not_picked":["Heatsinks","Steam"],"picked":"Beam Cell","floor":1.0},{"not_picked":["Ball Lightning","Steam"],"picked":"Coolheaded","floor":2.0},{"not_picked":["Conserve Battery","Loop"],"picked":"Doom and Gloom","floor":3.0},{"not_picked":["Compile Driver","FTL"],"picked":"Beam Cell","floor":4.0},{"not_picked":["Auto Shields","Coolheaded"],"picked":"Capacitor","floor":7.0},{"not_picked":["White Noise","Gash"],"picked":"Redo","floor":10.0},{"not_picked":["Gash","Hello World"],"picked":"Barrage","floor":11.0},{"not_picked":["Cold Snap","Biased Cognition"],"picked":"Chill","floor":12.0},{"not_picked":["Compile Driver","Go for the Eyes"],"picked":"BootSequence","floor":13.0},{"not_picked":["Redo","Hello World"],"picked":"Leap","floor":14.0}],"player_experience":65139,"relics_obtained":[{"floor":7.0,"key":"Odd Mushroom"},{"floor":9.0,"key":"Dream Catcher"},{"floor":12.0,"key":"Omamori"}],"event_choices":[{"event_name":"Upgrade Shrine","player_choice":"Upgraded","floor":5.0,"damage_taken":0.0},{"event_name":"Mushrooms","player_choice":"Fought Mushrooms","floor":7.0,"damage_taken":0.0}],"boss_relics":[],"items_purged_floors":[],"is_endless":false,"potions_floor_spawned":[1,4,7,11,14],"ascension_level":0}