{"gold_per_floor":[112,128,59,59,59,59,73,102,102,114,1,16,48,48,48,48],"floor_reached":16,"playtime":826,"items_purged":[],"score":110,"play_id":"34737bf9-4816-4315-8bc0-27ee64b492da","local_time":"20190323203559","is_ascension_mode":false,"campfire_choices":[{"data":"Inflame","floor":6,"key":"SMITH"},{"data":"Warcry","floor":15,"key":"SMITH"}],"neow_cost":"NONE","seed_source_timestamp":11058229328111,"circlet_count":0,"master_deck":["Strike_R","Strike_R","Strike_R","Strike_R","Defend_R","Defend_R","Defend_R","Defend_R","Bash","Headbutt","Inflame+1","Spot Weakness","Warcry+1","Battle Trance","Warcry+1","Seeing Red+1","Flex+1","Flame Barrier+1","Clothesline","Bloodletting+1"],"relics":["Burning Blood","Blood Vial","Bag of Marbles","Toxic Egg 2","Prayer Wheel"],"potions_floor_usage":[8,10,10,13,16],"damage_taken":[{"damage":5,"enemies":"Jaw Worm","floor":1,"turns":5},{"damage":14,"enemies":"Small Slimes","floor":2,"turns":4},{"damage":6,"enemies":"Cultist","floor":7,"turns":3},{"damage":28,"enemies":"3 Sentries","floor":8,"turns":7},{"damage":7,"enemies":"Red Slaver","floor":10,"turns":5},{"damage":5,"enemies":"Looter","floor":12,"turns":2},{"damage":24,"enemies":"Gremlin Nob","floor":13,"turns":3},{"damage":45,"enemies":"The Guardian","floor":16,"turns":5}],"seed_played":"-2099782021276160201","potions_obtained":[{"floor":5,"key":"EntropicBrew"},{"floor":5,"key":"AttackPotion"},{"floor":5,"key":"SkillPotion"},{"floor":10,"key":"Fire Potion"}],"is_trial":false,"path_per_floor":["M","M","$","?","?","R","M","E","T","M","$","M","E","?","R","B"],"character_chosen":"IRONCLAD","items_purchased":["Spot Weakness","Seeing Red+1","Flex+1"],"campfire_rested":0,"item_purchase_floors":[3,11,11],"current_hp_per_floor":[80,72,72,72,72,72,74,54,54,55,55,58,42,42,42,0],"gold":48,"neow_bonus":"RANDOM_COMMON_RELIC","is_prod":false,"is_daily":false,"chose_seed":false,"campfire_upgraded":2,"win_rate":0,"timestamp":1553384159,"path_taken":["M","M","$","?","?","R","?","E","T","M","?","M","E","?","R","BOSS"],"build_version":"2019-01-23","purchased_purges":0,"victory":false,"max_hp_per_floor":[80,80,80,80,80,80,80,80,80,80,80,80,80,80,80,80],"card_choices":[{"not_picked":["Wild Strike","Pommel Strike"],"picked":"Headbutt","floor":1},{"not_picked":["Thunderclap","Headbutt"],"picked":"Inflame","floor":2},{"not_picked":["Armaments","Fiend Fire"],"picked":"Warcry","floor":7},{"not_picked":["True Grit","Perfected Strike"],"picked":"Battle Trance","floor":8},{"not_picked":["Battle Trance+1","Headbutt"],"picked":"Warcry+1","floor":10},{"not_picked":["Wild Strike","Iron Wave"],"picked":"Flame Barrier+1","floor":12},{"not_picked":["Wild Strike","Cleave"],"picked":"Clothesline","floor":13}],"player_experience":359767,"relics_obtained":[{"floor":8,"key":"Bag of Marbles"},{"floor":9,"key":"Toxic Egg 2"},{"floor":13,"key":"Prayer Wheel"}],"event_choices":[{"damage_healed":0,"gold_gain":0,"player_choice":"Ignored","damage_taken":0,"max_hp_gain":0,"max_hp_loss":0,"event_name":"Golden Wing","floor":4,"gold_loss":0},{"damage_healed":0,"gold_gain":0,"player_choice":"Got Potions","damage_taken":0,"max_hp_gain":0,"max_hp_loss":0,"event_name":"Lab","floor":5,"gold_loss":0},{"damage_healed":0,"gold_gain":0,"cards_transformed":["Strike_R"],"player_choice":"Transformed","damage_taken":0,"max_hp_gain":0,"max_hp_loss":0,"event_name":"Transmorgrifier","floor":14,"gold_loss":0,"cards_obtained":["Bloodletting"]}],"is_beta":false,"boss_relics":[],"items_purged_floors":[],"is_endless":false,"potions_floor_spawned":[7,10],"killed_by":"The Guardian","ascension_level":0}