{"path_per_floor":["M","M","M","M","M","?","R","M","T","?","M","$","M","M","R","B",null,"M","M","$","?","M","M","E"],"character_chosen":"THE_SILENT","items_purchased":["Mind Blast+1","Choke+1","Caltrops"],"gold_per_floor":[112,126,138,153,172,172,172,186,186,186,202,21,46,69,69,198,198,218,239,118,118,136,146,173,173],"floor_reached":25,"campfire_rested":1,"playtime":3332,"item_purchase_floors":[],"current_hp_per_floor":[63,62,59,53,39,39,66,54,54,54,43,43,43,43,51,42,70,62,48,48,48,29,6,16,0],"items_purged":["Injury"],"gold":173,"score":254,"play_id":"25644b86-0fe9-4848-bc36-714cde3f195d","local_time":"20180602110431","is_prod":false,"is_daily":false,"chose_seed":false,"is_ascension_mode":true,"campfire_upgraded":1,"win_rate":0,"timestamp":1527951871,"campfire_choices":[{"floor":7.0,"key":"REST"},{"data":"Well Laid Plans","floor":15.0,"key":"SMITH"}],"path_taken":["M","M","M","M","M","?","R","M","T","?","M","$","M","M","R","BOSS","M","M","$","?","M","M","E","M"],"build_version":"2018-05-31","seed_source_timestamp":483513218816089,"purchased_purges":1,"victory":false,"master_deck":["Defend_G","Defend_G","Defend_G","Defend_G","Defend_G","Strike_G","Strike_G","Strike_G","Strike_G","Strike_G","Survivor","Neutralize","Well Laid Plans+1","Prepared","Prepared","Leg Sweep","Acrobatics","Dagger Throw+1","Flying Knee+1","Mind Blast+1","Choke+1","Underhanded Strike+1","Bullet Time","Backstab+1","Quick Slash+1","Choke+1","Caltrops","Bouncing Flask","Bouncing Flask","Die Die Die+1"],"max_hp_per_floor":[70,70,70,70,70,70,70,70,70,70,70,70,70,70,70,70,70,70,70,70,70,70,70,70,70],"relics":["Eternal Feather","Molten Egg 2","Unceasing Top","Bloody Idol","Lizard Tail","Shuriken"],"card_choices":[{"not_picked":["Quick Slash","Terror"],"picked":"Well Laid Plans","floor":1.0},{"not_picked":["Finisher","Quick Slash"],"picked":"Prepared","floor":2.0},{"not_picked":["Reflex","Deflect"],"picked":"Prepared","floor":3.0},{"not_picked":["Poisoned Stab","Dagger Throw"],"picked":"Leg Sweep","floor":4.0},{"not_picked":["Finisher","Malaise"],"picked":"Acrobatics","floor":5.0},{"not_picked":["Backstab+1","Venomology"],"picked":"Dagger Throw+1","floor":8.0},{"not_picked":["Reflex","Backflip"],"picked":"Flying Knee+1","floor":11.0},{"not_picked":["Dodge and Roll","Acrobatics"],"picked":"Choke+1","floor":13.0},{"not_picked":["Cloak And Dagger","All Out Attack+1"],"picked":"Underhanded Strike+1","floor":14.0},{"not_picked":["Night Terror","Tactician"],"picked":"Bullet Time","floor":16.0},{"not_picked":["Acrobatics","Bane+1"],"picked":"Backstab+1","floor":18.0},{"not_picked":["Cloak And Dagger","Deflect"],"picked":"Quick Slash+1","floor":19.0},{"not_picked":["Sucker Punch+1","Backflip"],"picked":"Bouncing Flask","floor":22.0},{"not_picked":["Bane+1","Escape Plan"],"picked":"Bouncing Flask","floor":23},{"not_picked":["Cloak And Dagger+1","Quick Slash+1"],"picked":"Die Die Die+1","floor":24}],"player_experience":453719,"potions_floor_usage":[24],"damage_taken":[{"damage":7.0,"enemies":"Small Slimes","floor":1.0,"turns":5.0},{"damage":1.0,"enemies":"Cultist","floor":2.0,"turns":5.0},{"damage":3.0,"enemies":"2 Louse","floor":3.0,"turns":3.0},{"damage":6.0,"enemies":"2 Fungi Beasts","floor":4.0,"turns":4.0},{"damage":14.0,"enemies":"Blue Slaver","floor":5.0,"turns":6.0},{"damage":12.0,"enemies":"Large Slime","floor":8.0,"turns":11.0},{"damage":11.0,"enemies":"Exordium Thugs","floor":11.0,"turns":6.0},{"damage":0.0,"enemies":"Red Slaver","floor":13.0,"turns":3.0},{"damage":0.0,"enemies":"Large Slime","floor":14.0,"turns":2.0},{"damage":9.0,"enemies":"Slime Boss","floor":16.0,"turns":10.0},{"damage":8.0,"enemies":"Spheric Guardian","floor":18.0,"turns":4.0},{"damage":14.0,"enemies":"Shell Parasite","floor":19.0,"turns":3.0},{"damage":24.0,"enemies":"Snake Plant","floor":22.0,"turns":2.0},{"damage":28,"enemies":"Cultist and Chosen","floor":23,"turns":5},{"damage":39,"enemies":"Gremlin Leader","floor":24,"turns":5},{"damage":20,"enemies":"Slaver and Parasite","floor":25,"turns":1}],"relics_obtained":[{"floor":9.0,"key":"Unceasing Top"},{"floor":24,"key":"Shuriken"}],"event_choices":[{"event_name":"Wheel of Change","player_choice":"Relic","floor":6.0,"damage_taken":0.0},{"event_name":"Golden Idol","player_choice":"Take Wound","floor":10.0,"damage_taken":0.0},{"event_name":"Forgotten Altar","player_choice":"Gave Idol","floor":21.0,"damage_taken":0.0}],"boss_relics":[],"items_purged_floors":[],"potions_floor_spawned":[2,8,11,14,16,22],"seed_played":"-3282131893051980913","killed_by":"Slaver and Parasite","ascension_level":3,"potions_obtained":[{"floor":2.0,"key":"AttackPotion"},{"floor":8.0,"key":"EssenceOfSteel"},{"floor":11.0,"key":"GamblersBrew"},{"floor":14.0,"key":"AttackPotion"},{"floor":16.0,"key":"Fire Potion"},{"floor":22.0,"key":"Ancient Potion"}],"is_trial":false}