{"path_per_floor":["M","M","$","?","M","M","E","M","T","E","R","E","M","M","R","B",null,"M","?","?","?","M","E","?","M","T"],"character_chosen":"THE_SILENT","items_purchased":["Jack Of All Trades"],"gold_per_floor":[112,122,24,199,218,231,263,279,333,364,364,397,414,428,428,531,531,547,547,547,547,566,600,600,610,636,636],"floor_reached":27,"campfire_rested":0,"playtime":1727,"item_purchase_floors":[3],"current_hp_per_floor":[70,70,70,70,70,68,47,47,47,33,33,35,35,39,39,34,70,65,65,65,65,62,32,32,12,12,0],"items_purged":[],"gold":636,"score":255,"play_id":"37008b3a-398b-414a-979b-9f5ac535ee4d","local_time":"20180610171403","is_prod":false,"is_daily":false,"chose_seed":false,"is_ascension_mode":false,"campfire_upgraded":2,"win_rate":0,"timestamp":1528676043,"campfire_choices":[{"data":"Jack Of All Trades","floor":11,"key":"SMITH"},{"data":"Neutralize","floor":15,"key":"SMITH"}],"path_taken":["M","M","?","?","M","?","E","M","T","E","R","E","M","M","R","BOSS","M","?","?","?","?","E","?","M","T","E"],"build_version":"2018-06-07v3","seed_source_timestamp":893930547730185,"purchased_purges":0,"victory":false,"master_deck":["Defend_G","Defend_G","Defend_G","Defend_G","Defend_G","Strike_G","Strike_G","Strike_G","Strike_G","Strike_G","Survivor","Neutralize+1","Escape Plan","Well Laid Plans","Jack Of All Trades+1","Crippling Poison","Riddle With Holes","Slice","Slice","Bullet Time","Dagger Spray","Riddle With Holes","Caltrops","Burst","Predator","Heel Hook","Noxious Fumes","Sucker Punch+1","Backflip"],"max_hp_per_floor":[70,70,70,70,70,70,70,70,70,70,70,70,70,70,70,70,70,70,70,70,70,70,70,70,70,70,70],"relics":["Ancient Tea Set","Anchor","Boot","Shuriken","Pen Nib","Eternal Feather","Nloth\u0027s Gift","Juzu Bracelet","Art of War"],"card_choices":[{"not_picked":["Poisoned Stab","Well Laid Plans"],"picked":"Escape Plan","floor":1},{"not_picked":["Dagger Spray","Quick Slash"],"picked":"Well Laid Plans","floor":2},{"not_picked":["PiercingWail","Prepared"],"picked":"Crippling Poison","floor":5},{"not_picked":["Sucker Punch","Noxious Fumes"],"picked":"Riddle With Holes","floor":6},{"not_picked":["Masterful Stab","Setup"],"picked":"Slice","floor":7},{"not_picked":["Leg Sweep","Outmaneuver"],"picked":"Slice","floor":8},{"not_picked":["Bane","Setup"],"picked":"Bullet Time","floor":10},{"not_picked":["Underhanded Strike","Slice"],"picked":"Dagger Spray","floor":12},{"not_picked":["Deadly Poison","Masterful Stab"],"picked":"Riddle With Holes","floor":13},{"not_picked":["Acrobatics","Tactician"],"picked":"Caltrops","floor":14},{"not_picked":["Grand Finale","After Image"],"picked":"Burst","floor":16},{"not_picked":["Dagger Throw","Choke"],"picked":"Predator","floor":18},{"not_picked":["Concentrate","Flying Knee"],"picked":"Noxious Fumes","floor":22},{"not_picked":["Dodge and Roll","Underhanded Strike"],"picked":"Sucker Punch+1","floor":23},{"not_picked":["Prepared+1","Acrobatics"],"picked":"Backflip","floor":25}],"player_experience":498259,"potions_floor_usage":[7,7,10,16,23,23,27],"damage_taken":[{"damage":0,"enemies":"Cultist","floor":1,"turns":4},{"damage":0,"enemies":"2 Louse","floor":2,"turns":3},{"damage":0,"enemies":"Small Slimes","floor":5,"turns":3},{"damage":2,"enemies":"2 Fungi Beasts","floor":6,"turns":4},{"damage":21,"enemies":"3 Sentries","floor":7,"turns":14},{"damage":0,"enemies":"Blue Slaver","floor":8,"turns":3},{"damage":14,"enemies":"Gremlin Nob","floor":10,"turns":3},{"damage":2,"enemies":"3 Sentries","floor":12,"turns":5},{"damage":0,"enemies":"Looter","floor":13,"turns":1},{"damage":0,"enemies":"Large Slime","floor":14,"turns":3},{"damage":5,"enemies":"Slime Boss","floor":16,"turns":8},{"damage":5,"enemies":"3 Byrds","floor":18,"turns":5},{"damage":3,"enemies":"Shell Parasite","floor":22,"turns":4},{"damage":30,"enemies":"Slavers","floor":23,"turns":5},{"damage":20,"enemies":"Snecko","floor":25,"turns":5},{"damage":15,"enemies":"Book of Stabbing","floor":27,"turns":3}],"relics_obtained":[{"floor":7,"key":"Anchor"},{"floor":9,"key":"Boot"},{"floor":10,"key":"Shuriken"},{"floor":12,"key":"Pen Nib"},{"floor":23,"key":"Juzu Bracelet"},{"floor":26,"key":"Art of War"}],"event_choices":[{"event_name":"Liars Game","player_choice":"agreed","floor":4,"damage_taken":0},{"event_name":"Ghosts","player_choice":"Ignored","floor":19,"damage_taken":0},{"event_name":"The Library","player_choice":"Read","floor":20,"damage_taken":0},{"event_name":"N\u0027loth","player_choice":"Traded a Ring of the Snake","floor":21,"damage_taken":0},{"event_name":"Wheel of Change","player_choice":"Card Removal","floor":24,"damage_taken":0}],"boss_relics":[{"not_picked":["Orrery","Lizard Tail"],"picked":"Eternal Feather"}],"items_purged_floors":[],"potions_floor_spawned":[2,5,8,12,16,18,25],"seed_played":"-674620103547470608","killed_by":"Book of Stabbing","ascension_level":0,"potions_obtained":[{"floor":2,"key":"Block Potion"},{"floor":5,"key":"SkillPotion"},{"floor":8,"key":"Poison Potion"},{"floor":12,"key":"Poison Potion"},{"floor":16,"key":"FearPotion"},{"floor":18,"key":"LiquidBronze"},{"floor":25,"key":"FearPotion"}],"is_trial":false}