{"gold_per_floor":[112,112,131,48,64,97,97,97,97,97,109,109,138,155,155,231,231,242,252,25,40,40,66,86,11,11,28,28,38,38,58,58,136,136,154,154,168,168,179,206,206,223,269,269,302,314,344,363,363,363,363,363,363,69,104,104],"floor_reached":56,"playtime":3220,"items_purged":["Strike_B"],"score":2142,"play_id":"011c3376-d5be-404b-9358-56bd46a3ccc6","local_time":"20190322143644","is_ascension_mode":true,"campfire_choices":[{"data":"Coolheaded","floor":8.0,"key":"SMITH"},{"data":"Ball Lightning","floor":10.0,"key":"SMITH"},{"floor":15.0,"key":"REST"},{"data":"Defragment","floor":28.0,"key":"SMITH"},{"data":"Undo","floor":30.0,"key":"SMITH"},{"floor":32.0,"key":"REST"},{"data":"Loop","floor":41.0,"key":"SMITH"},{"data":"Electrodynamics","floor":44.0,"key":"SMITH"},{"floor":49.0,"key":"RECALL"},{"data":"Glacier","floor":53.0,"key":"SMITH"}],"neow_cost":"NONE","seed_source_timestamp":0,"circlet_count":0,"master_deck":["AscendersBane","Strike_B+1","Defend_B","Defend_B+1","Defend_B","Zap+1","Dualcast","Coolheaded+1","FTL","Ball Lightning+1","Compile Driver","Cold Snap","Glacier+1","Cold Snap","Electrodynamics+1","Loop+1","Meteor Strike","Defragment+1","Undo+1","Doom and Gloom","Sunder+1","Force Field+1","Hologram+1","Echo Form","Blizzard+1","Parasite","Hologram+1","Meteor Strike","Hologram+1"],"special_seed":0,"relics":["Cracked Core","Omamori","Gremlin Horn","Ornamental Fan","Blue Candle","Darkstone Periapt","Snecko Eye","Bottled Tornado","Toxic Egg 2","Empty Cage","Orichalcum","Sundial","Vajra","Cables","Dodecahedron"],"potions_floor_usage":[55,56],"damage_taken":[{"damage":0.0,"enemies":"2 Louse","floor":1.0,"turns":2.0},{"damage":0.0,"enemies":"Small Slimes","floor":3.0,"turns":3.0},{"damage":0.0,"enemies":"Cultist","floor":5.0,"turns":3.0},{"damage":2.0,"enemies":"3 Sentries","floor":6.0,"turns":4.0},{"damage":0.0,"enemies":"Gremlin Gang","floor":11.0,"turns":2.0},{"damage":14.0,"enemies":"Gremlin Nob","floor":13.0,"turns":4.0},{"damage":15.0,"enemies":"Exordium Thugs","floor":14.0,"turns":5.0},{"damage":19.0,"enemies":"Slime Boss","floor":16.0,"turns":15.0},{"damage":0.0,"enemies":"Spheric Guardian","floor":18.0,"turns":4.0},{"damage":4.0,"enemies":"3 Byrds","floor":19.0,"turns":2.0},{"damage":0.0,"enemies":"Centurion and Healer","floor":21.0,"turns":4.0},{"damage":6.0,"enemies":"Gremlin Leader","floor":23.0,"turns":4.0},{"damage":18.0,"enemies":"Shelled Parasite and Fungi","floor":24.0,"turns":4.0},{"damage":0.0,"enemies":"Cultist and Chosen","floor":27.0,"turns":3.0},{"damage":0.0,"enemies":"Snecko","floor":29.0,"turns":4.0},{"damage":9.0,"enemies":"Shelled Parasite and Fungi","floor":31.0,"turns":3.0},{"damage":31.0,"enemies":"Collector","floor":33.0,"turns":7.0},{"damage":0.0,"enemies":"3 Shapes","floor":35.0,"turns":4.0},{"damage":0.0,"enemies":"3 Darklings","floor":37.0,"turns":2.0},{"damage":0.0,"enemies":"Sphere and 2 Shapes","floor":39.0,"turns":3.0},{"damage":0.0,"enemies":"Giant Head","floor":40.0,"turns":5.0},{"damage":12.0,"enemies":"4 Shapes","floor":42.0,"turns":7.0},{"damage":25.0,"enemies":"Nemesis","floor":45.0,"turns":5.0},{"damage":0.0,"enemies":"Writhing Mass","floor":46.0,"turns":6.0},{"damage":4.0,"enemies":"Reptomancer","floor":47.0,"turns":5.0},{"damage":1.0,"enemies":"Sphere and 2 Shapes","floor":48.0,"turns":3.0},{"damage":1.0,"enemies":"Awakened One","floor":50.0,"turns":10.0},{"damage":1.0,"enemies":"Donu and Deca","floor":51.0,"turns":6.0},{"damage":9,"enemies":"Shield and Spear","floor":55,"turns":6},{"damage":57,"enemies":"The Heart","floor":56,"turns":2}],"seed_played":"3378721521270077326","potions_obtained":[{"floor":1.0,"key":"AttackPotion"},{"floor":13.0,"key":"LiquidBronze"},{"floor":14.0,"key":"Energy Potion"},{"floor":16.0,"key":"Dexterity Potion"},{"floor":21.0,"key":"Fire Potion"},{"floor":23.0,"key":"FocusPotion"},{"floor":24.0,"key":"PowerPotion"},{"floor":33.0,"key":"Energy Potion"},{"floor":35.0,"key":"AttackPotion"},{"floor":48.0,"key":"PowerPotion"},{"floor":55,"key":"Fire Potion"}],"is_trial":false,"path_per_floor":["M","?","M","$","M","E","?","R","T","R","M","?","E","M","R","B",null,"M","M","$","M","?","E","M","$","T","M","R","M","R","M","R","B",null,"M","?","M","?","M","E","R","M","T","R","E","M","E","M","R","B","B",null,"R","$","E","B"],"character_chosen":"DEFECT","items_purchased":["FTL","Meteor Strike","Defragment","Cables","Hologram+1"],"campfire_rested":2,"item_purchase_floors":[4,20,20,54,54],"current_hp_per_floor":[64,43,43,43,43,41,41,41,41,41,41,36,22,7,28,9,56,56,52,52,52,52,46,28,28,28,28,28,28,28,19,40,9,56,56,70,70,70,70,70,70,58,58,58,33,39,35,34,34,33,32,66,66,66,57,0],"gold":104,"neow_bonus":"UPGRADE_CARD","is_prod":false,"is_daily":false,"chose_seed":false,"campfire_upgraded":7,"win_rate":0,"timestamp":1553261804,"path_taken":["M","?","M","$","M","E","?","R","T","R","M","?","E","M","R","BOSS","M","M","$","M","?","E","M","$","T","M","R","M","R","M","R","BOSS","M","?","M","?","?","E","R","?","T","R","E","M","E","M","R","BOSS","BOSS","R","$","E","BOSS"],"build_version":"2019-01-23","purchased_purges":1,"victory":false,"max_hp_per_floor":[71,71,71,71,71,71,71,71,71,71,71,71,71,71,71,71,71,71,71,71,71,71,71,71,71,71,71,71,71,71,71,71,71,71,71,71,71,71,71,71,71,71,71,71,71,77,77,77,77,77,77,77,77,77,77,77],"card_choices":[{"not_picked":["Reprogram","Force Field","Rebound"],"picked":"SKIP","floor":1.0},{"not_picked":["Barrage","Go for the Eyes"],"picked":"Coolheaded","floor":3.0},{"not_picked":["Coolheaded","Core Surge"],"picked":"Ball Lightning","floor":5.0},{"not_picked":["Lockon","Turbo"],"picked":"Compile Driver","floor":6.0},{"not_picked":["Double Energy","Skim"],"picked":"Cold Snap","floor":11.0},{"not_picked":["Hologram","Self Repair"],"picked":"Glacier","floor":13.0},{"not_picked":["Skim","Compile Driver"],"picked":"Cold Snap","floor":14.0},{"not_picked":["All For One","Buffer"],"picked":"Electrodynamics","floor":16.0},{"not_picked":["Skim","Turbo+1"],"picked":"Loop","floor":18.0},{"not_picked":["Barrage","Leap","Steam+1"],"picked":"SKIP","floor":19.0},{"not_picked":["Blizzard","Darkness"],"picked":"Undo","floor":21.0},{"not_picked":["Gash","Undo"],"picked":"Sunder+1","floor":23.0},{"not_picked":["Beam Cell","Cold Snap"],"picked":"Force Field+1","floor":24.0},{"not_picked":["Turbo+1","Fusion+1","Redo+1"],"picked":"SKIP","floor":27.0},{"not_picked":["Cold Snap","Rebound"],"picked":"Hologram+1","floor":29.0},{"not_picked":["Chaos+1","Stack+1","Aggregate+1"],"picked":"SKIP","floor":31.0},{"not_picked":["Seek+1","Multi-Cast+1"],"picked":"Echo Form","floor":33.0},{"not_picked":["Scrape","Compile Driver","Redo+1"],"picked":"SKIP","floor":35.0},{"not_picked":["Reprogram+1","Compile Driver","Redo+1"],"picked":"SKIP","floor":37.0},{"not_picked":["Genetic Algorithm+1","Turbo+1","FTL+1"],"picked":"SKIP","floor":39.0},{"not_picked":["Gash","Rebound","Streamline+1"],"picked":"SKIP","floor":40.0},{"not_picked":["Barrage+1","Leap+1","Stack+1"],"picked":"SKIP","floor":42.0},{"not_picked":["Gash","Barrage"],"picked":"Blizzard+1","floor":45.0},{"not_picked":["Static Discharge+1","Redo+1"],"picked":"Hologram+1","floor":46.0},{"not_picked":["Scrape+1","Auto Shields+1","Redo+1"],"picked":"SKIP","floor":47.0},{"not_picked":["White Noise+1","Cold Snap"],"picked":"Meteor Strike","floor":48.0},{"not_picked":["Machine Learning","Rebound","Loop"],"picked":"SKIP","floor":55}],"player_experience":1395497,"relics_obtained":[{"floor":6.0,"key":"Omamori"},{"floor":9.0,"key":"Ornamental Fan"},{"floor":13.0,"key":"Darkstone Periapt"},{"floor":23.0,"key":"Bottled Tornado"},{"floor":26.0,"key":"Toxic Egg 2"},{"floor":40.0,"key":"Orichalcum"},{"floor":45.0,"key":"Sundial"},{"floor":47.0,"key":"Vajra"},{"floor":55,"key":"Dodecahedron"}],"event_choices":[{"damage_healed":0.0,"max_hp_gain":0.0,"max_hp_loss":0.0,"gold_gain":0.0,"event_name":"Shining Light","player_choice":"Entered Light","floor":2.0,"gold_loss":0.0,"damage_taken":21.0,"cards_upgraded":["Defend_B","Strike_B"]},{"damage_healed":0.0,"max_hp_gain":0.0,"max_hp_loss":0.0,"gold_gain":0.0,"event_name":"Big Fish","player_choice":"Box","floor":7.0,"gold_loss":0.0,"damage_taken":0.0,"relics_obtained":["Gremlin Horn"],"cards_obtained":["Regret"]},{"damage_healed":0.0,"max_hp_gain":0.0,"max_hp_loss":0.0,"gold_gain":0.0,"event_name":"Scrap Ooze","player_choice":"Success","floor":12.0,"gold_loss":0.0,"damage_taken":5.0,"relics_obtained":["Blue Candle"]},{"damage_healed":0.0,"max_hp_gain":0.0,"max_hp_loss":0.0,"gold_gain":0.0,"event_name":"The Library","player_choice":"Read","floor":22.0,"gold_loss":0.0,"damage_taken":0.0,"cards_obtained":["Doom and Gloom"]},{"damage_healed":14.0,"max_hp_gain":0.0,"max_hp_loss":0.0,"gold_gain":0.0,"event_name":"Winding Halls","player_choice":"Writhe","floor":36.0,"gold_loss":0.0,"damage_taken":0.0,"cards_obtained":["Writhe"]},{"cards_removed":["Defend_B"],"damage_healed":0.0,"max_hp_gain":0.0,"max_hp_loss":0.0,"gold_gain":0.0,"event_name":"Bonfire Elementals","player_choice":"Offered Basic","floor":38.0,"gold_loss":0.0,"damage_taken":0.0}],"is_beta":false,"boss_relics":[{"not_picked":["Cursed Key","Busted Crown"],"picked":"Snecko Eye"},{"not_picked":["Velvet Choker","Eternal Feather"],"picked":"Empty Cage"}],"items_purged_floors":[25],"is_endless":false,"potions_floor_spawned":[1,13,14,16,21,23,24,29,33,35,39,40,42,48,55],"killed_by":"The Heart","ascension_level":20}