{"gold_per_floor":[212,212,44,44,64,92,92,122,146,160,179,179,179,15,15,89,89,108,108,108,125,143,143],"floor_reached":23,"playtime":741,"items_purged":["Decay"],"score":398,"play_id":"c479daee-2a1d-4b71-87be-d199d7329eb9","local_time":"20190208134646","is_ascension_mode":true,"campfire_choices":[{"data":"Coolheaded","floor":7.0,"key":"SMITH"},{"floor":15.0,"key":"REST"}],"neow_cost":"NONE","seed_source_timestamp":0,"circlet_count":0,"master_deck":["AscendersBane","Strike_B","Strike_B","Strike_B","Strike_B","Defend_B","Defend_B","Defend_B","Defend_B","Zap","Dualcast","Defragment+1","Ball Lightning","Coolheaded+1","Chill","Conserve Battery","Glacier","Doom and Gloom","Electrodynamics","Coolheaded+1"],"special_seed":0,"relics":["Cracked Core","Orichalcum","Strawberry","Bag of Marbles","Juzu Bracelet","Letter Opener","Black Star","Gremlin Horn"],"potions_floor_usage":[23],"damage_taken":[{"damage":1.0,"enemies":"Small Slimes","floor":1.0,"turns":4.0},{"damage":7.0,"enemies":"Jaw Worm","floor":5.0,"turns":3.0},{"damage":27.0,"enemies":"Lagavulin","floor":6.0,"turns":6.0},{"damage":13.0,"enemies":"Gremlin Nob","floor":8.0,"turns":4.0},{"damage":0.0,"enemies":"Cultist","floor":10.0,"turns":4.0},{"damage":0.0,"enemies":"2 Fungi Beasts","floor":11.0,"turns":2.0},{"damage":26.0,"enemies":"The Guardian","floor":16.0,"turns":12.0},{"damage":5.0,"enemies":"Shell Parasite","floor":18.0,"turns":7.0},{"damage":9.0,"enemies":"Chosen","floor":21.0,"turns":5.0},{"damage":0.0,"enemies":"Sentry and Sphere","floor":22.0,"turns":4.0},{"damage":53,"enemies":"Book of Stabbing","floor":23,"turns":5}],"seed_played":"-3659390132403763013","potions_obtained":[{"floor":6.0,"key":"Ancient Potion"},{"floor":8.0,"key":"Swift Potion"},{"floor":16.0,"key":"EssenceOfSteel"}],"is_trial":false,"path_per_floor":["M","?","$","?","M","E","R","E","T","M","M","?","?","$","R","B",null,"M","?","T","M","M","E"],"character_chosen":"DEFECT","items_purchased":["Orichalcum","Doom and Gloom"],"campfire_rested":1,"item_purchase_floors":[3,14],"current_hp_per_floor":[63,63,63,63,56,36,36,23,23,23,23,18,18,18,41,15,62,57,57,57,48,48,0],"gold":143,"neow_bonus":"HUNDRED_GOLD","is_prod":false,"is_daily":false,"chose_seed":false,"campfire_upgraded":1,"win_rate":0,"timestamp":1549630006,"path_taken":["M","?","$","?","?","E","R","E","T","M","M","?","?","$","R","BOSS","M","?","?","M","M","E"],"build_version":"2019-01-23","purchased_purges":1,"victory":false,"max_hp_per_floor":[71,71,71,71,71,78,78,78,78,78,78,78,78,78,78,78,78,78,78,78,78,78,78],"card_choices":[{"not_picked":["Beam Cell","Turbo"],"picked":"Defragment","floor":1.0},{"not_picked":["Streamline","Sweeping Beam"],"picked":"Ball Lightning","floor":5.0},{"not_picked":["Storm","Rip and Tear"],"picked":"Coolheaded","floor":6.0},{"not_picked":["Darkness","Rebound"],"picked":"Chill","floor":8.0},{"not_picked":["Auto Shields","Cold Snap"],"picked":"Conserve Battery","floor":10.0},{"not_picked":["Leap","Thunder Strike"],"picked":"Glacier","floor":11.0},{"not_picked":["Thunder Strike","Machine Learning"],"picked":"Electrodynamics","floor":16.0},{"not_picked":["Coolheaded","Steam Power","Tempest"],"picked":"SKIP","floor":18.0},{"not_picked":["Steam Power","Streamline"],"picked":"Coolheaded+1","floor":21.0},{"not_picked":["Leap","Tempest","Lockon"],"picked":"SKIP","floor":22.0}],"player_experience":1313880,"relics_obtained":[{"floor":6.0,"key":"Strawberry"},{"floor":8.0,"key":"Bag of Marbles"},{"floor":9.0,"key":"Juzu Bracelet"},{"floor":20.0,"key":"Gremlin Horn"}],"event_choices":[{"damage_healed":0.0,"max_hp_gain":0.0,"max_hp_loss":0.0,"gold_gain":0.0,"event_name":"Living Wall","player_choice":"Grow","floor":2.0,"gold_loss":0.0,"damage_taken":0.0,"cards_upgraded":["Defragment"]},{"damage_healed":0.0,"max_hp_gain":0.0,"max_hp_loss":0.0,"gold_gain":0.0,"event_name":"Wheel of Change","player_choice":"Cursed","floor":4.0,"gold_loss":0.0,"damage_taken":0.0,"cards_obtained":["Decay"]},{"damage_healed":0.0,"max_hp_gain":0.0,"max_hp_loss":0.0,"gold_gain":0.0,"event_name":"Scrap Ooze","player_choice":"Success","floor":12.0,"gold_loss":0.0,"damage_taken":5.0,"relics_obtained":["Letter Opener"]},{"damage_healed":0.0,"max_hp_gain":0.0,"max_hp_loss":0.0,"gold_gain":0.0,"event_name":"Shining Light","player_choice":"Ignored","floor":13.0,"gold_loss":0.0,"damage_taken":0.0},{"damage_healed":0.0,"max_hp_gain":0.0,"max_hp_loss":0.0,"gold_gain":0.0,"event_name":"The Mausoleum","player_choice":"Ignored","floor":19.0,"gold_loss":0.0,"damage_taken":0.0}],"is_beta":false,"boss_relics":[{"not_picked":["Eternal Feather","Nuclear Battery"],"picked":"Black Star"}],"items_purged_floors":[14],"is_endless":false,"potions_floor_spawned":[6,8,16,22],"killed_by":"Book of Stabbing","ascension_level":20}