{"gold_per_floor":[119,119,84,31,50,76,124,124,148,165,196,213,46,46,46,46],"floor_reached":16,"playtime":482,"items_purged":[],"score":166,"play_id":"c325c94c-697a-4596-bb69-644a3c0cbc66","local_time":"20180907132601","is_ascension_mode":true,"campfire_choices":[{"data":"Neutralize","floor":8,"key":"SMITH"},{"floor":15,"key":"REST"}],"neow_cost":"NONE","seed_source_timestamp":239162775686148,"circlet_count":0,"master_deck":["Defend_G","Defend_G","Defend_G","Defend_G+1","Defend_G","Strike_G","Strike_G","Strike_G","Strike_G","Strike_G+1","Survivor","Neutralize+1","Poisoned Stab","Outmaneuver","Catalyst","Dagger Spray","Bane","Backstab","Sucker Punch","Deadly Poison","Deflect"],"relics":["Ring of the Snake","NeowsBlessing","Art of War","Dream Catcher","Smiling Mask","Regal Pillow","Lantern"],"potions_floor_usage":[11],"damage_taken":[{"damage":0,"enemies":"Small Slimes","floor":1,"turns":1},{"damage":0,"enemies":"Jaw Worm","floor":5,"turns":1},{"damage":0,"enemies":"Lagavulin","floor":6,"turns":1},{"damage":3,"enemies":"2 Louse","floor":10,"turns":2},{"damage":33,"enemies":"Gremlin Nob","floor":11,"turns":5},{"damage":2,"enemies":"Lots of Slimes","floor":12,"turns":3},{"damage":76,"enemies":"Slime Boss","floor":16,"turns":11}],"seed_played":"101292023895042651","potions_obtained":[{"floor":1,"key":"FairyPotion"},{"floor":6,"key":"Weak Potion"},{"floor":11,"key":"Weak Potion"}],"is_trial":false,"path_per_floor":["M","?","?","$","M","E","T","R","T","M","E","M","$","?","R"],"character_chosen":"THE_SILENT","items_purchased":["Outmaneuver","Lantern","Deadly Poison"],"campfire_rested":1,"item_purchase_floors":[4,13,13],"current_hp_per_floor":[70,56,70,70,70,70,70,70,70,67,34,32,32,32,68,0],"gold":46,"neow_bonus":"THREE_ENEMY_KILL","is_prod":false,"is_daily":false,"chose_seed":false,"campfire_upgraded":1,"win_rate":0,"timestamp":1536319561,"path_taken":["M","?","?","?","M","E","?","R","T","?","E","M","$","?","R","BOSS"],"build_version":"2018-09-06","purchased_purges":0,"victory":false,"max_hp_per_floor":[70,70,70,70,70,70,70,70,70,70,70,70,70,70,70,70],"card_choices":[{"not_picked":["Reflex","Finisher"],"picked":"Poisoned Stab","floor":1},{"not_picked":["PiercingWail","Underhanded Strike"],"picked":"Catalyst","floor":5},{"not_picked":["Flying Knee","Predator"],"picked":"Dagger Spray","floor":6},{"not_picked":["Acrobatics","Flying Knee"],"picked":"Bane","floor":10},{"not_picked":["Sucker Punch","Acrobatics"],"picked":"Backstab","floor":11},{"not_picked":["Bane","Venomology"],"picked":"Sucker Punch","floor":12},{"not_picked":["Outmaneuver","Calculated Gamble"],"picked":"Deflect","floor":15}],"player_experience":318786,"relics_obtained":[{"floor":6,"key":"Art of War"},{"floor":7,"key":"Dream Catcher"},{"floor":9,"key":"Smiling Mask"},{"floor":11,"key":"Regal Pillow"}],"event_choices":[{"event_name":"Shining Light","player_choice":"Entered Light","floor":2,"damage_taken":0},{"event_name":"The Cleric","player_choice":"Healed","floor":3,"damage_taken":0},{"event_name":"Liars Game","player_choice":"disagreed","floor":14,"damage_taken":0}],"is_beta":false,"boss_relics":[],"items_purged_floors":[],"is_endless":false,"potions_floor_spawned":[1,6,11],"killed_by":"Slime Boss","ascension_level":5}