{"path_per_floor":["M","$","M","$","M","E","?","?","T","M","R","?","M","?","R","B",null,"M","M","M","M","?","R","?","R","T","M"],"character_chosen":"DEFECT","items_purchased":["Heatsinks"],"gold_per_floor":[118,37,57,57,68,93,43,43,69,93,93,93,117,292,292,420,420,438,456,479,493,493,493,408,408,408,424,424],"floor_reached":28,"campfire_rested":4,"playtime":1712,"item_purchase_floors":[2],"current_hp_per_floor":[74,74,72,72,72,37,37,37,37,23,45,50,18,18,42,4,80,61,39,29,4,30,54,54,78,78,1,0],"items_purged":[],"gold":424,"score":253,"play_id":"84d22735-5f55-4846-960d-bd58ea55ef3d","local_time":"20180604213902","is_prod":false,"is_daily":false,"chose_seed":false,"is_ascension_mode":true,"campfire_upgraded":0,"win_rate":0,"timestamp":1528162742,"campfire_choices":[{"floor":11,"key":"REST"},{"floor":15,"key":"REST"},{"floor":23,"key":"REST"},{"floor":25,"key":"REST"}],"path_taken":["M","$","M","$","M","E","?","?","T","M","R","?","M","?","R","BOSS","M","M","M","M","?","R","?","R","T","M","M"],"build_version":"2018-05-31","seed_source_timestamp":85053982826256,"purchased_purges":0,"victory":false,"master_deck":["Strike_B","Strike_B","Strike_B","Defend_B","Defend_B","Defend_B","Defend_B","Zap","Dualcast","Consume","Heatsinks","Static Discharge","Hologram","Genetic Algorithm","Injury","Echo Form","Doubt","Biased Cognition","Defragment","Loop","Static Discharge+1","Recycle","Redo+1"],"max_hp_per_floor":[75,75,75,75,75,75,75,75,75,75,75,80,80,80,80,80,80,80,80,80,80,80,80,80,80,80,80,80],"relics":["Cracked Core","Juzu Bracelet","Golden Idol","Bag of Preparation","Nuclear Battery","Dream Catcher","Potion Belt"],"card_choices":[{"not_picked":["Scrape","Beam Cell"],"picked":"Consume","floor":1},{"not_picked":["Skim","Steam"],"picked":"Static Discharge","floor":3},{"not_picked":["Conserve Battery","Steam"],"picked":"Hologram","floor":5},{"not_picked":["Turbo","Steam Power"],"picked":"Genetic Algorithm","floor":6},{"not_picked":["Gash","Reinforced Body"],"picked":"Echo Form","floor":10},{"not_picked":["Hologram","Barrage","Blizzard"],"picked":"SKIP","floor":13},{"not_picked":["All For One","Multi-Cast"],"picked":"Biased Cognition","floor":16},{"not_picked":["Stack+1","Force Field+1"],"picked":"Defragment","floor":18},{"not_picked":["Coolheaded","Turbo"],"picked":"Loop","floor":19},{"not_picked":["Barrage","Ball Lightning","Rebound+1"],"picked":"SKIP","floor":20},{"not_picked":["Redo","Sweeping Beam"],"picked":"Static Discharge+1","floor":21},{"not_picked":["Ball Lightning","Barrage"],"picked":"Recycle","floor":25},{"not_picked":["Beam Cell","Rebound+1"],"picked":"Redo+1","floor":27}],"player_experience":504325,"potions_floor_usage":[5,16,20,21,27,28],"damage_taken":[{"damage":1,"enemies":"Cultist","floor":1,"turns":3},{"damage":2,"enemies":"Jaw Worm","floor":3,"turns":4},{"damage":0,"enemies":"2 Louse","floor":5,"turns":2},{"damage":35,"enemies":"3 Sentries","floor":6,"turns":6},{"damage":14,"enemies":"2 Fungi Beasts","floor":10,"turns":4},{"damage":32,"enemies":"Exordium Thugs","floor":13,"turns":5},{"damage":38,"enemies":"Hexaghost","floor":16,"turns":8},{"damage":19,"enemies":"Chosen","floor":18,"turns":6},{"damage":22,"enemies":"Spheric Guardian","floor":19,"turns":4},{"damage":10,"enemies":"Snake Plant","floor":20,"turns":4},{"damage":25,"enemies":"Centurion and Healer","floor":21,"turns":7},{"damage":77,"enemies":"Cultist and Chosen","floor":27,"turns":6},{"damage":1,"enemies":"Snake Plant","floor":28,"turns":2}],"relics_obtained":[{"floor":6,"key":"Juzu Bracelet"},{"floor":9,"key":"Bag of Preparation"},{"floor":26,"key":"Potion Belt"}],"event_choices":[{"event_name":"The Cleric","player_choice":"Card Removal","floor":7,"damage_taken":0},{"event_name":"Golden Idol","player_choice":"Take Wound","floor":8,"damage_taken":0},{"event_name":"Big Fish","player_choice":"Donut","floor":12,"damage_taken":0},{"event_name":"Liars Game","player_choice":"agreed","floor":14,"damage_taken":0},{"event_name":"The Library","player_choice":"Heal","floor":22,"damage_taken":0},{"event_name":"Addict","player_choice":"Obtained Relic","floor":24,"damage_taken":0}],"boss_relics":[{"not_picked":["Runic Pyramid","Sozu"],"picked":"Nuclear Battery"}],"items_purged_floors":[],"potions_floor_spawned":[1,6,13,18,19,21,27],"seed_played":"-2547165657618934602","killed_by":"Snake Plant","ascension_level":3,"potions_obtained":[{"floor":1,"key":"AttackPotion"},{"floor":6,"key":"FearPotion"},{"floor":13,"key":"SteroidPotion"},{"floor":18,"key":"LiquidBronze"},{"floor":19,"key":"Weak Potion"},{"floor":21,"key":"Block Potion"},{"floor":27,"key":"Block Potion"}],"is_trial":false}