{"gold_per_floor":[118,69,69,81,5,5,22,52,79,110,130,140,140,151,151,246,246,263,263,31,48,59,94,94,121,147,147,160,223,237,248,248,346,346,358,370,17,66,0,0,0],"floor_reached":41,"playtime":2876,"items_purged":["Strike_R","Brutality+1"],"score":532,"play_id":"67384341-efb4-4422-93f7-ba82b7ea9ae1","local_time":"20190327203819","is_ascension_mode":true,"campfire_choices":[{"data":"Uppercut","floor":6,"key":"SMITH"},{"data":"Uppercut","floor":13,"key":"SMITH"},{"data":"Spot Weakness","floor":15,"key":"SMITH"},{"floor":24,"key":"REST"},{"floor":27,"key":"REST"},{"floor":32,"key":"REST"},{"floor":40,"key":"REST"}],"neow_cost":"NONE","seed_source_timestamp":16676581802781,"circlet_count":0,"master_deck":["Strike_R","Defend_R","Defend_R","Defend_R","Defend_R","Bash+1","True Grit+1","Cleave","Uppercut+1","Spot Weakness+1","Uppercut+1","Shockwave","Shockwave","Headbutt","Immolate","Shrug It Off","Hemokinesis","Shrug It Off","Twin Strike+1","Rampage+1","Sword Boomerang+1","Iron Wave+1","Disarm","Demon Form","Blood for Blood+1","Rampage+1","Disarm+1","Clothesline+1","Disarm+1"],"relics":["Burning Blood","Blood Vial","Happy Flower","Centennial Puzzle","Fusion Hammer","Omamori","Magic Flower","Molten Egg 2","Vajra","Tiny Chest","Astrolabe","Bottled Tornado","Gambling Chip","Red Mask"],"potions_floor_usage":[23,29,33,41,41],"damage_taken":[{"damage":7,"enemies":"Jaw Worm","floor":1,"turns":3},{"damage":2,"enemies":"Cultist","floor":4,"turns":4},{"damage":2,"enemies":"Small Slimes","floor":7,"turns":4},{"damage":31,"enemies":"3 Sentries","floor":8,"turns":7},{"damage":21,"enemies":"Lagavulin","floor":10,"turns":7},{"damage":0,"enemies":"3 Louse","floor":11,"turns":2},{"damage":5,"enemies":"Blue Slaver","floor":12,"turns":4},{"damage":14,"enemies":"Lots of Slimes","floor":14,"turns":3},{"damage":10,"enemies":"The Guardian","floor":16,"turns":11},{"damage":18,"enemies":"Spheric Guardian","floor":18,"turns":4},{"damage":9,"enemies":"Chosen","floor":21,"turns":4},{"damage":16,"enemies":"Centurion and Healer","floor":22,"turns":3},{"damage":27,"enemies":"Book of Stabbing","floor":23,"turns":4},{"damage":46,"enemies":"Slavers","floor":25,"turns":4},{"damage":19,"enemies":"Shelled Parasite and Fungi","floor":28,"turns":4},{"damage":15,"enemies":"Book of Stabbing","floor":29,"turns":4},{"damage":13,"enemies":"Snake Plant","floor":30,"turns":3},{"damage":5,"enemies":"Snecko","floor":31,"turns":3},{"damage":70,"enemies":"Champ","floor":33,"turns":14},{"damage":10,"enemies":"3 Darklings","floor":35,"turns":3},{"damage":34,"enemies":"3 Shapes","floor":36,"turns":7},{"damage":52,"enemies":"2 Orb Walkers","floor":38,"turns":4},{"damage":49,"enemies":"Giant Head","floor":41,"turns":6}],"seed_played":"6817560342657028836","potions_obtained":[{"floor":1,"key":"EssenceOfSteel"},{"floor":11,"key":"Dexterity Potion"},{"floor":12,"key":"SteroidPotion"},{"floor":22,"key":"Dexterity Potion"},{"floor":23,"key":"Dexterity Potion"},{"floor":28,"key":"BloodPotion"},{"floor":33,"key":"PowerPotion"},{"floor":35,"key":"Fire Potion"}],"is_trial":false,"path_per_floor":["M","$","?","M","$","R","M","E","T","E","M","M","R","M","R","B",null,"M","?","$","M","M","E","R","E","T","R","M","E","M","M","R","B",null,"M","M","$","?","?","R","E"],"character_chosen":"IRONCLAD","items_purchased":["True Grit","Uppercut","Omamori","Bottled Tornado"],"campfire_rested":4,"item_purchase_floors":[2,5,20,37],"current_hp_per_floor":[79,79,79,80,80,80,80,55,55,42,50,53,53,47,47,45,80,68,68,68,67,59,40,64,30,30,54,47,56,55,62,80,19,80,79,55,55,15,15,39,0],"gold":0,"neow_bonus":"UPGRADE_CARD","is_prod":false,"is_daily":false,"chose_seed":false,"campfire_upgraded":3,"win_rate":0,"timestamp":1553729899,"path_taken":["M","$","?","M","$","R","M","E","T","E","?","M","R","M","R","BOSS","M","?","$","M","M","E","R","E","T","R","M","E","M","M","R","BOSS","M","M","$","?","?","R","E"],"build_version":"2019-01-23","purchased_purges":2,"victory":false,"max_hp_per_floor":[80,80,80,80,80,80,80,80,80,80,80,80,80,80,80,80,80,80,80,80,80,80,80,80,80,80,80,80,80,80,80,80,80,80,80,80,80,80,80,80,80],"card_choices":[{"not_picked":["Bloodletting","Sentinel","Blood for Blood"],"picked":"SKIP","floor":1},{"not_picked":["Havoc","Fire Breathing"],"picked":"Cleave","floor":4},{"not_picked":["Thunderclap","Burning Pact"],"picked":"Spot Weakness","floor":7},{"not_picked":["Rupture","Body Slam"],"picked":"Uppercut","floor":8},{"not_picked":["Fiend Fire","Iron Wave","Perfected Strike"],"picked":"SKIP","floor":10},{"not_picked":["Inflame","True Grit"],"picked":"Shockwave","floor":11},{"not_picked":["Reckless Charge","Rage"],"picked":"Shockwave","floor":12},{"not_picked":["Armaments","Dropkick"],"picked":"Headbutt","floor":14},{"not_picked":["Reaper","Barricade"],"picked":"Immolate","floor":16},{"not_picked":["Clash","Seeing Red"],"picked":"Shrug It Off","floor":18},{"not_picked":["Body Slam","Warcry","Flex"],"picked":"SKIP","floor":21},{"not_picked":["Rampage","Intimidate"],"picked":"Hemokinesis","floor":22},{"not_picked":["Headbutt","Evolve"],"picked":"Shrug It Off","floor":23},{"not_picked":["Infernal Blade","Juggernaut"],"picked":"Twin Strike+1","floor":25},{"not_picked":["Pommel Strike+1","Combust"],"picked":"Rampage+1","floor":28},{"not_picked":["Wild Strike+1","Headbutt+1"],"picked":"Sword Boomerang+1","floor":29},{"not_picked":["Wild Strike+1","Warcry"],"picked":"Iron Wave+1","floor":30},{"not_picked":["Uppercut+1","Twin Strike+1"],"picked":"Disarm","floor":31},{"not_picked":["Juggernaut","Brutality"],"picked":"Demon Form","floor":33},{"not_picked":["Twin Strike+1","Headbutt+1"],"picked":"Disarm+1","floor":35},{"not_picked":["Warcry","Bloodletting"],"picked":"Clothesline+1","floor":36},{"not_picked":["Twin Strike+1","Armaments+1"],"picked":"Disarm+1","floor":38}],"player_experience":404232,"relics_obtained":[{"floor":8,"key":"Blood Vial"},{"floor":9,"key":"Happy Flower"},{"floor":10,"key":"Centennial Puzzle"},{"floor":23,"key":"Magic Flower"},{"floor":25,"key":"Molten Egg 2"},{"floor":26,"key":"Vajra"},{"floor":29,"key":"Tiny Chest"},{"floor":38,"key":"Gambling Chip"}],"event_choices":[{"damage_healed":0,"gold_gain":0,"player_choice":"Forge","damage_taken":0,"max_hp_gain":0,"max_hp_loss":0,"event_name":"Accursed Blacksmith","floor":3,"gold_loss":0,"cards_upgraded":["True Grit"]},{"damage_healed":0,"gold_gain":0,"player_choice":"Ignored","damage_taken":0,"max_hp_gain":0,"max_hp_loss":0,"event_name":"Ghosts","floor":19,"gold_loss":0},{"damage_healed":0,"gold_gain":0,"player_choice":"Fight","damage_taken":0,"max_hp_gain":0,"max_hp_loss":0,"event_name":"Mysterious Sphere","floor":38,"gold_loss":0},{"damage_healed":0,"gold_gain":0,"player_choice":"Paid","damage_taken":0,"relics_obtained":["Red Mask"],"max_hp_gain":0,"max_hp_loss":0,"event_name":"Tomb of Lord Red Mask","floor":39,"gold_loss":66}],"is_beta":false,"boss_relics":[{"not_picked":["Black Blood","Orrery"],"picked":"Fusion Hammer"},{"not_picked":["Tiny House","Pandora\u0027s Box"],"picked":"Astrolabe"}],"items_purged_floors":[20,37],"is_endless":false,"potions_floor_spawned":[1,11,12,22,23,28,33,35],"killed_by":"Giant Head","ascension_level":3}