{"gold_per_floor":[116,126,201,32,43,72,72,103,103,115,160,197,12,12,12,105,105,105,105,105,105,105,105,105,105,105,105,105,105,105,105,105,105],"floor_reached":33,"playtime":1860,"items_purged":[],"score":573,"play_id":"c38fd21d-a508-4247-9a88-9cb93b9e4eb3","local_time":"20190408010303","is_ascension_mode":true,"campfire_choices":[{"floor":7,"key":"REST"},{"floor":10,"key":"REST"},{"data":"Uppercut","floor":15,"key":"SMITH"},{"data":"Immolate","floor":23,"key":"SMITH"},{"floor":27,"key":"REST"},{"floor":32,"key":"REST"}],"neow_cost":"NONE","seed_source_timestamp":39542757882258,"circlet_count":0,"master_deck":["AscendersBane","Strike_R+1","Strike_R+1","Strike_R+1","Strike_R+1","Strike_R+1","Defend_R+1","Defend_R+1","Defend_R+1","Defend_R+1","Bash+1","Uppercut+1","Sword Boomerang","Clothesline","Feed","Armaments","Ghostly Armor+1","Armaments+1","Immolate+1","Warcry+1","Pommel Strike+1","Ghostly Armor+1","Shockwave+1","Whirlwind+1"],"relics":["Burning Blood","Centennial Puzzle","Whetstone","Art of War","Self Forming Clay","MawBank","Toxic Egg 2","Odd Mushroom","Lee\u0027s Waffle","Golden Idol","Ectoplasm","Molten Egg 2","Pantograph","Regal Pillow","Singing Bowl"],"potions_floor_usage":[8,11,25,25,33,33],"damage_taken":[{"damage":7,"enemies":"Small Slimes","floor":1,"turns":3},{"damage":2,"enemies":"2 Louse","floor":2,"turns":4},{"damage":6,"enemies":"Jaw Worm","floor":5,"turns":3},{"damage":45,"enemies":"3 Sentries","floor":6,"turns":10},{"damage":35,"enemies":"Lagavulin","floor":8,"turns":8},{"damage":11,"enemies":"Gremlin Nob","floor":11,"turns":4},{"damage":35,"enemies":"The Mushroom Lair","floor":12,"turns":5},{"damage":31,"enemies":"The Guardian","floor":16,"turns":11},{"damage":7,"enemies":"Shell Parasite","floor":18,"turns":7},{"damage":4,"enemies":"Chosen","floor":19,"turns":4},{"damage":49,"enemies":"Gremlin Leader","floor":25,"turns":5},{"damage":0,"enemies":"Snecko","floor":28,"turns":2},{"damage":30,"enemies":"Book of Stabbing","floor":29,"turns":7},{"damage":12,"enemies":"Centurion and Healer","floor":31,"turns":5},{"damage":110,"enemies":"Champ","floor":33,"turns":19}],"seed_played":"368685118579329258","potions_obtained":[{"floor":1,"key":"SteroidPotion"},{"floor":8,"key":"Ancient Potion"},{"floor":11,"key":"SteroidPotion"},{"floor":12,"key":"BloodPotion"},{"floor":16,"key":"EntropicBrew"},{"floor":25,"key":"AttackPotion"},{"floor":29,"key":"Weak Potion"}],"is_trial":false,"path_per_floor":["M","M","?","$","M","E","R","E","T","R","E","?","$","?","R","B",null,"M","M","$","?","$","R","?","E","T","R","M","E","T","M","R","B"],"character_chosen":"IRONCLAD","items_purchased":["Whetstone","Sword Boomerang","Lee\u0027s Waffle"],"campfire_rested":4,"item_purchase_floors":[4,4,13],"current_hp_per_floor":[67,71,60,60,60,21,43,14,14,36,35,9,89,58,58,37,79,82,87,87,87,87,87,87,48,48,79,85,64,64,61,109,0],"gold":105,"neow_bonus":"RANDOM_COMMON_RELIC","is_prod":false,"is_daily":false,"chose_seed":false,"campfire_upgraded":2,"win_rate":0,"timestamp":1554696183,"path_taken":["M","M","?","$","M","E","R","E","T","R","E","?","?","?","R","BOSS","M","M","$","?","$","R","?","E","T","R","M","E","?","?","R","BOSS"],"build_version":"2019-01-23","purchased_purges":0,"victory":false,"max_hp_per_floor":[75,75,75,75,75,75,75,75,75,75,79,82,89,89,89,93,93,97,100,100,100,100,100,100,104,104,104,104,107,107,110,110,110],"card_choices":[{"not_picked":["Burning Pact","Heavy Blade","Dual Wield"],"picked":"SKIP","floor":1},{"not_picked":["Corruption","Dropkick"],"picked":"Uppercut","floor":2},{"not_picked":["Wild Strike","Havoc"],"picked":"Clothesline","floor":5},{"not_picked":["Sever Soul","Body Slam"],"picked":"Feed","floor":6},{"not_picked":["Sword Boomerang","Fiend Fire"],"picked":"Armaments","floor":8},{"not_picked":["Infernal Blade","Flex"],"picked":"Ghostly Armor","floor":11},{"not_picked":["Warcry+1","Flex+1"],"picked":"Armaments+1","floor":12},{"not_picked":["Feed","Brutality"],"picked":"Immolate","floor":16},{"not_picked":["Iron Wave","Dropkick+1"],"picked":"Warcry+1","floor":18},{"not_picked":["Second Wind+1","Armaments+1","Perfected Strike"],"picked":"SKIP","floor":19},{"not_picked":["Perfected Strike","Intimidate+1"],"picked":"Pommel Strike+1","floor":25},{"not_picked":["Anger+1","Battle Trance+1"],"picked":"Ghostly Armor+1","floor":28},{"not_picked":["Barricade","Anger+1"],"picked":"Shockwave+1","floor":29},{"not_picked":["Perfected Strike+1","Clash+1"],"picked":"Whirlwind+1","floor":31}],"player_experience":548305,"relics_obtained":[{"floor":6,"key":"Art of War"},{"floor":8,"key":"Self Forming Clay"},{"floor":9,"key":"MawBank"},{"floor":11,"key":"Toxic Egg 2"},{"floor":12,"key":"Odd Mushroom"},{"floor":25,"key":"Molten Egg 2"},{"floor":26,"key":"Pantograph"},{"floor":29,"key":"Regal Pillow"},{"floor":30,"key":"Singing Bowl"}],"event_choices":[{"damage_healed":0,"gold_gain":75,"player_choice":"Gather Gold","damage_taken":11,"max_hp_gain":0,"max_hp_loss":0,"event_name":"World of Goop","floor":3,"gold_loss":0},{"damage_healed":0,"gold_gain":0,"player_choice":"Fought Mushrooms","damage_taken":0,"max_hp_gain":0,"max_hp_loss":0,"event_name":"Mushrooms","floor":12,"gold_loss":0},{"damage_healed":0,"gold_gain":0,"player_choice":"Take Damage","damage_taken":31,"relics_obtained":["Golden Idol"],"max_hp_gain":0,"max_hp_loss":0,"event_name":"Golden Idol","floor":14,"gold_loss":0},{"damage_healed":0,"gold_gain":0,"player_choice":"Ignored","damage_taken":0,"max_hp_gain":0,"max_hp_loss":0,"event_name":"Vampires","floor":21,"gold_loss":0},{"damage_healed":0,"gold_gain":0,"player_choice":"Simplicity","damage_taken":0,"max_hp_gain":0,"max_hp_loss":0,"event_name":"Back to Basics","floor":24,"gold_loss":0,"cards_upgraded":["Strike_R","Strike_R","Strike_R","Strike_R","Defend_R","Defend_R","Defend_R","Defend_R"]}],"is_beta":false,"boss_relics":[{"not_picked":["Mark of Pain","Orrery"],"picked":"Ectoplasm"}],"items_purged_floors":[],"is_endless":false,"potions_floor_spawned":[1,8,11,12,16,25,28,29,31],"killed_by":"Champ","ascension_level":15}