{"gold_per_floor":[112,126,126,144,162,162,190,190,190,209,229,243,243,243,243,347,347,362,382,54,153,179,179,179,204,250,250,250,250],"floor_reached":29,"playtime":1156,"items_purged":["Strike_B"],"score":304,"play_id":"cb87ad90-c169-47f1-a127-ab98a3567be8","local_time":"20190411003014","is_ascension_mode":true,"campfire_choices":[{"data":"Zap","floor":6,"key":"SMITH"},{"floor":13,"key":"REST"},{"floor":15,"key":"REST"},{"data":"Thunder Strike","floor":23,"key":"SMITH"},{"floor":28,"key":"REST"}],"neow_cost":"NONE","seed_source_timestamp":33669826731845,"circlet_count":0,"master_deck":["Defend_B","Defend_B","Defend_B","Defend_B+1","Zap+1","Dualcast","Electrodynamics","Barrage","Leap","Barrage","Buffer","White Noise","Stack+1","Sweeping Beam","Thunder Strike+1","Ball Lightning","Ball Lightning","Hologram","Melter","Melter","Thunder Strike","Bite","Bite","Bite","Bite","Bite","Skim"],"relics":["Cracked Core","Mummified Hand","Question Card","Blue Candle","Orrery","Pear","Red Mask","Dead Branch","Orichalcum"],"potions_floor_usage":[12,25,25],"damage_taken":[{"damage":1,"enemies":"Cultist","floor":1,"turns":3},{"damage":7,"enemies":"Jaw Worm","floor":2,"turns":2},{"damage":12,"enemies":"Small Slimes","floor":4,"turns":2},{"damage":18,"enemies":"Exordium Wildlife","floor":5,"turns":4},{"damage":16,"enemies":"Gremlin Nob","floor":7,"turns":3},{"damage":1,"enemies":"Looter","floor":10,"turns":3},{"damage":0,"enemies":"3 Louse","floor":11,"turns":3},{"damage":0,"enemies":"Large Slime","floor":12,"turns":4},{"damage":16,"enemies":"The Guardian","floor":16,"turns":14},{"damage":24,"enemies":"3 Byrds","floor":18,"turns":3},{"damage":7,"enemies":"Chosen","floor":19,"turns":4},{"damage":0,"enemies":"Masked Bandits","floor":22,"turns":2},{"damage":56,"enemies":"Slavers","floor":25,"turns":5},{"damage":37,"enemies":"Centurion and Healer","floor":29,"turns":9}],"seed_played":"2843233744096860374","potions_obtained":[{"floor":2,"key":"GamblersBrew"},{"floor":4,"key":"Block Potion"},{"floor":10,"key":"Dexterity Potion"},{"floor":12,"key":"PowerPotion"},{"floor":19,"key":"Ancient Potion"},{"floor":22,"key":"FocusPotion"}],"is_trial":false,"path_per_floor":["M","?","M","T","M","?","?","?","?","?"],"character_chosen":"DEFECT","items_purchased":["Pear"],"campfire_rested":3,"item_purchase_floors":[20],"current_hp_per_floor":[74,67,60,48,30,30,14,14,14,13,13,13,35,20,42,26,75,51,44,54,54,54,54,54,6,6,6,23,0],"gold":250,"neow_bonus":"ONE_RANDOM_RARE_CARD","is_prod":false,"is_daily":false,"chose_seed":false,"campfire_upgraded":2,"win_rate":0,"timestamp":1554917414,"path_taken":["M","?","?","?","M","R","E","?","T","M","?","M","R","?","R","BOSS","M","M","$","?","?","R","?","E","T","?","R","M"],"build_version":"2019-01-23","purchased_purges":1,"victory":false,"max_hp_per_floor":[75,75,75,75,75,75,75,75,75,75,75,75,75,75,75,75,75,75,75,85,85,85,85,59,59,59,59,59,59],"card_choices":[{"not_picked":["Go for the Eyes","Reprogram"],"picked":"Barrage","floor":1},{"not_picked":["Coolheaded","Turbo"],"picked":"Leap","floor":2},{"not_picked":["Consume","Gash","Leap"],"picked":"SKIP","floor":4},{"not_picked":["Recycle","Gash"],"picked":"Barrage","floor":5},{"not_picked":["Hologram","Rebound"],"picked":"Buffer","floor":7},{"not_picked":["Hologram","Sunder","Streamline"],"picked":"White Noise","floor":10},{"not_picked":["Beam Cell","Doom and Gloom","Coolheaded"],"picked":"Stack","floor":11},{"not_picked":["Stack","Beam Cell","Chaos"],"picked":"Sweeping Beam","floor":12},{"not_picked":["Multi-Cast","Machine Learning","Core Surge"],"picked":"Thunder Strike","floor":16},{"not_picked":["Redo","Conserve Battery","Static Discharge"],"picked":"Ball Lightning","floor":17},{"not_picked":["Gash","Rip and Tear","Hologram"],"picked":"Ball Lightning","floor":17},{"not_picked":["Beam Cell","Streamline","Stack"],"picked":"Hologram","floor":17},{"not_picked":["BootSequence","Loop","Gash"],"picked":"Melter","floor":17},{"not_picked":["Conserve Battery","Heatsinks","Coolheaded"],"picked":"Melter","floor":17},{"not_picked":["Darkness","Rebound","Glacier"],"picked":"Thunder Strike","floor":18},{"not_picked":["Beam Cell+1","Gash+1","Storm","Redo+1"],"picked":"SKIP","floor":19},{"not_picked":["Streamline+1","Compile Driver","Reboot"],"picked":"Skim","floor":25}],"player_experience":190786,"relics_obtained":[{"floor":7,"key":"Mummified Hand"},{"floor":8,"key":"Question Card"},{"floor":9,"key":"Blue Candle"},{"floor":22,"key":"Red Mask"},{"floor":25,"key":"Dead Branch"},{"floor":26,"key":"Orichalcum"}],"event_choices":[{"damage_healed":0,"gold_gain":0,"player_choice":"Damaged","damage_taken":7,"max_hp_gain":0,"max_hp_loss":0,"event_name":"Wheel of Change","floor":3,"gold_loss":0},{"damage_healed":0,"gold_gain":0,"player_choice":"Entered Light","damage_taken":15,"max_hp_gain":0,"max_hp_loss":0,"event_name":"Shining Light","floor":14,"gold_loss":0,"cards_upgraded":["Stack","Defend_B"]},{"damage_healed":0,"gold_gain":99,"player_choice":"Stole From Cult","damage_taken":0,"max_hp_gain":0,"max_hp_loss":0,"event_name":"Nest","floor":21,"gold_loss":0},{"damage_healed":0,"gold_gain":0,"player_choice":"Fought Bandits","damage_taken":0,"max_hp_gain":0,"max_hp_loss":0,"event_name":"Masked Bandits","floor":22,"gold_loss":0},{"damage_healed":0,"gold_gain":0,"player_choice":"Became a vampire","damage_taken":0,"max_hp_gain":0,"max_hp_loss":26,"event_name":"Vampires","floor":24,"gold_loss":0,"cards_obtained":["Bite","Bite","Bite","Bite","Bite"]},{"damage_healed":0,"gold_gain":0,"player_choice":"Ignored","damage_taken":0,"max_hp_gain":0,"max_hp_loss":0,"event_name":"Cursed Tome","floor":27,"gold_loss":0}],"is_beta":false,"boss_relics":[{"not_picked":["Runic Dome","White Beast Statue"],"picked":"Orrery"}],"items_purged_floors":[20],"is_endless":false,"potions_floor_spawned":[2,4,10,12,19,22],"killed_by":"Centurion and Healer","ascension_level":3}