{"gold_per_floor":[109,19,19,34,34,62,62,88,141,141,155,175,204,227,239,322,334,356,384,266,266,278,278,311,211,237,23,42,53,71,97,97,169,169,180,180,194,37,53,53,79,79,79,95,113,0,0,0,0,0],"floor_reached":51,"playtime":3676,"items_purged":["Strike_G","Unload","Writhe"],"score":1352,"play_id":"2030110c-b326-4634-8cb0-616c123108c3","local_time":"20190428194701","is_ascension_mode":true,"campfire_choices":[{"data":"Neutralize","floor":7.0,"key":"SMITH"},{"data":"Footwork","floor":15.0,"key":"SMITH"},{"data":"Cloak And Dagger","floor":23,"key":"SMITH"},{"data":"Bullet Time","floor":32,"key":"SMITH"},{"floor":40,"key":"REST"},{"floor":42,"key":"REST"},{"floor":47,"key":"REST"},{"floor":49,"key":"REST"}],"neow_cost":"NONE","seed_source_timestamp":0,"circlet_count":0,"master_deck":["AscendersBane","Defend_G+1","Defend_G+1","Defend_G+1","Defend_G+1","Defend_G+1","Strike_G+1","Strike_G+1","Strike_G+1","Strike_G+1","Survivor","Neutralize+1","Dagger Throw","Backstab","Poisoned Stab+1","Endless Agony","Dodge and Roll","Backflip","Footwork+1","Corpse Explosion","Backflip","Footwork+1","Cloak And Dagger+1","PiercingWail","Well Laid Plans","Footwork","Crippling Poison","Bullet Time+1","Escape Plan+1","Dagger Spray","Cloak And Dagger","Crippling Poison","Dagger Spray","Dodge and Roll","Cloak And Dagger+1","Finisher","Backflip+1","Dodge and Roll+1","Deflect+1","Dash+1"],"special_seed":0,"relics":["Ring of the Snake","NeowsBlessing","Bronze Scales","Dream Catcher","Shuriken","Snake Skull","MawBank","Cursed Key","Bottled Tornado","Vajra","Boot","Black Star","PreservedInsect","Toxic Egg 2","Red Mask"],"potions_floor_usage":[33,35],"damage_taken":[{"damage":0.0,"enemies":"2 Louse","floor":1.0,"turns":1.0},{"damage":0.0,"enemies":"Small Slimes","floor":4.0,"turns":1.0},{"damage":0.0,"enemies":"Lagavulin","floor":6.0,"turns":1.0},{"damage":14.0,"enemies":"3 Sentries","floor":8.0,"turns":8.0},{"damage":0.0,"enemies":"Jaw Worm","floor":11.0,"turns":1.0},{"damage":4.0,"enemies":"Exordium Wildlife","floor":12.0,"turns":2.0},{"damage":2.0,"enemies":"Gremlin Nob","floor":13.0,"turns":3.0},{"damage":0.0,"enemies":"Red Slaver","floor":14.0,"turns":1.0},{"damage":2.0,"enemies":"Hexaghost","floor":16.0,"turns":10.0},{"damage":0,"enemies":"3 Byrds","floor":18,"turns":2},{"damage":3,"enemies":"Spheric Guardian","floor":19,"turns":4},{"damage":0,"enemies":"Centurion and Healer","floor":22,"turns":6},{"damage":3,"enemies":"Gremlin Leader","floor":24,"turns":9},{"damage":0,"enemies":"Chosen and Byrds","floor":28,"turns":4},{"damage":1,"enemies":"Cultist and Chosen","floor":29,"turns":4},{"damage":0,"enemies":"Centurion and Healer","floor":30,"turns":5},{"damage":11,"enemies":"Slavers","floor":31,"turns":4},{"damage":4,"enemies":"Champ","floor":33,"turns":13},{"damage":21,"enemies":"3 Darklings","floor":35,"turns":5},{"damage":2,"enemies":"3 Shapes","floor":37,"turns":6},{"damage":10,"enemies":"3 Darklings","floor":39,"turns":3},{"damage":36,"enemies":"Nemesis","floor":41,"turns":7},{"damage":2,"enemies":"Maw","floor":44,"turns":8},{"damage":7,"enemies":"Spire Growth","floor":45,"turns":8},{"damage":23,"enemies":"Donu and Deca","floor":50,"turns":9}],"seed_played":"-5414136170170024834","potions_obtained":[{"floor":1.0,"key":"Energy Potion"},{"floor":8.0,"key":"Poison Potion"},{"floor":14.0,"key":"PowerPotion"},{"floor":16.0,"key":"SteroidPotion"},{"floor":29,"key":"GhostInAJar"},{"floor":33,"key":"Weak Potion"},{"floor":41,"key":"Explosive Potion"},{"floor":48,"key":"FairyPotion"}],"is_trial":false,"path_per_floor":["M","$","?","M","$","E","R","E","T","?","M","M","E","M","R","B",null,"M","M","$","?","M","R","E","$","T","$","M","M","M","E","R","B",null,"M","?","M","$","M","R","E","R","T","M","M","?","R","?","R","B",null],"character_chosen":"THE_SILENT","items_purchased":["Backstab","Cloak And Dagger","Footwork","Cloak And Dagger","Crippling Poison","Dagger Spray"],"campfire_rested":4,"item_purchase_floors":[2,20,27,38,38,38],"current_hp_per_floor":[59,59,48,48,48,48,48,34,34,34,34,30,28,28,28,26,56,56,53,53,53,53,53,50,50,50,50,50,49,49,38,38,34,58,37,42,40,40,30,49,13,32,32,30,23,23,42,42,61,38],"gold":0,"neow_bonus":"THREE_ENEMY_KILL","is_prod":false,"is_daily":false,"chose_seed":false,"campfire_upgraded":4,"win_rate":0,"timestamp":1556491621,"path_taken":["M","$","?","M","$","E","R","E","T","?","M","M","E","M","R","BOSS","M","M","$","?","M","R","E","$","T","$","M","M","M","E","R","BOSS","M","?","M","$","?","R","E","R","T","M","M","?","R","?","R","BOSS"],"build_version":"2019-01-23","purchased_purges":3,"victory":true,"max_hp_per_floor":[66,66,66,66,66,66,66,66,66,66,66,66,66,66,66,66,66,66,66,66,66,66,66,66,66,66,66,66,66,66,66,66,66,66,66,66,66,66,66,66,66,66,66,66,66,66,66,66,66,66],"card_choices":[{"not_picked":["Choke","Deflect"],"picked":"Dagger Throw","floor":1.0},{"not_picked":["Calculated Gamble","Heel Hook","Backflip"],"picked":"SKIP","floor":4.0},{"not_picked":["Envenom","Slice"],"picked":"Poisoned Stab","floor":6.0},{"not_picked":["Prepared","Deflect"],"picked":"Endless Agony","floor":8.0},{"not_picked":["Tactician","Dagger Throw"],"picked":"Dodge and Roll","floor":11.0},{"not_picked":["Sucker Punch","Deflect"],"picked":"Unload","floor":12.0},{"not_picked":["Quick Slash","Calculated Gamble"],"picked":"Backflip","floor":13.0},{"not_picked":["Bane","Masterful Stab"],"picked":"Footwork","floor":14.0},{"not_picked":["Venomology","Doppelganger"],"picked":"Corpse Explosion","floor":16.0},{"not_picked":["Caltrops","Well Laid Plans"],"picked":"Backflip","floor":18},{"not_picked":["Underhanded Strike","Deflect"],"picked":"Footwork+1","floor":19},{"not_picked":["Backstab","Prepared"],"picked":"PiercingWail","floor":22},{"not_picked":["Finisher","Bane"],"picked":"Well Laid Plans","floor":24},{"not_picked":["Reflex","Underhanded Strike"],"picked":"Crippling Poison","floor":28},{"not_picked":["Deflect","Poisoned Stab+1"],"picked":"Dagger Throw","floor":29},{"not_picked":["Choke","Flechettes"],"picked":"Bullet Time","floor":30},{"not_picked":["Acrobatics","Deflect"],"picked":"Escape Plan+1","floor":31},{"not_picked":["Sucker Punch","Quick Slash+1","Reflex"],"picked":"SKIP","floor":35},{"not_picked":["Deadly Poison","Slice"],"picked":"Dagger Spray","floor":37},{"not_picked":["Outmaneuver","Poisoned Stab"],"picked":"Dodge and Roll","floor":39},{"not_picked":["Caltrops","Dodge and Roll+1"],"picked":"Cloak And Dagger+1","floor":40},{"not_picked":["Malaise","Poisoned Stab"],"picked":"Finisher","floor":41},{"not_picked":["Footwork","Escape Plan+1"],"picked":"Backflip+1","floor":42},{"not_picked":["Eviscerate","Deflect+1"],"picked":"Dodge and Roll+1","floor":44},{"not_picked":["Prepared+1","All Out Attack","Choke"],"picked":"SKIP","floor":45},{"not_picked":["Well Laid Plans","Dagger Spray+1"],"picked":"Deflect+1","floor":47},{"not_picked":["Skewer","Prepared+1"],"picked":"Dash+1","floor":49}],"player_experience":779160,"relics_obtained":[{"floor":6.0,"key":"Dream Catcher"},{"floor":8.0,"key":"Shuriken"},{"floor":9.0,"key":"Snake Skull"},{"floor":13.0,"key":"MawBank"},{"floor":24,"key":"Bottled Tornado"},{"floor":26,"key":"Vajra"},{"floor":31,"key":"Boot"},{"floor":41,"key":"PreservedInsect"},{"floor":41,"key":"Toxic Egg 2"}],"event_choices":[{"damage_healed":0.0,"max_hp_gain":0.0,"max_hp_loss":0.0,"gold_gain":0.0,"event_name":"Scrap Ooze","player_choice":"Success","floor":3.0,"gold_loss":0.0,"damage_taken":11.0,"relics_obtained":["Bronze Scales"]},{"damage_healed":0.0,"max_hp_gain":0.0,"max_hp_loss":0.0,"gold_gain":0.0,"event_name":"Living Wall","player_choice":"Grow","floor":10.0,"gold_loss":0.0,"damage_taken":0.0,"cards_upgraded":["Poisoned Stab"]},{"damage_healed":0,"gold_gain":0,"player_choice":"Simplicity","damage_taken":0,"max_hp_gain":0,"max_hp_loss":0,"event_name":"Back to Basics","floor":21,"gold_loss":0,"cards_upgraded":["Defend_G","Defend_G","Defend_G","Defend_G","Defend_G","Strike_G","Strike_G","Strike_G","Strike_G"]},{"cards_removed":["Dagger Throw"],"damage_healed":5,"gold_gain":0,"player_choice":"Offered Common","damage_taken":0,"max_hp_gain":0,"max_hp_loss":0,"event_name":"Bonfire Elementals","floor":36,"gold_loss":0},{"cards_removed":["Dagger Throw"],"damage_healed":5,"gold_gain":0,"player_choice":"Offered Special","damage_taken":0,"max_hp_gain":0,"max_hp_loss":0,"event_name":"Bonfire Elementals","floor":36,"gold_loss":0},{"damage_healed":0,"gold_gain":0,"player_choice":"Paid","damage_taken":0,"relics_obtained":["Red Mask"],"max_hp_gain":0,"max_hp_loss":0,"event_name":"Tomb of Lord Red Mask","floor":46,"gold_loss":113},{"damage_healed":0,"gold_gain":0,"player_choice":"Got Potions","damage_taken":0,"max_hp_gain":0,"max_hp_loss":0,"event_name":"Lab","floor":48,"gold_loss":0}],"is_beta":false,"boss_relics":[{"not_picked":["Pandora\u0027s Box","Busted Crown"],"picked":"Cursed Key"},{"not_picked":["Runic Dome","White Beast Statue"],"picked":"Black Star"}],"items_purged_floors":[20,25,27],"is_endless":false,"potions_floor_spawned":[1,8,11,14,16,28,29,30,33,41,44,45],"ascension_level":16}