{"gold_per_floor":[109,284,297,297,297,323,333,283,283,283,299,299,316,342,342,342],"floor_reached":16,"playtime":589,"items_purged":[],"score":132,"play_id":"3712a90e-626e-4329-81b6-64f606f04778","local_time":"20190208182216","is_ascension_mode":true,"campfire_choices":[{"data":"True Grit","floor":10,"key":"SMITH"},{"floor":12,"key":"REST"},{"floor":15,"key":"REST"}],"neow_cost":"NONE","seed_source_timestamp":2133493779080399,"circlet_count":0,"master_deck":["Strike_R+1","Strike_R","Strike_R","Strike_R","Strike_R","Defend_R","Defend_R","Defend_R","Defend_R","Bash","Cleave","Shockwave+1","Whirlwind","True Grit+1","Armaments","Iron Wave","Dark Embrace","Ghostly Armor"],"relics":["Burning Blood","Bird Faced Urn","Dream Catcher","Singing Bowl","Orichalcum"],"potions_floor_usage":[3,6,6,14],"damage_taken":[{"damage":11,"enemies":"Jaw Worm","floor":1,"turns":4},{"damage":0,"enemies":"Small Slimes","floor":3,"turns":3},{"damage":20,"enemies":"Lagavulin","floor":6,"turns":5},{"damage":0,"enemies":"2 Louse","floor":7,"turns":2},{"damage":5,"enemies":"Blue Slaver","floor":11,"turns":4},{"damage":5,"enemies":"Exordium Wildlife","floor":13,"turns":5},{"damage":51,"enemies":"Gremlin Nob","floor":14,"turns":5},{"damage":59,"enemies":"Slime Boss","floor":16,"turns":11}],"seed_played":"-5552217909646053643","potions_obtained":[{"floor":0,"key":"Explosive Potion"},{"floor":0,"key":"Explosive Potion"},{"floor":0,"key":"Poison Potion"},{"floor":3,"key":"SmokeBomb"},{"floor":6,"key":"Fire Potion"}],"is_trial":false,"path_per_floor":["M","?","M","?","?","E","M","?","T","R","M","R","M","E","R","B"],"character_chosen":"IRONCLAD","items_purchased":[],"campfire_rested":2,"item_purchase_floors":[],"current_hp_per_floor":[75,75,80,64,57,43,49,49,49,49,50,74,77,32,56,0],"gold":342,"neow_bonus":"THREE_SMALL_POTIONS","is_prod":false,"is_daily":false,"chose_seed":false,"campfire_upgraded":1,"win_rate":0,"timestamp":1549675336,"path_taken":["M","?","M","?","?","E","M","?","T","R","M","R","M","E","R","BOSS"],"build_version":"2019-02-06","purchased_purges":0,"victory":false,"max_hp_per_floor":[80,80,80,80,80,80,80,80,80,80,80,80,82,82,82,82],"card_choices":[{"not_picked":["Blood for Blood","Hemokinesis"],"picked":"Cleave","floor":1},{"not_picked":["Headbutt","Flex"],"picked":"Shockwave","floor":3},{"not_picked":["Iron Wave","Perfected Strike"],"picked":"Whirlwind","floor":6},{"not_picked":["Corruption","Perfected Strike"],"picked":"True Grit","floor":7},{"not_picked":["Perfected Strike","Warcry"],"picked":"Armaments","floor":11},{"not_picked":["Body Slam","Heavy Blade"],"picked":"Iron Wave","floor":12},{"not_picked":["Bloodletting","Combust","Body Slam"],"picked":"Singing Bowl","floor":13},{"not_picked":["Anger","Wild Strike"],"picked":"Dark Embrace","floor":14},{"not_picked":["Iron Wave","Shockwave"],"picked":"Ghostly Armor","floor":15}],"player_experience":474663,"relics_obtained":[{"floor":6,"key":"Dream Catcher"},{"floor":9,"key":"Singing Bowl"},{"floor":14,"key":"Orichalcum"}],"event_choices":[{"damage_healed":0,"gold_gain":175,"player_choice":"AGREE","damage_taken":0,"max_hp_gain":0,"max_hp_loss":0,"event_name":"Liars Game","floor":2,"gold_loss":0,"cards_obtained":["Doubt"]},{"damage_healed":0,"gold_gain":0,"player_choice":"Entered Light","damage_taken":16,"max_hp_gain":0,"max_hp_loss":0,"event_name":"Shining Light","floor":4,"gold_loss":0,"cards_upgraded":["Shockwave","Strike_R"]},{"damage_healed":0,"gold_gain":0,"player_choice":"Success","damage_taken":7,"relics_obtained":["Bird Faced Urn"],"max_hp_gain":0,"max_hp_loss":0,"event_name":"Scrap Ooze","floor":5,"gold_loss":0},{"cards_removed":["Doubt"],"damage_healed":0,"gold_gain":0,"player_choice":"Card Removal","damage_taken":0,"max_hp_gain":0,"max_hp_loss":0,"event_name":"The Cleric","floor":8,"gold_loss":50}],"is_beta":true,"boss_relics":[],"items_purged_floors":[],"is_endless":false,"potions_floor_spawned":[3,6],"killed_by":"Slime Boss","ascension_level":4}