{"gold_per_floor":[116,128,128,128,141,141,177,201,201,201,201,201,220,220],"floor_reached":14,"playtime":353,"items_purged":[],"score":180,"play_id":"969997a0-7fa4-4def-9faf-102c832a29bb","local_time":"20190207133159","is_ascension_mode":true,"campfire_choices":[{"data":"Zap","floor":6,"key":"SMITH"},{"data":"Lockon","floor":10,"key":"SMITH"},{"floor":12,"key":"REST"}],"neow_cost":"PERCENT_DAMAGE","seed_source_timestamp":785681657731483,"circlet_count":0,"master_deck":["AscendersBane","Strike_B","Strike_B","Strike_B","Strike_B","Defend_B","Defend_B","Defend_B","Defend_B","Zap+1","Dualcast","Defragment+1","White Noise","Tempest","Lockon+1"],"relics":["Cracked Core","Unceasing Top","Golden Idol","Pen Nib","Bag of Marbles","Emotion Chip"],"potions_floor_usage":[7,8],"damage_taken":[{"damage":1,"enemies":"Cultist","floor":1,"turns":3},{"damage":7,"enemies":"2 Louse","floor":2,"turns":2},{"damage":7,"enemies":"Jaw Worm","floor":5,"turns":3},{"damage":20,"enemies":"Lagavulin","floor":7,"turns":5},{"damage":0,"enemies":"3 Louse","floor":8,"turns":2},{"damage":11,"enemies":"Lots of Slimes","floor":13,"turns":4},{"damage":26,"enemies":"Large Slime","floor":14,"turns":4}],"seed_played":"7762842548843414535","potions_obtained":[{"floor":2,"key":"AttackPotion"},{"floor":5,"key":"Explosive Potion"}],"is_trial":false,"path_per_floor":["M","M","?","?","M","R","E","M","T","R","T","R","M","M"],"character_chosen":"DEFECT","items_purchased":[],"campfire_rested":1,"item_purchase_floors":[],"current_hp_per_floor":[45,38,38,38,31,31,11,11,11,11,11,30,19,0],"gold":220,"neow_bonus":"ONE_RARE_RELIC","is_prod":false,"is_daily":false,"chose_seed":false,"campfire_upgraded":2,"win_rate":0,"timestamp":1549542719,"path_taken":["M","M","?","?","?","R","E","M","T","R","?","R","M","M"],"build_version":"2019-01-23","purchased_purges":0,"victory":false,"max_hp_per_floor":[71,71,64,64,64,64,64,64,64,64,64,64,64,64],"card_choices":[{"not_picked":["Compile Driver","Go for the Eyes"],"picked":"Defragment","floor":1},{"not_picked":["Redo","Steam","Stack"],"picked":"SKIP","floor":2},{"not_picked":["Capacitor","Scrape"],"picked":"White Noise","floor":5},{"not_picked":["Stack","Skim"],"picked":"Tempest","floor":7},{"not_picked":["Gash","Rebound"],"picked":"Lockon","floor":8},{"not_picked":["Steam Power","Stack","Recycle"],"picked":"SKIP","floor":13}],"player_experience":1302213,"relics_obtained":[{"floor":7,"key":"Pen Nib"},{"floor":9,"key":"Bag of Marbles"},{"floor":11,"key":"Emotion Chip"}],"event_choices":[{"damage_healed":0,"gold_gain":0,"player_choice":"Lose Max HP","damage_taken":0,"relics_obtained":["Golden Idol"],"max_hp_gain":0,"max_hp_loss":7,"event_name":"Golden Idol","floor":3,"gold_loss":0},{"damage_healed":0,"gold_gain":0,"player_choice":"Forge","damage_taken":0,"max_hp_gain":0,"max_hp_loss":0,"event_name":"Accursed Blacksmith","floor":4,"gold_loss":0,"cards_upgraded":["Defragment"]}],"is_beta":false,"boss_relics":[],"items_purged_floors":[],"is_endless":false,"potions_floor_spawned":[2,5],"killed_by":"Large Slime","ascension_level":20}