{"gold_per_floor":[136,86,261,41,51,82,100,131,131,406,419,430,9,39,39,136,136,154,165,175,190,202,202,237,217,298,328,328,338,338,365,365,464,464,481,581,581,329,346,374,40,51,51,12,42,42,42,95,95,95,95,95,44,69,69],"floor_reached":56,"playtime":2845,"items_purged":["Doubt","Regret","Sever Soul+1"],"score":1452,"play_id":"e06d7d2d-7966-447f-b30a-228211b464c6","local_time":"20190221234742","is_ascension_mode":true,"campfire_choices":[{"data":"Apotheosis","floor":15.0,"key":"SMITH"},{"floor":23,"key":"RECALL"},{"floor":28,"key":"REST"},{"floor":30,"key":"REST"},{"floor":32,"key":"REST"},{"floor":49,"key":"REST"},{"data":"Juggernaut","floor":52,"key":"SMITH"}],"neow_cost":"PERCENT_DAMAGE","seed_source_timestamp":0,"circlet_count":0,"master_deck":["Jack Of All Trades","Jack Of All Trades","Shockwave","Clothesline","Pommel Strike","True Grit","Pommel Strike","Apotheosis+1","Juggernaut+1","Metallicize","Bloodletting","Flex","Inflame","Heavy Blade","Evolve","Feel No Pain","Shrug It Off+1","Warcry+1","Disarm","Flame Barrier+1","Flame Barrier","Feel No Pain","Barricade","Metallicize","Disarm+1","Shrug It Off+1","Shrug It Off","Metallicize","Ghostly Armor+1","Metallicize+1","Flame Barrier"],"special_seed":0,"relics":["Burning Blood","Orichalcum","Meat on the Bone","Matryoshka","Regal Pillow","Mercury Hourglass","Bottled Lightning","Odd Mushroom","Pandora\u0027s Box","PreservedInsect","Bag of Preparation","Bottled Flame","Dodecahedron","Question Card","Philosopher\u0027s Stone","Champion Belt","Bronze Scales","Whetstone","Membership Card","Bag of Marbles","Self Forming Clay","Gambling Chip","Lantern"],"potions_floor_usage":[24,24,27,29,33,33,40,48,55],"damage_taken":[{"damage":1.0,"enemies":"Jaw Worm","floor":1.0,"turns":4.0},{"damage":0.0,"enemies":"2 Louse","floor":5.0,"turns":2.0},{"damage":8.0,"enemies":"3 Sentries","floor":6.0,"turns":4.0},{"damage":0.0,"enemies":"Cultist","floor":7.0,"turns":3.0},{"damage":14.0,"enemies":"Lagavulin","floor":8.0,"turns":7.0},{"damage":13.0,"enemies":"Exordium Thugs","floor":11.0,"turns":5.0},{"damage":0.0,"enemies":"3 Louse","floor":12.0,"turns":2.0},{"damage":10.0,"enemies":"The Mushroom Lair","floor":14.0,"turns":3.0},{"damage":30.0,"enemies":"The Guardian","floor":16.0,"turns":11.0},{"damage":6,"enemies":"Chosen","floor":18,"turns":4},{"damage":3,"enemies":"Spheric Guardian","floor":19,"turns":2},{"damage":13,"enemies":"Shelled Parasite and Fungi","floor":20,"turns":4},{"damage":16,"enemies":"Sentry and Sphere","floor":21,"turns":4},{"damage":4,"enemies":"Snake Plant","floor":22,"turns":4},{"damage":12,"enemies":"Book of Stabbing","floor":24,"turns":6},{"damage":7,"enemies":"Gremlin Leader","floor":27,"turns":5},{"damage":15,"enemies":"Centurion and Healer","floor":29,"turns":5},{"damage":14,"enemies":"Book of Stabbing","floor":31,"turns":5},{"damage":12,"enemies":"Automaton","floor":33,"turns":9},{"damage":11,"enemies":"3 Darklings","floor":35,"turns":4},{"damage":3,"enemies":"Mind Bloom Boss Battle","floor":36,"turns":6},{"damage":3,"enemies":"3 Shapes","floor":39,"turns":5},{"damage":3,"enemies":"Giant Head","floor":40,"turns":7},{"damage":0,"enemies":"Transient","floor":42,"turns":5},{"damage":3,"enemies":"Nemesis","floor":45,"turns":7},{"damage":21,"enemies":"2 Orb Walkers","floor":48,"turns":5},{"damage":0,"enemies":"Time Eater","floor":50,"turns":12},{"damage":3,"enemies":"Shield and Spear","floor":54,"turns":8},{"damage":9,"enemies":"The Heart","floor":55,"turns":11}],"seed_played":"-4728916650451930844","potions_obtained":[{"floor":5.0,"key":"EssenceOfSteel"},{"floor":6.0,"key":"Strength Potion"},{"floor":11.0,"key":"GamblersBrew"},{"floor":12.0,"key":"SteroidPotion"},{"floor":16.0,"key":"Weak Potion"},{"floor":22,"key":"Explosive Potion"},{"floor":25,"key":"Dexterity Potion"},{"floor":27,"key":"SkillPotion"},{"floor":29,"key":"Dexterity Potion"},{"floor":33,"key":"SpeedPotion"},{"floor":35,"key":"SkillPotion"},{"floor":36,"key":"PowerPotion"}],"is_trial":false,"path_per_floor":["M","?","?","$","M","E","M","E","T","?","M","M","$","?","R","B",null,"M","M","M","M","M","R","E","?","T","E","R","M","R","E","R","B",null,"M","?","?","$","M","E","$","M","T","$","E","?","$","?","R","B",null,"R","$","E","B",null],"character_chosen":"IRONCLAD","items_purchased":["Orichalcum","Apotheosis","Bottled Lightning","Bronze Scales","Membership Card","Bag of Marbles","Metallicize","PowerPotion","Swift Potion"],"campfire_rested":4,"item_purchase_floors":[4,13,13,38,41,41,44,53,53],"current_hp_per_floor":[61,61,61,61,67,65,71,63,63,63,56,62,62,58,58,46,80,80,80,73,63,65,65,59,59,59,58,80,71,80,72,80,74,80,75,78,78,78,80,80,80,80,80,80,80,80,80,65,80,80,80,80,80,80,77],"gold":69,"neow_bonus":"RANDOM_COLORLESS_2","is_prod":false,"is_daily":false,"chose_seed":false,"campfire_upgraded":2,"win_rate":0,"timestamp":1550818062,"path_taken":["M","?","?","$","?","E","M","E","T","?","?","M","$","?","R","BOSS","M","M","M","M","M","R","E","?","T","E","R","M","R","E","R","BOSS","M","?","?","$","M","E","$","?","T","?","E","?","$","?","R","BOSS","R","$","E","BOSS"],"build_version":"2019-01-23","purchased_purges":3,"victory":true,"max_hp_per_floor":[80,80,80,80,80,80,80,80,80,80,80,80,80,80,80,80,80,80,80,80,80,80,80,80,80,80,80,80,80,80,80,80,80,80,80,80,80,80,80,80,80,80,80,80,80,80,80,80,80,80,80,80,80,80,80],"card_choices":[{"not_picked":["Twin Strike","Heavy Blade"],"picked":"Shockwave","floor":1.0},{"not_picked":["Warcry","Shockwave","Second Wind"],"picked":"SKIP","floor":5.0},{"not_picked":["Intimidate","Sword Boomerang"],"picked":"Clothesline","floor":6.0},{"not_picked":["Clash","Heavy Blade"],"picked":"Pommel Strike","floor":7.0},{"not_picked":["Wild Strike","Sever Soul"],"picked":"True Grit","floor":8.0},{"not_picked":["Combust","Clothesline","Intimidate"],"picked":"SKIP","floor":11.0},{"not_picked":["Heavy Blade","Corruption"],"picked":"Pommel Strike","floor":12.0},{"not_picked":["Fiend Fire","Brutality"],"picked":"Juggernaut","floor":16.0},{"not_picked":["Flex","True Grit"],"picked":"Shrug It Off+1","floor":18},{"not_picked":["Clothesline","Body Slam","Headbutt+1"],"picked":"SKIP","floor":19},{"not_picked":["Flex","Second Wind","Anger"],"picked":"SKIP","floor":20},{"not_picked":["Dark Embrace","Blood for Blood"],"picked":"Warcry+1","floor":21},{"not_picked":["Anger+1","Clothesline"],"picked":"Disarm","floor":22},{"not_picked":["Armaments+1","Iron Wave","Rupture"],"picked":"SKIP","floor":24},{"not_picked":["Rage","Blood for Blood"],"picked":"Flame Barrier+1","floor":27},{"not_picked":["Iron Wave+1","Armaments"],"picked":"Flame Barrier","floor":29},{"not_picked":["Searing Blow","Pummel"],"picked":"Feel No Pain","floor":31},{"not_picked":["Fiend Fire","Double Tap","Exhume"],"picked":"Barricade","floor":33},{"not_picked":["Dual Wield+1","Clash","Wild Strike+1"],"picked":"Metallicize","floor":35},{"not_picked":["Headbutt","Perfected Strike+1","Thunderclap"],"picked":"Disarm+1","floor":36},{"not_picked":["Body Slam","Spot Weakness+1","Pummel","Heavy Blade"],"picked":"SKIP","floor":39},{"not_picked":["Iron Wave","Offering","Flex"],"picked":"Shrug It Off+1","floor":40},{"not_picked":["Intimidate","Flex+1","Iron Wave+1"],"picked":"Shrug It Off","floor":42},{"not_picked":["Blood for Blood+1","Sever Soul","Perfected Strike+1"],"picked":"Ghostly Armor+1","floor":45},{"not_picked":["Heavy Blade","Shrug It Off","Dual Wield"],"picked":"Metallicize+1","floor":48},{"not_picked":["Dual Wield","Thunderclap+1","Perfected Strike"],"picked":"Flame Barrier","floor":54}],"player_experience":768081,"relics_obtained":[{"floor":6.0,"key":"Meat on the Bone"},{"floor":8.0,"key":"Matryoshka"},{"floor":9.0,"key":"Regal Pillow"},{"floor":9.0,"key":"Mercury Hourglass"},{"floor":14.0,"key":"Odd Mushroom"},{"floor":24,"key":"PreservedInsect"},{"floor":26,"key":"Bag of Preparation"},{"floor":26,"key":"Bottled Flame"},{"floor":27,"key":"Dodecahedron"},{"floor":31,"key":"Question Card"},{"floor":36,"key":"Champion Belt"},{"floor":40,"key":"Whetstone"},{"floor":45,"key":"Self Forming Clay"},{"floor":48,"key":"Gambling Chip"},{"floor":54,"key":"Lantern"}],"event_choices":[{"cards_removed":["Strike_R"],"damage_healed":0.0,"max_hp_gain":0.0,"max_hp_loss":0.0,"gold_gain":0.0,"event_name":"The Cleric","player_choice":"Card Removal","floor":2.0,"gold_loss":50.0,"damage_taken":0.0},{"damage_healed":0.0,"max_hp_gain":0.0,"max_hp_loss":0.0,"gold_gain":175.0,"event_name":"Liars Game","player_choice":"AGREE","floor":3.0,"gold_loss":0.0,"damage_taken":0.0,"cards_obtained":["Doubt"]},{"damage_healed":0.0,"max_hp_gain":0.0,"max_hp_loss":0.0,"gold_gain":275.0,"event_name":"Golden Shrine","player_choice":"Desecrate","floor":10.0,"gold_loss":0.0,"damage_taken":0.0,"cards_obtained":["Regret"]},{"damage_healed":0.0,"max_hp_gain":0.0,"max_hp_loss":0.0,"gold_gain":0.0,"event_name":"Mushrooms","player_choice":"Fought Mushrooms","floor":14.0,"gold_loss":0.0,"damage_taken":0.0},{"damage_healed":0,"gold_gain":0,"player_choice":"Bought 1 Potion","damage_taken":0,"max_hp_gain":0,"max_hp_loss":0,"event_name":"The Woman in Blue","floor":25,"gold_loss":0},{"damage_healed":0,"gold_gain":0,"player_choice":"Fight","damage_taken":0,"max_hp_gain":0,"max_hp_loss":0,"event_name":"MindBloom","floor":36,"gold_loss":0},{"damage_healed":0,"gold_gain":0,"player_choice":"Ignored","damage_taken":0,"max_hp_gain":0,"max_hp_loss":0,"event_name":"SecretPortal","floor":37,"gold_loss":0},{"cards_removed":["Bash"],"damage_healed":0,"gold_gain":0,"player_choice":"Removed Attack","damage_taken":0,"max_hp_gain":0,"max_hp_loss":0,"event_name":"Falling","floor":46,"gold_loss":0},{"damage_healed":0,"gold_gain":0,"player_choice":"Fight","damage_taken":0,"max_hp_gain":0,"max_hp_loss":0,"event_name":"Mysterious Sphere","floor":48,"gold_loss":0}],"is_beta":false,"boss_relics":[{"not_picked":["White Beast Statue","Calling Bell"],"picked":"Pandora\u0027s Box"},{"not_picked":["Black Star","Orrery"],"picked":"Philosopher\u0027s Stone"}],"items_purged_floors":[4,38,41],"is_endless":false,"potions_floor_spawned":[5,6,11,12,16,20,22,27,29,33,35,36],"ascension_level":1}