{"gold_per_floor":[359,161,174,174,174,202,219,235,235,235,247,3,3,16,16,93,93,108,158,170,170,85,111,111,137,216,231,231,245,245,257,257,328,328,340,340,359,55,66,66,66],"floor_reached":41,"playtime":1655,"items_purged":["Regret","Strike_G"],"score":758,"play_id":"477a1319-cb68-4c22-ac6e-a5b6dda9b3a6","local_time":"20190426192522","is_ascension_mode":true,"campfire_choices":[{"data":"Bouncing Flask","floor":10,"key":"SMITH"},{"data":"Noxious Fumes","floor":13,"key":"SMITH"},{"data":"Neutralize","floor":15,"key":"SMITH"},{"floor":24,"key":"REST"},{"floor":28,"key":"REST"},{"data":"Catalyst","floor":30,"key":"SMITH"},{"data":"Malaise","floor":32,"key":"SMITH"},{"data":"Noxious Fumes","floor":40,"key":"SMITH"}],"neow_cost":"CURSE","seed_source_timestamp":13579187071994,"circlet_count":0,"master_deck":["AscendersBane","Defend_G","Defend_G","Defend_G","Defend_G","Defend_G","Strike_G","Strike_G","Strike_G","Strike_G","Survivor","Neutralize+1","Bouncing Flask+1","Flying Knee","Poisoned Stab","Bouncing Flask+1","Well Laid Plans","All Out Attack","Noxious Fumes+1","Poisoned Stab","Malaise+1","Bouncing Flask","Crippling Poison","Catalyst+1","Deflect+1","Cloak And Dagger","Wraith Form v2","PiercingWail","Catalyst+1","Leg Sweep","Dodge and Roll","Noxious Fumes+1","Escape Plan","Skewer+1"],"relics":["Ring of the Snake","Question Card","Matryoshka","Pantograph","Velvet Choker","Sundial","Bird Faced Urn","Blood Vial","The Courier","Mercury Hourglass","Lizard Tail"],"potions_floor_usage":[23,23,27,33,39,39,39],"damage_taken":[{"damage":14,"enemies":"Small Slimes","floor":1,"turns":6},{"damage":0,"enemies":"Jaw Worm","floor":3,"turns":4},{"damage":17,"enemies":"Lagavulin","floor":6,"turns":7},{"damage":1,"enemies":"Cultist","floor":7,"turns":3},{"damage":4,"enemies":"Blue Slaver","floor":8,"turns":3},{"damage":11,"enemies":"Large Slime","floor":11,"turns":8},{"damage":7,"enemies":"Red Slaver","floor":14,"turns":4},{"damage":22,"enemies":"The Guardian","floor":16,"turns":8},{"damage":2,"enemies":"Chosen","floor":18,"turns":5},{"damage":0,"enemies":"Spheric Guardian","floor":20,"turns":3},{"damage":43,"enemies":"Slavers","floor":23,"turns":4},{"damage":15,"enemies":"Book of Stabbing","floor":25,"turns":5},{"damage":11,"enemies":"3 Cultists","floor":27,"turns":4},{"damage":9,"enemies":"Snake Plant","floor":29,"turns":4},{"damage":0,"enemies":"Snecko","floor":31,"turns":3},{"damage":50,"enemies":"Champ","floor":33,"turns":11},{"damage":34,"enemies":"Orb Walker","floor":35,"turns":4},{"damage":20,"enemies":"3 Shapes","floor":37,"turns":5},{"damage":17,"enemies":"Writhing Mass","floor":39,"turns":7},{"damage":0,"enemies":"Spire Growth","floor":41,"turns":1}],"seed_played":"-7193890072401476137","potions_obtained":[{"floor":3,"key":"EntropicBrew"},{"floor":7,"key":"Explosive Potion"},{"floor":23,"key":"Dexterity Potion"},{"floor":27,"key":"Explosive Potion"},{"floor":36,"key":"EntropicBrew"}],"is_trial":false,"path_per_floor":["M","$","M","?","?","E","M","M","T","R","M","$","R","M","R","B",null,"M","?","M","?","?","E","R","E","T","M","R","M","R","M","R","B",null,"M","?","M","$","M","R","M"],"character_chosen":"THE_SILENT","items_purchased":["Bouncing Flask","Flying Knee","Pantograph","Leg Sweep","Dodge and Roll","Noxious Fumes","Escape Plan"],"campfire_rested":2,"item_purchase_floors":[2,2,12,38,38,38,38],"current_hp_per_floor":[45,45,45,45,45,28,27,23,23,23,12,12,12,5,5,8,52,50,50,50,50,50,7,26,13,13,8,27,24,24,26,26,7,51,21,21,7,7,37,37,39],"gold":66,"neow_bonus":"TWO_FIFTY_GOLD","is_prod":false,"is_daily":false,"chose_seed":false,"campfire_upgraded":6,"win_rate":0,"timestamp":1556317522,"path_taken":["M","$","M","?","?","E","M","M","T","R","M","$","R","M","R","BOSS","M","?","?","?","?","E","R","E","T","M","R","M","R","M","R","BOSS","M","?","M","$","M","R","M"],"build_version":"2019-01-23","purchased_purges":2,"victory":false,"max_hp_per_floor":[66,66,66,66,66,66,66,66,66,66,66,66,66,66,66,66,66,66,66,66,66,66,66,66,66,66,66,66,66,66,66,66,66,66,66,66,66,66,66,66,66],"card_choices":[{"not_picked":["Concentrate","Prepared","Acrobatics"],"picked":"SKIP","floor":1},{"not_picked":["Underhanded Strike","Bane"],"picked":"Poisoned Stab","floor":3},{"not_picked":["Underhanded Strike","Storm of Steel"],"picked":"Bouncing Flask","floor":6},{"not_picked":["Slice","Dodge and Roll","Deflect"],"picked":"Well Laid Plans","floor":7},{"not_picked":["Distraction","Slice","Bane"],"picked":"All Out Attack","floor":8},{"not_picked":["Slice","Catalyst","Prepared"],"picked":"Noxious Fumes","floor":11},{"not_picked":["Masterful Stab","Dagger Throw","Accuracy"],"picked":"Poisoned Stab","floor":14},{"not_picked":["Storm of Steel","Doppelganger","A Thousand Cuts"],"picked":"Malaise","floor":16},{"not_picked":["Poisoned Stab","Dagger Throw","Slice"],"picked":"Bouncing Flask","floor":18},{"not_picked":["Dagger Spray","Eviscerate","Poisoned Stab+1"],"picked":"Crippling Poison","floor":20},{"not_picked":["Concentrate","Backflip","Wraith Form v2"],"picked":"Catalyst","floor":23},{"not_picked":["Outmaneuver+1","Expertise","Bane","Quick Slash"],"picked":"SKIP","floor":25},{"not_picked":["Dodge and Roll","Masterful Stab","Blade Dance"],"picked":"Deflect+1","floor":27},{"not_picked":["Bouncing Flask","Expertise","Flying Knee"],"picked":"Cloak And Dagger","floor":29},{"not_picked":["Expertise","Prepared","Grand Finale","Bane"],"picked":"SKIP","floor":31},{"not_picked":["Tools of the Trade","Doppelganger","Envenom"],"picked":"Wraith Form v2","floor":33},{"not_picked":["Expertise","Flechettes","Terror"],"picked":"PiercingWail","floor":35},{"not_picked":["Bouncing Flask","Deflect+1","Skewer"],"picked":"Catalyst+1","floor":37},{"not_picked":["Quick Slash","Well Laid Plans","Distraction+1"],"picked":"Skewer+1","floor":39}],"player_experience":760717,"relics_obtained":[{"floor":6,"key":"Question Card"},{"floor":9,"key":"Matryoshka"},{"floor":23,"key":"Bird Faced Urn"},{"floor":25,"key":"Blood Vial"},{"floor":26,"key":"The Courier"},{"floor":26,"key":"Mercury Hourglass"}],"event_choices":[{"damage_healed":0,"gold_gain":0,"player_choice":"Leave","damage_taken":0,"max_hp_gain":0,"max_hp_loss":0,"event_name":"The Cleric","floor":4,"gold_loss":0},{"damage_healed":0,"gold_gain":0,"player_choice":"Grow","damage_taken":0,"max_hp_gain":0,"max_hp_loss":0,"event_name":"Living Wall","floor":5,"gold_loss":0,"cards_upgraded":["Bouncing Flask"]},{"damage_healed":0,"gold_gain":50,"player_choice":"Pray","damage_taken":0,"max_hp_gain":0,"max_hp_loss":0,"event_name":"Golden Shrine","floor":19,"gold_loss":0},{"damage_healed":0,"gold_gain":0,"player_choice":"Ignored","damage_taken":0,"max_hp_gain":0,"max_hp_loss":0,"event_name":"The Mausoleum","floor":21,"gold_loss":0},{"damage_healed":0,"gold_gain":0,"player_choice":"Obtained Relic","damage_taken":0,"relics_obtained":["Sundial"],"max_hp_gain":0,"max_hp_loss":0,"event_name":"Addict","floor":22,"gold_loss":85},{"damage_healed":0,"gold_gain":0,"player_choice":"Got Potions","damage_taken":0,"max_hp_gain":0,"max_hp_loss":0,"event_name":"Lab","floor":36,"gold_loss":0}],"is_beta":false,"boss_relics":[{"not_picked":["Orrery","Runic Pyramid"],"picked":"Velvet Choker"},{"not_picked":["White Beast Statue","HoveringKite"],"picked":"Lizard Tail"}],"items_purged_floors":[2,38],"is_endless":false,"potions_floor_spawned":[3,7,16,18,23,25,27,37],"killed_by":"Spire Growth","ascension_level":15}