{"gold_per_floor":[112,131,34,49,66,92,92,121,121,121],"floor_reached":10,"playtime":441,"items_purged":[],"score":101,"play_id":"1567db05-f27e-4609-8e4d-685978cb9612","local_time":"20190331002921","is_ascension_mode":true,"campfire_choices":[{"data":"True Grit","floor":7,"key":"SMITH"}],"neow_cost":"NONE","seed_source_timestamp":32613736485326,"circlet_count":0,"master_deck":["Strike_R","Strike_R","Strike_R","Strike_R","Strike_R","Defend_R","Defend_R","Defend_R","Defend_R","Bash","Inflame","Clothesline","Dark Shackles","Headbutt","True Grit+1","Spot Weakness","Uppercut"],"relics":["Burning Blood","Sundial","Orichalcum","Bag of Marbles"],"potions_floor_usage":[8],"damage_taken":[{"damage":6,"enemies":"Cultist","floor":1,"turns":3},{"damage":12,"enemies":"Small Slimes","floor":2,"turns":4},{"damage":13,"enemies":"2 Louse","floor":4,"turns":3},{"damage":9,"enemies":"Blue Slaver","floor":5,"turns":4},{"damage":19,"enemies":"Gremlin Nob","floor":6,"turns":5},{"damage":31,"enemies":"Lagavulin","floor":8,"turns":9},{"damage":26,"enemies":"3 Sentries","floor":10,"turns":5}],"seed_played":"8711495323047369525","potions_obtained":[{"floor":1,"key":"AttackPotion"},{"floor":5,"key":"FearPotion"},{"floor":8,"key":"Dexterity Potion"}],"is_trial":false,"path_per_floor":["M","M","$","M","M","E","R","E","T","E"],"character_chosen":"IRONCLAD","items_purchased":["Dark Shackles"],"campfire_rested":0,"item_purchase_floors":[3],"current_hp_per_floor":[80,74,74,67,64,51,51,26,26,0],"gold":121,"neow_bonus":"TEN_PERCENT_HP_BONUS","is_prod":false,"is_daily":false,"chose_seed":false,"campfire_upgraded":1,"win_rate":0,"timestamp":1554002961,"path_taken":["M","M","$","M","M","E","R","E","T","E"],"build_version":"2019-01-23","purchased_purges":0,"victory":false,"max_hp_per_floor":[88,88,88,88,88,88,88,88,88,88],"card_choices":[{"not_picked":["Havoc","Clash"],"picked":"Inflame","floor":1},{"not_picked":["Body Slam","Bludgeon"],"picked":"Clothesline","floor":2},{"not_picked":["Thunderclap","Perfected Strike"],"picked":"Headbutt","floor":4},{"not_picked":["Evolve","Searing Blow"],"picked":"True Grit","floor":5},{"not_picked":["Fire Breathing","Flex"],"picked":"Spot Weakness","floor":6},{"not_picked":["Havoc","Body Slam"],"picked":"Uppercut","floor":8}],"player_experience":429137,"relics_obtained":[{"floor":6,"key":"Sundial"},{"floor":8,"key":"Orichalcum"},{"floor":9,"key":"Bag of Marbles"}],"event_choices":[],"is_beta":false,"boss_relics":[],"items_purged_floors":[],"is_endless":false,"potions_floor_spawned":[1,5,8],"killed_by":"3 Sentries","ascension_level":6}