{"gold_per_floor":[114,114,114,124,73,98,98,23,23,53,53,53,82,12,12,107,107,126,126,46,61,61,61,75,75,75,174,174,189,217,230,230,333,333,349,364,208,224,42,42,77,77,77,93,93,118,130],"floor_reached":47,"playtime":2155,"items_purged":["Warcry","Strike_R"],"score":762,"play_id":"f9dc0cd8-8ef0-468f-a596-890edd812d6f","local_time":"20190328025505","is_ascension_mode":true,"campfire_choices":[{"data":"True Grit","floor":7,"key":"SMITH"},{"data":"Carnage","floor":11,"key":"SMITH"},{"data":"Sword Boomerang","floor":15,"key":"SMITH"},{"data":"Sword Boomerang","floor":23,"key":"SMITH"},{"data":"Inflame","floor":25,"key":"SMITH"},{"data":"Disarm","floor":28,"key":"SMITH"},{"floor":32,"key":"REST"},{"data":"Uppercut","floor":40,"key":"SMITH"},{"floor":42,"key":"REST"},{"data":"Bludgeon","floor":45,"key":"SMITH"}],"neow_cost":"NONE","seed_source_timestamp":40015733729848,"circlet_count":0,"master_deck":["Strike_R","Strike_R","Strike_R","Defend_R","Defend_R","Defend_R","Defend_R","Bash+1","True Grit+1","Sword Boomerang+1","Headbutt","Shrug It Off","Carnage+1","Sword Boomerang+1","Inflame+1","Bludgeon+1","Evolve","Flame Barrier","Uppercut+1","Disarm+1","Shrug It Off","Iron Wave+1","Carnage","Hemokinesis","Inflame+1"],"relics":["Burning Blood","Letter Opener","Sundial","Red Skull","Paper Frog","Snecko Eye","Orichalcum","Lantern","Busted Crown","Bag of Marbles","Pear","Ornamental Fan","MawBank"],"potions_floor_usage":[6,18,24,30,41,46],"damage_taken":[{"damage":0,"enemies":"Small Slimes","floor":1,"turns":3},{"damage":0,"enemies":"2 Louse","floor":4,"turns":3},{"damage":25,"enemies":"Lagavulin","floor":6,"turns":5},{"damage":28,"enemies":"Gremlin Nob","floor":10,"turns":5},{"damage":18,"enemies":"3 Sentries","floor":13,"turns":5},{"damage":0,"enemies":"Slime Boss","floor":16,"turns":3},{"damage":22,"enemies":"2 Thieves","floor":18,"turns":4},{"damage":0,"enemies":"Spheric Guardian","floor":21,"turns":2},{"damage":32,"enemies":"Snake Plant","floor":24,"turns":4},{"damage":17,"enemies":"Centurion and Healer","floor":29,"turns":4},{"damage":18,"enemies":"Slavers","floor":30,"turns":4},{"damage":15,"enemies":"Shelled Parasite and Fungi","floor":31,"turns":5},{"damage":2,"enemies":"Collector","floor":33,"turns":3},{"damage":3,"enemies":"Orb Walker","floor":35,"turns":2},{"damage":0,"enemies":"3 Shapes","floor":36,"turns":3},{"damage":11,"enemies":"Jaw Worm Horde","floor":38,"turns":3},{"damage":70,"enemies":"Reptomancer","floor":41,"turns":3},{"damage":3,"enemies":"3 Darklings","floor":44,"turns":2},{"damage":18,"enemies":"Nemesis","floor":46,"turns":7},{"damage":51,"enemies":"Writhing Mass","floor":47,"turns":2}],"seed_played":"-2728497600449316103","potions_obtained":[{"floor":4,"key":"SteroidPotion"},{"floor":16,"key":"BloodPotion"},{"floor":18,"key":"EssenceOfSteel"},{"floor":29,"key":"SkillPotion"},{"floor":33,"key":"Regen Potion"},{"floor":38,"key":"Weak Potion"},{"floor":41,"key":"Weak Potion"}],"is_trial":false,"path_per_floor":["M","?","?","M","$","E","R","$","T","E","R","T","E","$","R","B",null,"M","?","$","M","?","R","M","R","T","?","R","M","E","M","R","B",null,"M","M","$","M","$","R","E","R","T","M","R","E","M"],"character_chosen":"IRONCLAD","items_purchased":["Headbutt","Inflame","Uppercut","Bag of Marbles","Hemokinesis"],"campfire_rested":2,"item_purchase_floors":[5,14,20,37,39],"current_hp_per_floor":[78,83,83,85,85,66,66,66,66,44,44,44,32,32,32,38,73,65,65,65,71,71,71,45,45,45,45,45,34,22,13,38,42,74,77,83,83,78,78,78,24,52,52,55,55,43,0],"gold":130,"neow_bonus":"UPGRADE_CARD","is_prod":false,"is_daily":false,"chose_seed":false,"campfire_upgraded":8,"win_rate":0,"timestamp":1553752505,"path_taken":["M","?","?","?","?","E","R","$","T","E","R","?","E","$","R","BOSS","M","?","$","M","?","R","M","R","T","?","R","M","E","?","R","BOSS","M","M","$","M","$","R","E","R","T","M","R","E","M"],"build_version":"2019-01-23","purchased_purges":2,"victory":false,"max_hp_per_floor":[80,85,85,85,85,85,85,85,85,85,85,85,85,85,85,85,85,85,85,85,85,85,85,85,85,85,85,85,85,85,85,85,85,85,85,85,85,85,85,85,95,95,95,95,95,95,95],"card_choices":[{"not_picked":["Body Slam","Twin Strike"],"picked":"True Grit","floor":1},{"not_picked":["Perfected Strike","Iron Wave"],"picked":"Sword Boomerang","floor":4},{"not_picked":["Sentinel","Metallicize"],"picked":"Shrug It Off","floor":6},{"not_picked":["Havoc","Entrench"],"picked":"Carnage","floor":10},{"not_picked":["Wild Strike","Hemokinesis"],"picked":"Sword Boomerang","floor":13},{"not_picked":["Fiend Fire","Double Tap"],"picked":"Bludgeon","floor":16},{"not_picked":["Perfected Strike+1","Warcry"],"picked":"Evolve","floor":18},{"not_picked":["Fire Breathing+1","Iron Wave+1"],"picked":"Disarm","floor":21},{"not_picked":["Havoc","Combust","Armaments+1"],"picked":"SKIP","floor":24},{"not_picked":["Thunderclap","Body Slam","Evolve+1"],"picked":"SKIP","floor":29},{"not_picked":["Bloodletting+1","Fiend Fire"],"picked":"Shrug It Off","floor":30},{"not_picked":["Thunderclap","Seeing Red","Anger"],"picked":"SKIP","floor":31},{"not_picked":[],"picked":"Iron Wave+1","floor":35},{"not_picked":[],"picked":"Carnage","floor":36},{"not_picked":["Havoc+1"],"picked":"SKIP","floor":38},{"not_picked":["Reckless Charge+1"],"picked":"SKIP","floor":41},{"not_picked":["Dropkick"],"picked":"SKIP","floor":44},{"not_picked":[],"picked":"Inflame+1","floor":46}],"player_experience":419450,"relics_obtained":[{"floor":6,"key":"Letter Opener"},{"floor":9,"key":"Sundial"},{"floor":10,"key":"Red Skull"},{"floor":13,"key":"Paper Frog"},{"floor":26,"key":"Orichalcum"},{"floor":30,"key":"Lantern"},{"floor":41,"key":"Pear"},{"floor":43,"key":"Ornamental Fan"},{"floor":46,"key":"MawBank"}],"event_choices":[{"damage_healed":0,"gold_gain":0,"player_choice":"Donut","damage_taken":0,"max_hp_gain":5,"max_hp_loss":0,"event_name":"Big Fish","floor":2,"gold_loss":0},{"damage_healed":0,"gold_gain":0,"cards_transformed":["Strike_R"],"player_choice":"Transformed","damage_taken":0,"max_hp_gain":0,"max_hp_loss":0,"event_name":"Transmorgrifier","floor":3,"gold_loss":0,"cards_obtained":["Warcry"]},{"damage_healed":0,"gold_gain":0,"player_choice":"Read","damage_taken":0,"max_hp_gain":0,"max_hp_loss":0,"event_name":"The Library","floor":19,"gold_loss":0,"cards_obtained":["Flame Barrier"]},{"damage_healed":0,"gold_gain":0,"player_choice":"Ignored","damage_taken":0,"max_hp_gain":0,"max_hp_loss":0,"event_name":"The Mausoleum","floor":22,"gold_loss":0},{"damage_healed":0,"gold_gain":99,"player_choice":"Stole From Cult","damage_taken":0,"max_hp_gain":0,"max_hp_loss":0,"event_name":"Nest","floor":27,"gold_loss":0}],"is_beta":false,"boss_relics":[{"not_picked":["Tiny House","Calling Bell"],"picked":"Snecko Eye"},{"not_picked":["Empty Cage","Sozu"],"picked":"Busted Crown"}],"items_purged_floors":[8,39],"is_endless":false,"potions_floor_spawned":[4,16,18,29,33,38,41],"killed_by":"Writhing Mass","ascension_level":6}