{"gold_per_floor":[117,267,72,92,92,92,117,117,117,143,143,154,172,59,59,136,136,146,62,62,82,82],"floor_reached":22,"playtime":829,"items_purged":[],"score":355,"play_id":"e49db12d-4db0-4599-b6fc-7cdc72dbaea2","local_time":"20181220145438","is_ascension_mode":true,"campfire_choices":[{"data":"Uppercut","floor":6.0,"key":"SMITH"},{"data":"True Grit","floor":8.0,"key":"SMITH"},{"data":"Flame Barrier","floor":11.0,"key":"SMITH"},{"floor":15.0,"key":"REST"}],"neow_cost":"TEN_PERCENT_HP_LOSS","seed_source_timestamp":0,"circlet_count":0,"master_deck":["AscendersBane","Strike_R","Strike_R","Strike_R","Strike_R","Strike_R","Defend_R","Defend_R","Defend_R","Defend_R","Bash","Shockwave","Uppercut+1","True Grit+1","Rage","Flame Barrier+1","Combust+1","Shrug It Off","Metallicize+1","Twin Strike","Berserk+1","Seeing Red","Metallicize+1","Writhe"],"special_seed":0,"relics":["Burning Blood","Peace Pipe","Blood Vial","Frozen Egg 2","Sundial","Runic Cube","Mercury Hourglass"],"potions_floor_usage":[16,16,21,22],"damage_taken":[{"damage":10.0,"enemies":"Small Slimes","floor":1.0,"turns":4.0},{"damage":4.0,"enemies":"Jaw Worm","floor":4.0,"turns":5.0},{"damage":28.0,"enemies":"Gremlin Nob","floor":7.0,"turns":5.0},{"damage":31.0,"enemies":"3 Sentries","floor":10.0,"turns":9.0},{"damage":8.0,"enemies":"Cultist","floor":12.0,"turns":4.0},{"damage":8.0,"enemies":"Large Slime","floor":13.0,"turns":7.0},{"damage":42,"enemies":"Slime Boss","floor":16,"turns":12},{"damage":36,"enemies":"Spheric Guardian","floor":18,"turns":6},{"damage":21,"enemies":"3 Byrds","floor":21,"turns":4},{"damage":22,"enemies":"Centurion and Healer","floor":22,"turns":6}],"seed_played":"-7094195470129423260","potions_obtained":[{"floor":12.0,"key":"Energy Potion"},{"floor":13.0,"key":"Strength Potion"},{"floor":16,"key":"BloodPotion"},{"floor":18,"key":"Ancient Potion"},{"floor":21,"key":"SkillPotion"}],"is_trial":false,"path_per_floor":["M","?","$","M","?","R","E","R","T","E","R","M","M","$","R","B",null,"M","$","?","M","M"],"character_chosen":"IRONCLAD","items_purchased":["Uppercut","AttackPotion","True Grit","Metallicize+1","Twin Strike","Metallicize+1"],"campfire_rested":1,"item_purchase_floors":[3,3,3,14,14,19],"current_hp_per_floor":[64,64,64,66,66,66,44,44,44,21,21,21,21,21,41,7,53,25,25,25,18,0],"gold":82,"neow_bonus":"ONE_RARE_RELIC","is_prod":false,"is_daily":false,"chose_seed":false,"campfire_upgraded":3,"win_rate":0,"timestamp":1545314078,"path_taken":["M","?","$","M","?","R","E","R","T","E","R","M","M","?","R","BOSS","M","$","?","M","M"],"build_version":"2018-12-13","purchased_purges":0,"victory":false,"max_hp_per_floor":[68,68,68,68,68,68,68,68,68,68,68,68,68,68,68,68,68,68,68,68,68,68],"card_choices":[{"not_picked":["Anger","Clash"],"picked":"Shockwave","floor":1.0},{"not_picked":["Entrench","Shockwave","Sever Soul"],"picked":"SKIP","floor":4.0},{"not_picked":["Carnage","Clothesline"],"picked":"Rage","floor":7.0},{"not_picked":["Body Slam","Seeing Red"],"picked":"Flame Barrier","floor":10.0},{"not_picked":["Burning Pact","Searing Blow"],"picked":"Combust+1","floor":12.0},{"not_picked":["Intimidate","Body Slam"],"picked":"Shrug It Off","floor":13.0},{"not_picked":["Immolate","Brutality+1"],"picked":"Berserk+1","floor":16},{"not_picked":["True Grit","Cleave"],"picked":"Seeing Red","floor":18},{"not_picked":["Sever Soul","Clash+1","Cleave"],"picked":"SKIP","floor":21}],"player_experience":998213,"relics_obtained":[{"floor":7.0,"key":"Blood Vial"},{"floor":9.0,"key":"Frozen Egg 2"},{"floor":10.0,"key":"Sundial"}],"event_choices":[{"damage_healed":0.0,"max_hp_gain":0.0,"max_hp_loss":0.0,"gold_gain":150.0,"event_name":"Liars Game","player_choice":"AGREE","floor":2.0,"gold_loss":0.0,"damage_taken":0.0,"cards_obtained":["Doubt"]},{"cards_removed":["Doubt"],"damage_healed":0.0,"max_hp_gain":0.0,"max_hp_loss":0.0,"gold_gain":0.0,"event_name":"Living Wall","player_choice":"Forget","floor":5.0,"gold_loss":0.0,"damage_taken":0.0},{"damage_healed":0,"gold_gain":0,"player_choice":"Opened","damage_taken":0,"relics_obtained":["Mercury Hourglass"],"max_hp_gain":0,"max_hp_loss":0,"event_name":"The Mausoleum","floor":20,"gold_loss":0,"cards_obtained":["Writhe"]}],"is_beta":false,"boss_relics":[{"not_picked":["Tiny House","Runic Dome"],"picked":"Runic Cube"}],"items_purged_floors":[],"is_endless":false,"potions_floor_spawned":[12,13,16,18,21],"killed_by":"Centurion and Healer","ascension_level":17}