{"gold_per_floor":[113,113,113,42,54,54,73,73,73,73,73,100,114,39,39,135,135,155,155,155,155,169,196,29,29],"floor_reached":25,"playtime":1958,"items_purged":["Regret","Strike_B"],"score":248,"play_id":"cda7a8af-0526-43fc-96fe-f5b2233ecb49","local_time":"20180628123651","is_ascension_mode":true,"campfire_choices":[{"data":"Zap","floor":6.0,"key":"SMITH"},{"floor":10.0,"key":"REST"},{"data":"Dualcast","floor":15.0,"key":"SMITH"}],"neow_cost":"","seed_source_timestamp":431926338957128,"circlet_count":0,"master_deck":["Strike_B","Strike_B","Defend_B","Defend_B","Defend_B","Zap+1","Dualcast+1","Glacier","Machine Learning","Storm","Echo Form","Gash","Echo Form","Heatsinks"],"special_seed":17710,"relics":["DataDisk","Pen Nib","Kunai","Orichalcum","Black Star","Nloth\u0027s Gift","Ancient Tea Set","Bag of Marbles","Singing Bowl"],"potions_floor_usage":[],"damage_taken":[{"damage":0.0,"enemies":"2 Louse","floor":1.0,"turns":3.0},{"damage":3.0,"enemies":"Small Slimes","floor":5.0,"turns":3.0},{"damage":3.0,"enemies":"Jaw Worm","floor":7.0,"turns":4.0},{"damage":0.0,"enemies":"Large Slime","floor":13.0,"turns":3.0},{"damage":31.0,"enemies":"Slime Boss","floor":16.0,"turns":15.0},{"damage":6.0,"enemies":"Chosen","floor":18.0,"turns":5.0},{"damage":12.0,"enemies":"Spheric Guardian","floor":22.0,"turns":4.0},{"damage":47.0,"enemies":"Slavers","floor":23.0,"turns":8.0},{"damage":23,"enemies":"Chosen and Byrds","floor":25,"turns":2}],"seed_played":"-5080838460245818809","potions_obtained":[{"floor":5.0,"key":"Swift Potion"},{"floor":7.0,"key":"Ancient Potion"},{"floor":23.0,"key":"GamblersBrew"}],"is_trial":false,"path_per_floor":["M","?","?","$","M","R","M","?","T","R","?","T","M","$","R","B",null,"M","?","?","?","M","E","$"],"character_chosen":"DEFECT","items_purchased":["Machine Learning","Heatsinks"],"campfire_rested":1,"item_purchase_floors":[],"current_hp_per_floor":[75,50,50,50,47,47,44,37,37,59,59,59,59,59,59,28,75,69,69,69,69,57,10,10,0],"gold":29,"neow_bonus":"","is_prod":false,"is_daily":false,"chose_seed":false,"campfire_upgraded":2,"win_rate":0,"timestamp":1530203811,"path_taken":["M","?","?","$","M","R","M","?","T","R","?","?","?","?","R","BOSS","M","?","?","?","M","E","$","M"],"build_version":"2018-06-21v2","purchased_purges":2,"victory":false,"max_hp_per_floor":[75,75,75,75,75,75,75,75,75,75,75,75,75,75,75,75,75,75,75,75,75,75,75,75,75],"card_choices":[{"not_picked":["Redo","Leap"],"picked":"Glacier","floor":0.0},{"not_picked":["Steam","Rip and Tear","Go for the Eyes"],"picked":"SKIP","floor":1.0},{"not_picked":["Heatsinks","Conserve Battery"],"picked":"Storm","floor":5.0},{"not_picked":["Coolheaded","Chaos","Redo"],"picked":"SKIP","floor":7.0},{"not_picked":["Steam","Reprogram","Beam Cell"],"picked":"SKIP","floor":13.0},{"not_picked":["Seek","Reboot"],"picked":"Echo Form","floor":16.0},{"not_picked":["Steam","Cold Snap"],"picked":"Gash","floor":18.0},{"not_picked":["Hologram+1","Steam","Sweeping Beam+1"],"picked":"SKIP","floor":22.0},{"not_picked":["Go for the Eyes","Doom and Gloom"],"picked":"Echo Form","floor":23.0}],"player_experience":559795,"relics_obtained":[{"floor":9.0,"key":"Kunai"},{"floor":12.0,"key":"Orichalcum"},{"floor":23.0,"key":"Bag of Marbles"},{"floor":23.0,"key":"Singing Bowl"}],"event_choices":[{"event_name":"Scrap Ooze","player_choice":"success","floor":2.0,"damage_taken":25.0},{"event_name":"Big Fish","player_choice":"Box","floor":3.0,"damage_taken":0.0},{"event_name":"Golden Wing","player_choice":"Card Removal","floor":8.0,"damage_taken":0.0},{"event_name":"Living Wall","player_choice":"Forget","floor":11.0,"damage_taken":0.0},{"event_name":"Vampires","player_choice":"Ignored","floor":19.0,"damage_taken":0.0},{"event_name":"N\u0027loth","player_choice":"Traded a Cracked Core","floor":20.0,"damage_taken":0.0},{"event_name":"The Mausoleum","player_choice":"Yes","floor":21.0,"damage_taken":0.0}],"boss_relics":[{"not_picked":["Eternal Feather","Pandora\u0027s Box"],"picked":"Black Star"}],"items_purged_floors":[],"is_endless":false,"potions_floor_spawned":[5,7,23],"killed_by":"Chosen and Byrds","ascension_level":4}