{"gold_per_floor":[119,119,132,132,148,148,174,174,174,174,201,220,247,258,258,333,333,345,345,163,175,192,192,192],"floor_reached":24,"playtime":946,"items_purged":["Strike_B"],"score":432,"play_id":"c2369d04-4da5-45ad-9cf9-699033aaea98","local_time":"20190108143342","is_ascension_mode":true,"campfire_choices":[{"data":"Zap","floor":6,"key":"SMITH"},{"data":"Streamline","floor":8,"key":"SMITH"},{"floor":10,"key":"REST"},{"data":"Leap","floor":15,"key":"SMITH"},{"data":"Turbo","floor":23,"key":"SMITH"}],"neow_cost":"TEN_PERCENT_HP_LOSS","seed_source_timestamp":12886060972188,"circlet_count":0,"master_deck":["AscendersBane","Strike_B","Strike_B","Strike_B","Defend_B","Defend_B","Defend_B","Defend_B","Zap+1","Dualcast","Leap+1","Turbo+1","Gash","Streamline+1","Sweeping Beam","Rebound","FTL","Ball Lightning","Core Surge","Cold Snap+1","Gash"],"relics":["Cracked Core","FossilizedHelix","Ice Cream","Pen Nib","Torii","Meat on the Bone","Matryoshka","Black Star"],"potions_floor_usage":[13,16,18,24],"damage_taken":[{"damage":0,"enemies":"Cultist","floor":1,"turns":3},{"damage":0,"enemies":"Jaw Worm","floor":3,"turns":3},{"damage":0,"enemies":"Small Slimes","floor":5,"turns":3},{"damage":33,"enemies":"Lagavulin","floor":7,"turns":8},{"damage":23,"enemies":"Gremlin Nob","floor":11,"turns":4},{"damage":0,"enemies":"Looter","floor":12,"turns":2},{"damage":10,"enemies":"3 Sentries","floor":13,"turns":5},{"damage":1,"enemies":"Gremlin Gang","floor":14,"turns":6},{"damage":6,"enemies":"The Guardian","floor":16,"turns":8},{"damage":6,"enemies":"3 Byrds","floor":18,"turns":5},{"damage":17,"enemies":"2 Thieves","floor":21,"turns":3},{"damage":21,"enemies":"Snecko","floor":22,"turns":6},{"damage":38,"enemies":"Book of Stabbing","floor":24,"turns":4}],"seed_played":"-4180397155187848792","potions_obtained":[{"floor":5,"key":"Energy Potion"},{"floor":12,"key":"Strength Potion"},{"floor":13,"key":"Weak Potion"},{"floor":16,"key":"Regen Potion"}],"is_trial":false,"path_per_floor":["M","?","M","?","M","R","E","R","T","R","E","M","E","M","R","B",null,"M","?","$","M","M","R","E"],"character_chosen":"DEFECT","items_purchased":["PowerPotion","Gash"],"campfire_rested":1,"item_purchase_floors":[20,20],"current_hp_per_floor":[64,46,46,46,46,46,13,13,13,32,9,21,23,34,34,40,58,64,64,64,47,38,38,0],"gold":192,"neow_bonus":"ONE_RARE_RELIC","is_prod":false,"is_daily":false,"chose_seed":false,"campfire_upgraded":4,"win_rate":0,"timestamp":1546954422,"path_taken":["M","?","M","?","?","R","E","R","T","R","E","M","E","M","R","BOSS","M","?","$","M","M","R","E"],"build_version":"2019-01-03v4","purchased_purges":1,"victory":false,"max_hp_per_floor":[64,64,64,64,64,64,64,64,64,64,64,64,64,64,64,64,64,64,64,64,64,64,64,64],"card_choices":[{"not_picked":["Steam","Reinforced Body"],"picked":"Leap","floor":1},{"not_picked":["Aggregate","Conserve Battery"],"picked":"Turbo","floor":3},{"not_picked":["Stack","Coolheaded"],"picked":"Gash","floor":5},{"not_picked":["Hello World","Genetic Algorithm"],"picked":"Streamline","floor":7},{"not_picked":["Streamline","Stack"],"picked":"Sweeping Beam","floor":11},{"not_picked":["Conserve Battery","Genetic Algorithm"],"picked":"Rebound","floor":12},{"not_picked":["Reprogram","Leap"],"picked":"FTL","floor":13},{"not_picked":["Seek","Static Discharge"],"picked":"Ball Lightning","floor":14},{"not_picked":["Seek","Buffer"],"picked":"Core Surge","floor":16},{"not_picked":["Darkness+1","Chill"],"picked":"Cold Snap+1","floor":18},{"not_picked":["Steam Power","Barrage","Beam Cell"],"picked":"SKIP","floor":21},{"not_picked":["Redo","Barrage","Sweeping Beam"],"picked":"SKIP","floor":22}],"player_experience":1137783,"relics_obtained":[{"floor":7,"key":"Pen Nib"},{"floor":9,"key":"Torii"},{"floor":11,"key":"Meat on the Bone"},{"floor":13,"key":"Matryoshka"}],"event_choices":[{"damage_healed":0,"gold_gain":0,"player_choice":"Success","damage_taken":18,"relics_obtained":["Ice Cream"],"max_hp_gain":0,"max_hp_loss":0,"event_name":"Scrap Ooze","floor":2,"gold_loss":0},{"damage_healed":0,"gold_gain":0,"player_choice":"Ignored","damage_taken":0,"max_hp_gain":0,"max_hp_loss":0,"event_name":"Liars Game","floor":4,"gold_loss":0},{"damage_healed":0,"gold_gain":0,"player_choice":"Ignored","damage_taken":0,"max_hp_gain":0,"max_hp_loss":0,"event_name":"Vampires","floor":19,"gold_loss":0}],"is_beta":false,"boss_relics":[{"not_picked":["Orrery","Lizard Tail"],"picked":"Black Star"}],"items_purged_floors":[20],"is_endless":false,"potions_floor_spawned":[5,12,13,16,22],"killed_by":"Book of Stabbing","ascension_level":20}