{"gold_per_floor":[116,77,77,87,87,87,103,103,184,184,214,135,146,157,157,253,253,266,266,266,266,282,282],"floor_reached":23,"playtime":881,"items_purged":[],"score":198,"play_id":"8d117780-7e28-4db1-a49c-6df3eccc38e0","local_time":"20190303210951","is_ascension_mode":true,"campfire_choices":[{"data":"Dualcast","floor":6,"key":"SMITH"},{"data":"Go for the Eyes","floor":8,"key":"SMITH"},{"data":"Loop","floor":15,"key":"SMITH"}],"neow_cost":"NONE","seed_source_timestamp":10959546116956,"circlet_count":0,"master_deck":["Strike_B+1","Strike_B+1","Strike_B+1","Defend_B+1","Defend_B+1","Defend_B+1","Defend_B+1","Zap+1","Dualcast+1","Go for the Eyes+1","Loop+1","Conserve Battery","Ball Lightning","Loop+1","Double Energy+1","Genetic Algorithm+1","Conserve Battery+1","Core Surge","Ball Lightning+1","Defragment","Chill+1"],"relics":["Cracked Core","Dream Catcher","Symbiotic Virus","Toxic Egg 2","Black Star"],"potions_floor_usage":[14,16,23,23],"damage_taken":[{"damage":1,"enemies":"Jaw Worm","floor":1,"turns":3},{"damage":0,"enemies":"Small Slimes","floor":4,"turns":2},{"damage":0,"enemies":"Cultist","floor":7,"turns":3},{"damage":13,"enemies":"3 Sentries","floor":11,"turns":4},{"damage":12,"enemies":"Large Slime","floor":13,"turns":5},{"damage":3,"enemies":"2 Fungi Beasts","floor":14,"turns":3},{"damage":24,"enemies":"Hexaghost","floor":16,"turns":5},{"damage":16,"enemies":"Spheric Guardian","floor":18,"turns":5},{"damage":0,"enemies":"Chosen","floor":22,"turns":4},{"damage":58,"enemies":"Gremlin Leader","floor":23,"turns":5}],"seed_played":"-1435772715557047476","potions_obtained":[{"floor":11,"key":"Poison Potion"},{"floor":14,"key":"PowerPotion"},{"floor":16,"key":"Fruit Juice"},{"floor":18,"key":"GamblersBrew"}],"is_trial":false,"path_per_floor":["M","$","?","M","?","R","M","R","T","?","E","$","M","M","R","B",null,"M","?","?","?","M","E"],"character_chosen":"DEFECT","items_purchased":["Loop","Double Energy+1"],"campfire_rested":0,"item_purchase_floors":[2,12],"current_hp_per_floor":[74,74,74,74,67,67,67,67,67,67,54,54,42,39,39,20,80,64,49,49,49,49,0],"gold":282,"neow_bonus":"RANDOM_COMMON_RELIC","is_prod":false,"is_daily":false,"chose_seed":false,"campfire_upgraded":3,"win_rate":0,"timestamp":1551672591,"path_taken":["M","$","?","M","?","R","M","R","T","?","E","$","M","M","R","BOSS","M","?","?","?","M","E"],"build_version":"2019-01-23","purchased_purges":0,"victory":false,"max_hp_per_floor":[75,75,75,75,75,75,75,75,75,75,75,75,75,75,75,80,80,80,85,85,85,85,85],"card_choices":[{"not_picked":["Hello World","Static Discharge"],"picked":"Go for the Eyes","floor":1},{"not_picked":["Sweeping Beam","Recycle"],"picked":"Conserve Battery","floor":4},{"not_picked":["Tempest","Gash"],"picked":"Ball Lightning","floor":7},{"not_picked":["Compile Driver","Leap"],"picked":"Loop","floor":11},{"not_picked":["White Noise+1","Recycle+1"],"picked":"Genetic Algorithm+1","floor":13},{"not_picked":["Compile Driver","Barrage"],"picked":"Conserve Battery+1","floor":14},{"not_picked":["Machine Learning","Amplify+1"],"picked":"Core Surge","floor":16},{"not_picked":["Gash","Streamline+1"],"picked":"Ball Lightning+1","floor":18},{"not_picked":["Steam+1","Aggregate+1"],"picked":"Chill+1","floor":22}],"player_experience":778604,"relics_obtained":[{"floor":9,"key":"Symbiotic Virus"},{"floor":11,"key":"Toxic Egg 2"}],"event_choices":[{"damage_healed":0,"gold_gain":0,"player_choice":"Grow","damage_taken":0,"max_hp_gain":0,"max_hp_loss":0,"event_name":"Living Wall","floor":3,"gold_loss":0,"cards_upgraded":["Zap"]},{"cards_removed":["Strike_B"],"damage_healed":0,"gold_gain":0,"player_choice":"Card Removal","damage_taken":7,"max_hp_gain":0,"max_hp_loss":0,"event_name":"Golden Wing","floor":5,"gold_loss":0},{"damage_healed":0,"gold_gain":0,"player_choice":"Upgraded","damage_taken":0,"max_hp_gain":0,"max_hp_loss":0,"event_name":"Upgrade Shrine","floor":10,"gold_loss":0,"cards_upgraded":["Loop"]},{"damage_healed":0,"gold_gain":0,"player_choice":"Shed Blood","damage_taken":20,"max_hp_gain":5,"max_hp_loss":0,"event_name":"Forgotten Altar","floor":19,"gold_loss":0},{"damage_healed":0,"gold_gain":0,"player_choice":"Read","damage_taken":0,"max_hp_gain":0,"max_hp_loss":0,"event_name":"The Library","floor":20,"gold_loss":0,"cards_obtained":["Defragment"]},{"damage_healed":0,"gold_gain":0,"player_choice":"Simplicity","damage_taken":0,"max_hp_gain":0,"max_hp_loss":0,"event_name":"Back to Basics","floor":21,"gold_loss":0,"cards_upgraded":["Strike_B","Strike_B","Strike_B","Defend_B","Defend_B","Defend_B","Defend_B"]}],"is_beta":false,"boss_relics":[{"not_picked":["Busted Crown","Orrery"],"picked":"Black Star"}],"items_purged_floors":[],"is_endless":false,"potions_floor_spawned":[11,14,16,18],"killed_by":"Gremlin Leader","ascension_level":1}