{"gold_per_floor":[113,188,198,14,14,41,53,81,104,104,104],"floor_reached":11,"playtime":392,"items_purged":[],"score":89,"play_id":"fa860e11-f641-4df5-8c20-407d11386132","local_time":"20180808160618","is_ascension_mode":true,"campfire_choices":[{"data":"Twin Strike","floor":10,"key":"SMITH"}],"neow_cost":"NONE","seed_source_timestamp":0,"circlet_count":0,"master_deck":["Strike_R","Strike_R","Strike_R","Strike_R","Strike_R","Defend_R+1","Defend_R+1","Defend_R","Defend_R","Bash","Barricade","Cleave","Pummel","Twin Strike+1"],"special_seed":0,"relics":["Burning Blood","War Paint","Ancient Tea Set","Boot","Centennial Puzzle"],"potions_floor_usage":[8,8],"damage_taken":[{"damage":5.0,"enemies":"Jaw Worm","floor":1.0,"turns":5.0},{"damage":0.0,"enemies":"Small Slimes","floor":3.0,"turns":7.0},{"damage":19,"enemies":"3 Sentries","floor":6,"turns":8},{"damage":0,"enemies":"Cultist","floor":7,"turns":3},{"damage":35,"enemies":"Gremlin Nob","floor":8,"turns":6},{"damage":51,"enemies":"Lagavulin","floor":11,"turns":6}],"seed_played":"5920916466329095545","potions_obtained":[{"floor":3.0,"key":"Weak Potion"},{"floor":6,"key":"SkillPotion"},{"floor":8,"key":"LiquidBronze"}],"is_trial":false,"path_per_floor":["M","?","M","$","?","E","M","E","T","R"],"character_chosen":"IRONCLAD","items_purchased":["War Paint","Pummel"],"campfire_rested":0,"item_purchase_floors":[4,4],"current_hp_per_floor":[80,69,75,75,75,62,68,39,39,39,0],"gold":104,"neow_bonus":"ONE_RANDOM_RARE_CARD","is_prod":false,"is_daily":false,"chose_seed":false,"campfire_upgraded":1,"win_rate":0,"timestamp":1533737178,"path_taken":["M","?","?","$","?","E","?","E","T","R","E"],"build_version":"2018-08-02","purchased_purges":0,"victory":false,"max_hp_per_floor":[80,80,80,80,80,80,80,80,80,80,80],"card_choices":[{"not_picked":["Havoc","Armaments","Warcry"],"picked":"SKIP","floor":1.0},{"not_picked":["Perfected Strike","True Grit"],"picked":"Cleave","floor":3.0},{"not_picked":["Pummel","Anger"],"picked":"Twin Strike","floor":6},{"not_picked":["Havoc","Rage","Entrench"],"picked":"SKIP","floor":7},{"not_picked":["Body Slam","Offering","Clash"],"picked":"SKIP","floor":8}],"player_experience":241798,"relics_obtained":[{"floor":6,"key":"Ancient Tea Set"},{"floor":8,"key":"Boot"},{"floor":9,"key":"Centennial Puzzle"}],"event_choices":[{"event_name":"World of Goop","player_choice":"Gather Gold","floor":2.0,"damage_taken":0.0},{"event_name":"The Cleric","player_choice":"Leave","floor":5.0,"damage_taken":0.0}],"is_beta":false,"boss_relics":[],"items_purged_floors":[],"is_endless":false,"potions_floor_spawned":[3,6,8],"killed_by":"Lagavulin","ascension_level":2}