{"gold_per_floor":[109,384,404,419,431,458,474,474,474,474,504,518,531,2,2,75,75,93,107,107],"floor_reached":20,"playtime":587,"items_purged":["Regret"],"score":356,"play_id":"f5ad1f2d-8d4b-4e49-a0f3-393660109170","local_time":"20190121133844","is_ascension_mode":true,"campfire_choices":[{"data":"Static Discharge","floor":8,"key":"SMITH"},{"data":"Zap","floor":10,"key":"SMITH"},{"floor":15,"key":"REST"}],"neow_cost":"NONE","seed_source_timestamp":1027754978112406,"circlet_count":0,"master_deck":["AscendersBane","Strike_B","Strike_B","Strike_B","Strike_B","Defend_B","Defend_B","Defend_B","Defend_B","Zap+1","Dualcast","Compile Driver","Hologram","Steam","Static Discharge+1","Hyperbeam","Defragment","Gash","All For One","Go for the Eyes","Ball Lightning"],"relics":["Cracked Core","NeowsBlessing","Potion Belt","Girya","Oddly Smooth Stone","Runic Capacitor","Fusion Hammer"],"potions_floor_usage":[6,13,16,16,20],"damage_taken":[{"damage":0,"enemies":"Small Slimes","floor":1,"turns":1},{"damage":0,"enemies":"Cultist","floor":3,"turns":1},{"damage":0,"enemies":"Jaw Worm","floor":4,"turns":1},{"damage":6,"enemies":"Red Slaver","floor":5,"turns":5},{"damage":28,"enemies":"Gremlin Nob","floor":6,"turns":4},{"damage":0,"enemies":"2 Fungi Beasts","floor":7,"turns":2},{"damage":9,"enemies":"Exordium Wildlife","floor":12,"turns":4},{"damage":8,"enemies":"Gremlin Gang","floor":13,"turns":3},{"damage":26,"enemies":"Slime Boss","floor":16,"turns":8},{"damage":17,"enemies":"Spheric Guardian","floor":18,"turns":5},{"damage":21,"enemies":"Shell Parasite","floor":19,"turns":6},{"damage":21,"enemies":"Shelled Parasite and Fungi","floor":20,"turns":2}],"seed_played":"8377546967691783754","potions_obtained":[{"floor":4,"key":"Swift Potion"},{"floor":5,"key":"Ancient Potion"},{"floor":12,"key":"Block Potion"},{"floor":13,"key":"Strength Potion"},{"floor":16,"key":"EssenceOfSteel"},{"floor":19,"key":"FearPotion"}],"is_trial":false,"path_per_floor":["M","?","M","M","M","E","M","R","T","R","?","M","M","$","R","B",null,"M","M","M"],"character_chosen":"DEFECT","items_purchased":["Oddly Smooth Stone","Runic Capacitor","Fire Potion"],"campfire_rested":1,"item_purchase_floors":[14,14,14],"current_hp_per_floor":[64,64,64,64,58,30,30,30,30,30,30,21,13,13,34,8,55,38,17,0],"gold":107,"neow_bonus":"THREE_ENEMY_KILL","is_prod":false,"is_daily":false,"chose_seed":false,"campfire_upgraded":2,"win_rate":0,"timestamp":1548074324,"path_taken":["M","?","M","?","M","E","M","R","T","R","?","M","M","$","R","BOSS","M","M","M"],"build_version":"2019-01-17v2","purchased_purges":1,"victory":false,"max_hp_per_floor":[71,71,71,71,71,71,71,71,71,71,71,71,71,71,71,71,71,71,71,71],"card_choices":[{"not_picked":["Beam Cell","Turbo"],"picked":"Compile Driver","floor":1},{"not_picked":["Rebound","Recycle"],"picked":"Hologram","floor":3},{"not_picked":["Redo","Barrage"],"picked":"Steam","floor":4},{"not_picked":["Leap","White Noise"],"picked":"Static Discharge","floor":5},{"not_picked":["Sweeping Beam","Meteor Strike"],"picked":"Hyperbeam","floor":6},{"not_picked":["Redo","Barrage","Streamline"],"picked":"SKIP","floor":7},{"not_picked":["Redo","Buffer"],"picked":"Defragment","floor":12},{"not_picked":["Hologram","Sweeping Beam"],"picked":"Gash","floor":13},{"not_picked":["Meteor Strike","Rainbow"],"picked":"All For One","floor":16},{"not_picked":["Barrage","Compile Driver"],"picked":"Go for the Eyes","floor":18},{"not_picked":["Storm","Barrage"],"picked":"Ball Lightning","floor":19}],"player_experience":1239595,"relics_obtained":[{"floor":6,"key":"Potion Belt"},{"floor":9,"key":"Girya"}],"event_choices":[{"damage_healed":0,"gold_gain":275,"player_choice":"Desecrate","damage_taken":0,"max_hp_gain":0,"max_hp_loss":0,"event_name":"Golden Shrine","floor":2,"gold_loss":0,"cards_obtained":["Regret"]},{"damage_healed":0,"gold_gain":30,"player_choice":"Searched \u00271\u0027 times","damage_taken":0,"max_hp_gain":0,"max_hp_loss":0,"event_name":"Dead Adventurer","floor":11,"gold_loss":0}],"is_beta":false,"boss_relics":[{"not_picked":["Coffee Dripper","Calling Bell"],"picked":"Fusion Hammer"}],"items_purged_floors":[14],"is_endless":false,"potions_floor_spawned":[4,5,12,13,16,19],"killed_by":"Shelled Parasite and Fungi","ascension_level":20}