{"gold_per_floor":[119,137,137,157,177,205,205,235,307,307,63,63,90,90,90,90],"floor_reached":16,"playtime":985,"items_purged":[],"score":216,"play_id":"b419f104-8547-498e-b805-002d3873283c","local_time":"20190430005657","is_ascension_mode":true,"campfire_choices":[{"floor":7,"key":"REST"},{"data":"Zap","floor":12,"key":"SMITH"},{"data":"Doom and Gloom","floor":15,"key":"SMITH"}],"neow_cost":"NONE","seed_source_timestamp":870998866990814,"circlet_count":0,"master_deck":["AscendersBane","Strike_B","Strike_B","Strike_B","Defend_B","Defend_B","Defend_B","Defend_B","Zap+1","Dualcast","Seek","Doom and Gloom+1","Coolheaded","Compile Driver","FTL","Hologram","Self Repair","Glacier"],"relics":["Cracked Core","Singing Bowl","Emotion Chip","Art of War","Odd Mushroom","Mercury Hourglass"],"potions_floor_usage":[6,8,13],"damage_taken":[{"damage":7,"enemies":"Small Slimes","floor":1,"turns":4},{"damage":4,"enemies":"Jaw Worm","floor":2,"turns":3},{"damage":3,"enemies":"2 Louse","floor":4,"turns":2},{"damage":4,"enemies":"Looter","floor":5,"turns":3},{"damage":15,"enemies":"3 Sentries","floor":6,"turns":5},{"damage":39,"enemies":"Gremlin Nob","floor":8,"turns":4},{"damage":6,"enemies":"The Mushroom Lair","floor":13,"turns":2},{"damage":11,"enemies":"Hexaghost","floor":16,"turns":9}],"seed_played":"-3932744785821867104","potions_obtained":[{"floor":1,"key":"Strength Potion"},{"floor":2,"key":"Swift Potion"},{"floor":5,"key":"SkillPotion"},{"floor":8,"key":"AttackPotion"}],"is_trial":false,"path_per_floor":["M","M","?","M","M","E","R","E","T","?","$","R","?","T","R","B"],"character_chosen":"DEFECT","items_purchased":["Art of War","Self Repair"],"campfire_rested":1,"item_purchase_floors":[11,11],"current_hp_per_floor":[57,53,53,50,46,33,54,15,15,15,15,15,9,9,9,0],"gold":90,"neow_bonus":"TRANSFORM_CARD","is_prod":false,"is_daily":false,"chose_seed":false,"campfire_upgraded":2,"win_rate":0,"timestamp":1556578617,"path_taken":["M","M","?","M","M","E","R","E","T","?","$","R","?","?","R","BOSS"],"build_version":"2019-01-23","purchased_purges":0,"victory":false,"max_hp_per_floor":[71,71,71,71,71,73,73,73,73,73,73,73,73,73,73,73],"card_choices":[{"not_picked":["Sunder","Scrape"],"picked":"Doom and Gloom","floor":1},{"not_picked":["Skim","Heatsinks"],"picked":"Coolheaded","floor":2},{"not_picked":["Capacitor","Self Repair"],"picked":"Compile Driver","floor":4},{"not_picked":["Turbo","Redo"],"picked":"FTL","floor":5},{"not_picked":["Sweeping Beam","Meteor Strike","Aggregate"],"picked":"Singing Bowl","floor":6},{"not_picked":["Consume","Redo"],"picked":"Hologram","floor":8},{"not_picked":["Steam","Sweeping Beam"],"picked":"Glacier","floor":13}],"player_experience":871836,"relics_obtained":[{"floor":6,"key":"Singing Bowl"},{"floor":8,"key":"Emotion Chip"},{"floor":13,"key":"Odd Mushroom"},{"floor":14,"key":"Mercury Hourglass"}],"event_choices":[{"damage_healed":0,"gold_gain":0,"player_choice":"Ignored","damage_taken":0,"max_hp_gain":0,"max_hp_loss":0,"event_name":"Liars Game","floor":3,"gold_loss":0},{"damage_healed":0,"gold_gain":0,"player_choice":"Ignored","damage_taken":0,"max_hp_gain":0,"max_hp_loss":0,"event_name":"Shining Light","floor":10,"gold_loss":0},{"damage_healed":0,"gold_gain":0,"player_choice":"Fought Mushrooms","damage_taken":0,"max_hp_gain":0,"max_hp_loss":0,"event_name":"Mushrooms","floor":13,"gold_loss":0}],"is_beta":false,"boss_relics":[],"items_purged_floors":[],"is_endless":false,"potions_floor_spawned":[1,2,5,8],"killed_by":"Hexaghost","ascension_level":20}