{"gold_per_floor":[119,119,119,135,135,135,169,169,169,210,210,210,250,32,32,32],"floor_reached":16,"playtime":323,"items_purged":[],"score":278,"play_id":"12251622-a434-4d2e-9fe2-c5978d08dd40","local_time":"20190207143509","is_ascension_mode":true,"campfire_choices":[{"data":"Zap","floor":6,"key":"SMITH"},{"floor":11,"key":"REST"},{"floor":15,"key":"DIG"}],"neow_cost":"NONE","seed_source_timestamp":789501704412477,"circlet_count":0,"master_deck":["AscendersBane","Strike_B+1","Strike_B","Strike_B","Strike_B+1","Defend_B","Defend_B","Defend_B","Defend_B","Zap+1","Dualcast","Sweeping Beam+1","Compile Driver+1","Self Repair","Go for the Eyes+1"],"relics":["Cracked Core","NeowsBlessing","Golden Idol","Molten Egg 2","Dead Branch","Question Card","Ornamental Fan","Shovel","Bottled Tornado","Dodecahedron","PreservedInsect","DataDisk"],"potions_floor_usage":[13,13,16],"damage_taken":[{"damage":0,"enemies":"Small Slimes","floor":1,"turns":1},{"damage":0,"enemies":"Jaw Worm","floor":4,"turns":1},{"damage":0,"enemies":"Gremlin Nob","floor":7,"turns":1},{"damage":21,"enemies":"3 Sentries","floor":10,"turns":6},{"damage":8,"enemies":"Gremlin Nob","floor":13,"turns":3},{"damage":31,"enemies":"The Guardian","floor":16,"turns":8}],"seed_played":"3933355002791932817","potions_obtained":[{"floor":1,"key":"GamblersBrew"},{"floor":7,"key":"Ancient Potion"},{"floor":10,"key":"SteroidPotion"}],"is_trial":false,"path_per_floor":["M","?","T","M","?","R","E","?","T","E","R","T","E","$","R","B"],"character_chosen":"DEFECT","items_purchased":["PreservedInsect","AttackPotion"],"campfire_rested":1,"item_purchase_floors":[14,14],"current_hp_per_floor":[64,64,64,64,53,53,53,34,34,13,32,32,31,31,31,0],"gold":32,"neow_bonus":"THREE_ENEMY_KILL","is_prod":false,"is_daily":false,"chose_seed":false,"campfire_upgraded":1,"win_rate":0,"timestamp":1549546509,"path_taken":["M","?","?","M","?","R","E","?","T","E","R","?","E","$","R","BOSS"],"build_version":"2019-01-23","purchased_purges":0,"victory":false,"max_hp_per_floor":[71,64,64,64,64,64,64,64,64,64,64,64,64,64,64,64],"card_choices":[{"not_picked":["Blizzard","Turbo","Steam"],"picked":"SKIP","floor":1},{"not_picked":["FTL+1","Barrage+1"],"picked":"Sweeping Beam+1","floor":4},{"not_picked":["Hologram","Skim"],"picked":"Compile Driver+1","floor":7},{"not_picked":["Go for the Eyes+1","Force Field","Buffer"],"picked":"Self Repair","floor":10},{"not_picked":["Fusion","Undo","Sweeping Beam+1"],"picked":"Go for the Eyes+1","floor":13}],"player_experience":1305632,"relics_obtained":[{"floor":3,"key":"Molten Egg 2"},{"floor":7,"key":"Question Card"},{"floor":9,"key":"Ornamental Fan"},{"floor":10,"key":"Shovel"},{"floor":12,"key":"Bottled Tornado"},{"floor":13,"key":"Dodecahedron"},{"floor":15,"key":"DataDisk"}],"event_choices":[{"damage_healed":0,"gold_gain":0,"player_choice":"Lose Max HP","damage_taken":0,"relics_obtained":["Golden Idol"],"max_hp_gain":0,"max_hp_loss":7,"event_name":"Golden Idol","floor":2,"gold_loss":0},{"damage_healed":0,"gold_gain":0,"player_choice":"Success","damage_taken":11,"relics_obtained":["Dead Branch"],"max_hp_gain":0,"max_hp_loss":0,"event_name":"Scrap Ooze","floor":5,"gold_loss":0},{"damage_healed":0,"gold_gain":0,"player_choice":"Entered Light","damage_taken":19,"max_hp_gain":0,"max_hp_loss":0,"event_name":"Shining Light","floor":8,"gold_loss":0,"cards_upgraded":["Strike_B","Strike_B"]}],"is_beta":false,"boss_relics":[],"items_purged_floors":[],"is_endless":false,"potions_floor_spawned":[1,7,10],"killed_by":"The Guardian","ascension_level":20}