{"path_per_floor":["M","?","?","M","$","E","?","R","T","R","M","E","$","M","R","B",null,"M","?","?","M","M"],"character_chosen":"DEFECT","items_purchased":["Go for the Eyes"],"gold_per_floor":[113,113,113,127,52,91,91,91,139,139,164,200,76,89,89,217,217,235,273,273,298,311,311],"floor_reached":23,"campfire_rested":1,"playtime":1169,"item_purchase_floors":[13],"current_hp_per_floor":[68,73,55,49,49,41,34,34,34,70,70,41,41,34,34,18,73,65,33,33,20,3,0],"items_purged":["Defend_B","Dualcast"],"gold":311,"score":199,"play_id":"9da0c93a-14f3-4b2d-b338-f6ccdbb5ce2a","local_time":"20180521203107","is_prod":false,"is_daily":false,"chose_seed":false,"is_ascension_mode":false,"campfire_upgraded":2,"timestamp":1526959867,"campfire_choices":[{"data":"Zap","floor":8,"key":"SMITH"},{"floor":10,"key":"REST"},{"data":"Genetic Algorithm","floor":15,"key":"SMITH"}],"path_taken":["M","?","?","M","$","E","?","R","T","R","M","E","$","M","R","BOSS","M","?","?","M","M","E"],"build_version":"2018-05-18","seed_source_timestamp":2253141330254863,"purchased_purges":2,"victory":false,"master_deck":["Strike_B","Strike_B","Strike_B","Strike_B","Zap+1","Genetic Algorithm+1","Gash","Reboot","Go for the Eyes","Echo Form","FTL","Aggregate+1","Aggregate","FTL"],"max_hp_per_floor":[68,73,73,73,73,73,73,73,73,73,73,73,73,73,73,73,73,73,73,73,73,73,73],"relics":["Cracked Core","Golden Idol","Regal Pillow","Pen Nib","Juzu Bracelet","Runic Pyramid","Red Mask"],"card_choices":[{"not_picked":["Gash","Steam Power"],"picked":"Genetic Algorithm","floor":1},{"not_picked":["Capacitor","Blizzard"],"picked":"Gash","floor":4},{"not_picked":["Stack","Coolheaded","Capacitor"],"picked":"SKIP","floor":6},{"not_picked":["Heatsinks","Recycle"],"picked":"Reboot","floor":11},{"not_picked":["Force Field","Redo","Sunder"],"picked":"SKIP","floor":12},{"not_picked":["Axe Kick","Cold Snap","Lockon"],"picked":"SKIP","floor":14},{"not_picked":["Electrodynamics","Thunder Strike"],"picked":"Echo Form","floor":16},{"not_picked":["Genetic Algorithm","Skim+1"],"picked":"FTL","floor":18},{"not_picked":["Sweeping Beam+1","Self Repair+1"],"picked":"Aggregate+1","floor":19},{"not_picked":["Coolheaded","Skim","Leap"],"picked":"SKIP","floor":21},{"not_picked":["Auto Shields","BootSequence"],"picked":"FTL","floor":22}],"player_experience":89071,"potions_floor_usage":[16,16,19,19,22,23],"damage_taken":[{"damage":0,"enemies":"2 Louse","floor":1,"turns":2},{"damage":6,"enemies":"Small Slimes","floor":4,"turns":3},{"damage":8,"enemies":"Gremlin Nob","floor":6,"turns":3},{"damage":0,"enemies":"Cultist","floor":11,"turns":2},{"damage":29,"enemies":"3 Sentries","floor":12,"turns":5},{"damage":7,"enemies":"Looter","floor":14,"turns":2},{"damage":16,"enemies":"Slime Boss","floor":16,"turns":7},{"damage":8,"enemies":"3 Byrds","floor":18,"turns":4},{"damage":32,"enemies":"Masked Bandits","floor":19,"turns":4},{"damage":13,"enemies":"Chosen","floor":21,"turns":5},{"damage":17,"enemies":"Centurion and Healer","floor":22,"turns":7},{"damage":6,"enemies":"Book of Stabbing","floor":23,"turns":2}],"relics_obtained":[{"floor":6,"key":"Regal Pillow"},{"floor":9,"key":"Pen Nib"},{"floor":12,"key":"Juzu Bracelet"},{"floor":19,"key":"Red Mask"}],"event_choices":[{"event_name":"Big Fish","player_choice":"Donut","floor":2,"damage_taken":0},{"event_name":"Golden Idol","player_choice":"Take Damage","floor":3,"damage_taken":0},{"event_name":"Golden Wing","player_choice":"Card Removal","floor":7,"damage_taken":0},{"event_name":"Masked Bandits","player_choice":"Fought over 235 gold","floor":19,"damage_taken":0},{"event_name":"The Library","player_choice":"Read","floor":20,"damage_taken":0}],"boss_relics":[{"not_picked":["Philosopher\u0027s Stone","Snecko Eye"],"picked":"Runic Pyramid"}],"items_purged_floors":[5,13],"potions_floor_spawned":[1,6,11,12,16,18,19],"seed_played":"-2212357424406331068","killed_by":"Book of Stabbing","ascension_level":0,"potions_obtained":[{"floor":1,"key":"FearPotion"},{"floor":6,"key":"Weak Potion"},{"floor":11,"key":"Ancient Potion"},{"floor":12,"key":"PowerPotion"},{"floor":16,"key":"Swift Potion"},{"floor":18,"key":"Ancient Potion"},{"floor":19,"key":"SkillPotion"}],"is_trial":false}