{"gold_per_floor":[412,34,50,69,86,86,116,116,116,116,151,170,185,199,199,302,302,313,313,326,425,12,44,55,87,110,143,155,175,175,190,190,286,286,304,304,32,52,63,93,0,28,76,106,118,132,132,143,143,143],"floor_reached":51,"playtime":3246,"items_purged":["Double Energy+1"],"score":996,"play_id":"75d3c451-89b9-41f9-94d3-03005fcd3dc3","local_time":"20180902191939","is_ascension_mode":true,"campfire_choices":[{"data":"Zap","floor":6,"key":"SMITH"},{"data":"Double Energy","floor":8,"key":"SMITH"},{"data":"Streamline","floor":10,"key":"SMITH"},{"data":"Conserve Battery","floor":15,"key":"SMITH"},{"data":"White Noise","floor":30,"key":"SMITH"},{"data":"Rip and Tear","floor":32,"key":"SMITH"},{"data":"Blind","floor":47,"key":"SMITH"},{"data":"Core Surge","floor":49,"key":"SMITH"}],"neow_cost":"CURSE","seed_source_timestamp":551039836861330,"circlet_count":0,"master_deck":["Strike_B","Strike_B","Defend_B","Defend_B","Defend_B","Defend_B","Zap+1","Dualcast","Clumsy","Conserve Battery+1","Self Repair","Self Repair","Streamline+1","Leap","Rip and Tear+1","Auto Shields+1","Glacier+1","Creative AI+1","Ball Lightning+1","Heatsinks+1","Defragment+1","White Noise+1","Melter+1","Self Repair+1","Loop+1","Hello World+1","Blind+1","Defragment+1","Go for the Eyes+1","Aggregate+1","Core Surge+1"],"relics":["Cracked Core","Old Coin","Thread and Needle","Frozen Egg 2","Smiling Mask","Kunai","Cursed Key","Mummified Hand","War Paint","Omamori","StoneCalendar","Bag of Marbles","DataDisk","Empty Cage","Bag of Preparation","Question Card","Red Mask","Torii","Oddly Smooth Stone","Anchor"],"potions_floor_usage":[24,25,50],"damage_taken":[{"damage":0,"enemies":"Cultist","floor":1,"turns":3},{"damage":3,"enemies":"Jaw Worm","floor":3,"turns":3},{"damage":0,"enemies":"2 Louse","floor":4,"turns":3},{"damage":33,"enemies":"Gremlin Gang","floor":5,"turns":6},{"damage":14,"enemies":"Lagavulin","floor":7,"turns":8},{"damage":18,"enemies":"3 Sentries","floor":11,"turns":7},{"damage":2,"enemies":"2 Fungi Beasts","floor":12,"turns":3},{"damage":11,"enemies":"Exordium Wildlife","floor":13,"turns":4},{"damage":9,"enemies":"Blue Slaver","floor":14,"turns":3},{"damage":7,"enemies":"The Guardian","floor":16,"turns":12},{"damage":3,"enemies":"Spheric Guardian","floor":18,"turns":5},{"damage":9,"enemies":"Shell Parasite","floor":20,"turns":6},{"damage":53,"enemies":"Slavers","floor":23,"turns":5},{"damage":4,"enemies":"Snake Plant","floor":24,"turns":5},{"damage":0,"enemies":"Gremlin Leader","floor":25,"turns":6},{"damage":11,"enemies":"Book of Stabbing","floor":27,"turns":5},{"damage":6,"enemies":"Centurion and Healer","floor":28,"turns":5},{"damage":0,"enemies":"Sentry and Sphere","floor":29,"turns":4},{"damage":11,"enemies":"Chosen and Byrds","floor":31,"turns":6},{"damage":19,"enemies":"Automaton","floor":33,"turns":9},{"damage":40,"enemies":"3 Darklings","floor":35,"turns":6},{"damage":28,"enemies":"3 Shapes","floor":38,"turns":4},{"damage":21,"enemies":"Maw","floor":39,"turns":6},{"damage":36,"enemies":"2 Orb Walkers","floor":40,"turns":5},{"damage":13,"enemies":"Nemesis","floor":42,"turns":7},{"damage":51,"enemies":"2 Orb Walkers","floor":44,"turns":6},{"damage":1,"enemies":"Reptomancer","floor":45,"turns":5},{"damage":2,"enemies":"Sphere and 2 Shapes","floor":46,"turns":5},{"damage":20,"enemies":"4 Shapes","floor":48,"turns":5},{"damage":37,"enemies":"Donu and Deca","floor":50,"turns":7}],"seed_played":"2450732328870781549","potions_obtained":[{"floor":3,"key":"Block Potion"},{"floor":5,"key":"Swift Potion"},{"floor":11,"key":"FearPotion"},{"floor":14,"key":"Strength Potion"},{"floor":20,"key":"Explosive Potion"},{"floor":24,"key":"SmokeBomb"},{"floor":25,"key":"GamblersBrew"},{"floor":29,"key":"Regen Potion"},{"floor":44,"key":"Regen Potion"}],"is_trial":false,"path_per_floor":["M","$","M","M","M","R","E","R","T","R","E","M","M","M","R","B",null,"M","?","M","?","$","E","M","E","T","E","M","M","R","M","R","B",null,"M","?","$","M","M","E","?","E","T","E","M","M","R","M","R","B"],"character_chosen":"DEFECT","items_purchased":["Self Repair","Thread and Needle","Mummified Hand","War Paint","Defragment+1","Bag of Preparation"],"campfire_rested":0,"item_purchase_floors":[2,2,22,22,37,37],"current_hp_per_floor":[75,75,75,75,56,56,56,56,56,56,52,64,67,72,72,65,75,75,75,75,75,75,36,46,60,60,63,75,75,75,75,75,70,75,59,59,59,72,75,63,63,74,74,47,70,75,75,75,75,62],"gold":143,"neow_bonus":"ONE_RARE_RELIC","is_prod":false,"is_daily":false,"chose_seed":false,"campfire_upgraded":8,"win_rate":0,"timestamp":1535908779,"path_taken":["M","$","M","?","M","R","E","R","T","R","E","M","M","M","R","BOSS","M","?","M","?","$","E","M","E","T","E","?","?","R","M","R","BOSS","M","?","?","?","?","E","?","E","T","E","M","M","R","M","R","BOSS"],"build_version":"2018-08-30","purchased_purges":1,"victory":true,"max_hp_per_floor":[75,75,75,75,75,75,75,75,75,75,75,75,75,75,75,75,75,75,75,75,75,75,75,75,75,75,75,75,75,75,75,75,75,75,75,75,75,75,75,75,75,75,75,75,75,75,75,75,75,75],"card_choices":[{"not_picked":["Rip and Tear","Rebound"],"picked":"Conserve Battery","floor":1},{"not_picked":["Beam Cell","Coolheaded"],"picked":"Self Repair","floor":3},{"not_picked":["Compile Driver","Reboot","Turbo"],"picked":"SKIP","floor":4},{"not_picked":["Force Field","Sweeping Beam"],"picked":"Streamline","floor":5},{"not_picked":["Gash","Steam Power"],"picked":"Double Energy","floor":7},{"not_picked":["Scrape","Coolheaded"],"picked":"Leap","floor":11},{"not_picked":["Hologram","Seek"],"picked":"Rip and Tear","floor":12},{"not_picked":["Go for the Eyes","Turbo"],"picked":"Auto Shields","floor":13},{"not_picked":["Tempest","Leap"],"picked":"Glacier","floor":14},{"not_picked":["Rainbow","Meteor Strike"],"picked":"Creative AI+1","floor":16},{"not_picked":["Streamline+1","Leap+1"],"picked":"Ball Lightning+1","floor":18},{"not_picked":["Force Field+1","BootSequence"],"picked":"Defragment+1","floor":20},{"not_picked":["Cold Snap","Melter","Recycle"],"picked":"SKIP","floor":23},{"not_picked":["Cold Snap","Melter","Recycle"],"picked":"SKIP","floor":23},{"not_picked":["Leap","Aggregate"],"picked":"White Noise","floor":24},{"not_picked":["White Noise","Barrage"],"picked":"Melter+1","floor":25},{"not_picked":["Reprogram","Reinforced Body+1"],"picked":"Self Repair+1","floor":27},{"not_picked":["Force Field","Blizzard"],"picked":"Loop+1","floor":28},{"not_picked":["Genetic Algorithm","Cold Snap","Conserve Battery+1"],"picked":"SKIP","floor":29},{"not_picked":["Sweeping Beam","Compile Driver"],"picked":"Hello World+1","floor":31},{"not_picked":["Streamline","Sweeping Beam","Compile Driver"],"picked":"SKIP","floor":35},{"not_picked":["Enlightenment","Metamorphosis"],"picked":"Blind","floor":36},{"not_picked":["Gash","Compile Driver","Chaos"],"picked":"SKIP","floor":38},{"not_picked":["Conserve Battery","Cold Snap","Loop+1"],"picked":"SKIP","floor":39},{"not_picked":["Meteor Strike","Hologram+1"],"picked":"Go for the Eyes+1","floor":40},{"not_picked":["Hologram+1","Auto Shields","Streamline"],"picked":"Aggregate+1","floor":42},{"not_picked":["Glacier+1","Darkness+1","Fission"],"picked":"Core Surge","floor":44},{"not_picked":["Consume","Leap+1","Auto Shields","Sweeping Beam+1"],"picked":"SKIP","floor":45},{"not_picked":["White Noise","Stack+1","Consume","Coolheaded+1"],"picked":"SKIP","floor":46},{"not_picked":["Turbo+1","Steam Power","Ball Lightning+1","Beam Cell"],"picked":"SKIP","floor":48}],"player_experience":298402,"relics_obtained":[{"floor":7,"key":"Frozen Egg 2"},{"floor":9,"key":"Smiling Mask"},{"floor":11,"key":"Kunai"},{"floor":23,"key":"Omamori"},{"floor":25,"key":"StoneCalendar"},{"floor":26,"key":"Bag of Marbles"},{"floor":27,"key":"DataDisk"},{"floor":40,"key":"Question Card"},{"floor":42,"key":"Torii"},{"floor":43,"key":"Oddly Smooth Stone"},{"floor":44,"key":"Anchor"}],"event_choices":[{"event_name":"The Library","player_choice":"Read","floor":19,"damage_taken":0},{"event_name":"Nest","player_choice":"Stole From Cult","floor":21,"damage_taken":0},{"event_name":"SensoryStone","player_choice":"Memory 1","floor":36,"damage_taken":0},{"event_name":"Tomb of Lord Red Mask","player_choice":"Paid","floor":41,"damage_taken":0}],"is_beta":false,"boss_relics":[{"not_picked":["Busted Crown","FrozenCore"],"picked":"Cursed Key"},{"not_picked":["Nuclear Battery","Velvet Choker"],"picked":"Empty Cage"}],"items_purged_floors":[37],"is_endless":false,"potions_floor_spawned":[3,5,11,14,20,24,25,29,35,44,45,48],"ascension_level":4}