{"gold_per_floor":[117,130,150,166,166,201,201,227,227,227,239,264,284,284,284,385,385,403,389,203,213,213,213,245,3,3,3,18,18,31,56,56,154,154,174,21,21,0,46,75,75,105,158,158,178,178,198,215,215,215,215,215,5,35,35],"floor_reached":55,"playtime":2824,"items_purged":[],"score":874,"play_id":"4d259c5a-3502-4d83-b5b0-2970558c16c1","local_time":"20190305182622","is_ascension_mode":true,"campfire_choices":[{"data":"Demon Form","floor":7,"key":"SMITH"},{"data":"Feed","floor":10,"key":"SMITH"},{"data":"True Grit","floor":15,"key":"SMITH"},{"data":"Apotheosis","floor":23,"key":"SMITH"},{"floor":27,"key":"RECALL"},{"floor":29,"key":"REST"},{"floor":32,"key":"REST"},{"floor":41,"key":"REST"},{"floor":44,"key":"REST"},{"data":"Immolate","floor":49,"key":"SMITH"},{"data":"Bash","floor":52,"key":"SMITH"}],"neow_cost":"NONE","seed_source_timestamp":20504586615578,"circlet_count":0,"master_deck":["Strike_R","Strike_R","Strike_R","Defend_R","Defend_R","Defend_R","Defend_R","Bash+1","Feed+1","Feel No Pain","Feel No Pain","Carnage","Demon Form+1","Feel No Pain","Flame Barrier","Disarm","Disarm","True Grit+1","Feed","Iron Wave+1","True Grit","Apotheosis+1","Pommel Strike+1","Reaper","Dark Embrace","Ghostly Armor+1","Shrug It Off+1","Feed","Dark Shackles","Metallicize","Immolate+1","Warcry+1","Clothesline+1","Flame Barrier+1"],"relics":["Burning Blood","Red Skull","Self Forming Clay","Singing Bowl","Pear","Mark of Pain","Ancient Tea Set","Bottled Lightning","Turnip","Lantern","Cursed Key","Omamori","Red Mask","Charon\u0027s Ashes","Bag of Marbles","Oddly Smooth Stone","Strange Spoon","Shuriken"],"potions_floor_usage":[13,16,16,24,24,28,35,40,48,55],"damage_taken":[{"damage":0,"enemies":"2 Louse","floor":1,"turns":3},{"damage":8,"enemies":"Cultist","floor":2,"turns":5},{"damage":0,"enemies":"Small Slimes","floor":3,"turns":4},{"damage":17,"enemies":"Looter","floor":4,"turns":5},{"damage":27,"enemies":"Gremlin Nob","floor":6,"turns":5},{"damage":30,"enemies":"3 Sentries","floor":8,"turns":11},{"damage":6,"enemies":"3 Louse","floor":11,"turns":4},{"damage":21,"enemies":"Lagavulin","floor":12,"turns":7},{"damage":6,"enemies":"Exordium Thugs","floor":13,"turns":5},{"damage":7,"enemies":"Hexaghost","floor":16,"turns":11},{"damage":16,"enemies":"Shell Parasite","floor":18,"turns":8},{"damage":8,"enemies":"2 Thieves","floor":19,"turns":4},{"damage":1,"enemies":"Centurion and Healer","floor":21,"turns":12},{"damage":32,"enemies":"Slavers","floor":24,"turns":12},{"damage":0,"enemies":"Snake Plant","floor":28,"turns":7},{"damage":5,"enemies":"Sentry and Sphere","floor":30,"turns":10},{"damage":0,"enemies":"Book of Stabbing","floor":31,"turns":9},{"damage":67,"enemies":"Collector","floor":33,"turns":15},{"damage":7,"enemies":"3 Shapes","floor":35,"turns":7},{"damage":102,"enemies":"2 Orb Walkers","floor":39,"turns":10},{"damage":51,"enemies":"Nemesis","floor":40,"turns":16},{"damage":0,"enemies":"Giant Head","floor":42,"turns":9},{"damage":0,"enemies":"3 Darklings","floor":45,"turns":4},{"damage":0,"enemies":"Jaw Worm Horde","floor":47,"turns":2},{"damage":11,"enemies":"Writhing Mass","floor":48,"turns":12},{"damage":7,"enemies":"Time Eater","floor":50,"turns":11},{"damage":36,"enemies":"Shield and Spear","floor":54,"turns":9},{"damage":239,"enemies":"The Heart","floor":55,"turns":14}],"seed_played":"-356548326522207836","potions_obtained":[{"floor":8,"key":"SteroidPotion"},{"floor":11,"key":"AttackPotion"},{"floor":12,"key":"BloodPotion"},{"floor":13,"key":"EssenceOfSteel"},{"floor":21,"key":"GamblersBrew"},{"floor":24,"key":"Weak Potion"},{"floor":28,"key":"GamblersBrew"},{"floor":31,"key":"BloodPotion"},{"floor":39,"key":"AttackPotion"},{"floor":45,"key":"SkillPotion"},{"floor":48,"key":"SteroidPotion"},{"floor":54,"key":"Strength Potion"}],"is_trial":false,"path_per_floor":["M","M","M","M","?","E","R","E","T","R","M","E","M","$","R","B",null,"M","M","$","M","?","R","E","$","T","R","M","R","M","E","R","B",null,"M","$","?","?","?","E","R","E","T","R","M","?","M","M","R","B",null,"R","$","E","B"],"character_chosen":"IRONCLAD","items_purchased":["Apotheosis","Bottled Lightning","Omamori","Strange Spoon"],"campfire_rested":4,"item_purchase_floors":[20,25,36,53],"current_hp_per_floor":[83,84,89,78,78,57,57,36,36,36,40,39,54,54,54,53,114,108,106,106,119,119,119,106,106,106,106,121,138,148,154,154,97,158,167,167,161,161,83,46,99,122,122,176,186,186,194,200,200,204,204,204,204,182,0],"gold":35,"neow_bonus":"ONE_RANDOM_RARE_CARD","is_prod":false,"is_daily":false,"chose_seed":false,"campfire_upgraded":6,"win_rate":0,"timestamp":1551835582,"path_taken":["M","M","M","M","?","E","R","E","T","R","M","E","M","?","R","BOSS","M","?","$","M","?","R","E","$","T","R","M","R","M","E","R","BOSS","M","$","?","?","?","E","R","E","T","R","M","?","M","M","R","BOSS","R","$","E","BOSS"],"build_version":"2019-01-23","purchased_purges":0,"victory":false,"max_hp_per_floor":[83,86,89,89,89,89,89,92,92,92,96,110,114,114,114,114,114,118,118,118,126,126,126,134,134,134,134,138,138,148,154,154,158,158,168,168,172,172,178,178,178,182,182,182,186,186,194,200,200,204,204,204,204,212,212],"card_choices":[{"not_picked":["Havoc","Headbutt","Wild Strike"],"picked":"SKIP","floor":1},{"not_picked":["Pummel","Corruption"],"picked":"Feel No Pain","floor":2},{"not_picked":["Pommel Strike","Power Through"],"picked":"Feel No Pain","floor":3},{"not_picked":["Warcry","Shrug It Off"],"picked":"Carnage","floor":4},{"not_picked":["Twin Strike","Burning Pact"],"picked":"Feel No Pain","floor":6},{"not_picked":["Clash","Blood for Blood"],"picked":"Flame Barrier","floor":8},{"not_picked":["Headbutt","Barricade"],"picked":"Disarm","floor":11},{"not_picked":["Dark Embrace","Twin Strike"],"picked":"Disarm","floor":12},{"not_picked":["Flex","Wild Strike"],"picked":"True Grit","floor":13},{"not_picked":["Double Tap","Exhume"],"picked":"Feed","floor":16},{"not_picked":["Seeing Red","Armaments"],"picked":"Iron Wave+1","floor":18},{"not_picked":["Second Wind","Warcry+1"],"picked":"True Grit","floor":19},{"not_picked":["Second Wind","Clothesline"],"picked":"Pommel Strike+1","floor":21},{"not_picked":["Body Slam+1","Rupture"],"picked":"Ghostly Armor+1","floor":24},{"not_picked":["Anger+1","Dropkick+1"],"picked":"Shrug It Off+1","floor":28},{"not_picked":["Iron Wave+1","Warcry","Wild Strike"],"picked":"Singing Bowl","floor":30},{"not_picked":["Blood for Blood","Ghostly Armor","Headbutt"],"picked":"Singing Bowl","floor":31},{"not_picked":["Brutality","Double Tap"],"picked":"Feed","floor":33},{"not_picked":["Inflame+1","Perfected Strike","Pommel Strike"],"picked":"Singing Bowl","floor":35},{"not_picked":["Madness","Jack Of All Trades","Metamorphosis"],"picked":"Singing Bowl","floor":37},{"not_picked":["Thinking Ahead","Magnetism"],"picked":"Dark Shackles","floor":37},{"not_picked":["Secret Technique","PanicButton","Discovery"],"picked":"Singing Bowl","floor":37},{"not_picked":["Pommel Strike","Body Slam+1","Inflame"],"picked":"Singing Bowl","floor":39},{"not_picked":["Perfected Strike","Armaments+1"],"picked":"Metallicize","floor":40},{"not_picked":["Thunderclap+1","Havoc+1"],"picked":"Immolate","floor":42},{"not_picked":["Iron Wave","Power Through"],"picked":"Warcry+1","floor":45},{"not_picked":["Thunderclap","Searing Blow+1"],"picked":"Clothesline+1","floor":47},{"not_picked":["Rampage","Carnage","Entrench"],"picked":"Singing Bowl","floor":48},{"not_picked":["Clothesline+1","Impervious"],"picked":"Flame Barrier+1","floor":54}],"player_experience":782502,"relics_obtained":[{"floor":6,"key":"Red Skull"},{"floor":8,"key":"Self Forming Clay"},{"floor":9,"key":"Singing Bowl"},{"floor":12,"key":"Pear"},{"floor":24,"key":"Ancient Tea Set"},{"floor":26,"key":"Turnip"},{"floor":31,"key":"Lantern"},{"floor":39,"key":"Charon\u0027s Ashes"},{"floor":40,"key":"Bag of Marbles"},{"floor":42,"key":"Oddly Smooth Stone"},{"floor":54,"key":"Shuriken"}],"event_choices":[{"damage_healed":0,"gold_gain":0,"player_choice":"1 cards matched","damage_taken":0,"max_hp_gain":0,"max_hp_loss":0,"event_name":"Match and Keep!","floor":5,"gold_loss":0,"cards_obtained":["Demon Form"]},{"damage_healed":0,"gold_gain":0,"cards_transformed":["Strike_R","Strike_R"],"player_choice":"Became Test Subject","damage_taken":0,"max_hp_gain":0,"max_hp_loss":0,"event_name":"Drug Dealer","floor":22,"gold_loss":0,"cards_obtained":["Reaper","Dark Embrace"]},{"damage_healed":0,"gold_gain":0,"player_choice":"Memory 3","damage_taken":10,"max_hp_gain":0,"max_hp_loss":0,"event_name":"SensoryStone","floor":37,"gold_loss":0},{"damage_healed":0,"gold_gain":0,"player_choice":"Paid","damage_taken":0,"relics_obtained":["Red Mask"],"max_hp_gain":0,"max_hp_loss":0,"event_name":"Tomb of Lord Red Mask","floor":38,"gold_loss":21},{"damage_healed":0,"gold_gain":0,"player_choice":"Fight","damage_taken":0,"max_hp_gain":0,"max_hp_loss":0,"event_name":"Mysterious Sphere","floor":39,"gold_loss":0},{"damage_healed":0,"gold_gain":0,"player_choice":"Ignored","damage_taken":0,"max_hp_gain":0,"max_hp_loss":0,"event_name":"SecretPortal","floor":46,"gold_loss":0}],"is_beta":false,"boss_relics":[{"not_picked":["Lizard Tail","Runic Pyramid"],"picked":"Mark of Pain"},{"not_picked":["Eternal Feather","Philosopher\u0027s Stone"],"picked":"Cursed Key"}],"items_purged_floors":[],"is_endless":false,"potions_floor_spawned":[8,11,12,13,21,24,28,31,39,45,48,54],"killed_by":"The Heart","ascension_level":1}