{"gold_per_floor":[110,127,127,127,147,176,176,207,231,231],"floor_reached":10,"playtime":251,"items_purged":[],"score":152,"play_id":"2aefc3b2-66a6-4691-9ba0-3bcac6c2ff83","local_time":"20190130153836","is_ascension_mode":true,"campfire_choices":[{"data":"Noxious Fumes","floor":7,"key":"SMITH"}],"neow_cost":"NONE","seed_source_timestamp":102138827078088,"circlet_count":0,"master_deck":["AscendersBane","Defend_G","Defend_G","Defend_G","Defend_G","Defend_G","Strike_G","Strike_G","Strike_G","Strike_G","Strike_G","Survivor","Neutralize","Noxious Fumes+1","Backflip","Bane","After Image","Deadly Poison"],"relics":["Ring of the Snake","NeowsBlessing","Anchor","Ancient Tea Set","Singing Bowl","Lantern"],"potions_floor_usage":[8],"damage_taken":[{"damage":0,"enemies":"Jaw Worm","floor":1,"turns":1},{"damage":0,"enemies":"2 Louse","floor":2,"turns":1},{"damage":0,"enemies":"Cultist","floor":5,"turns":1},{"damage":32,"enemies":"Gremlin Nob","floor":6,"turns":4},{"damage":18,"enemies":"Lagavulin","floor":8,"turns":9},{"damage":27,"enemies":"Gremlin Gang","floor":10,"turns":3}],"seed_played":"2555745165677793937","potions_obtained":[{"floor":1,"key":"FairyPotion"},{"floor":6,"key":"Weak Potion"}],"is_trial":false,"path_per_floor":["M","M","?","?","M","E","R","E","T","M"],"character_chosen":"THE_SILENT","items_purchased":[],"campfire_rested":0,"item_purchase_floors":[],"current_hp_per_floor":[59,59,59,59,59,27,27,9,9,0],"gold":231,"neow_bonus":"THREE_ENEMY_KILL","is_prod":false,"is_daily":false,"chose_seed":false,"campfire_upgraded":1,"win_rate":0,"timestamp":1548859116,"path_taken":["M","M","?","?","?","E","R","E","T","M"],"build_version":"2019-01-23","purchased_purges":0,"victory":false,"max_hp_per_floor":[66,66,66,66,66,66,66,66,66,66],"card_choices":[{"not_picked":["Flying Knee","Acrobatics"],"picked":"Noxious Fumes","floor":1},{"not_picked":["Concentrate","Acrobatics"],"picked":"Backflip","floor":2},{"not_picked":["Flying Knee","Slice"],"picked":"Bane","floor":5},{"not_picked":["Masterful Stab","All Out Attack"],"picked":"After Image","floor":6},{"not_picked":["Backflip","Bane"],"picked":"Deadly Poison","floor":8}],"player_experience":1271857,"relics_obtained":[{"floor":6,"key":"Ancient Tea Set"},{"floor":8,"key":"Singing Bowl"},{"floor":9,"key":"Lantern"}],"event_choices":[{"damage_healed":0,"gold_gain":0,"player_choice":"Ignored","damage_taken":0,"max_hp_gain":0,"max_hp_loss":0,"event_name":"Golden Wing","floor":3,"gold_loss":0},{"damage_healed":0,"gold_gain":0,"player_choice":"Gave Potion","damage_taken":0,"relics_obtained":["Anchor"],"max_hp_gain":0,"max_hp_loss":0,"event_name":"WeMeetAgain","floor":4,"gold_loss":0}],"is_beta":false,"boss_relics":[],"items_purged_floors":[],"is_endless":false,"potions_floor_spawned":[1,6],"killed_by":"Gremlin Gang","ascension_level":20}