{"gold_per_floor":[118,33,52,52,52,52,63,98,121,121,147,147,162,173,173,250,250,262,312,312,312,328,328,355,355,407,432,458,470,502,514,526,538],"floor_reached":33,"playtime":1211,"items_purged":[],"score":550,"play_id":"18179995-5ef2-4a48-9c26-e95707fb7a98","local_time":"20190225134739","is_ascension_mode":true,"campfire_choices":[{"data":"Glass Knife","floor":6.0,"key":"SMITH"},{"data":"Glass Knife","floor":10.0,"key":"SMITH"},{"floor":15.0,"key":"REST"},{"floor":23.0,"key":"REST"},{"data":"Noxious Fumes","floor":29,"key":"SMITH"},{"floor":32,"key":"REST"}],"neow_cost":"CURSE","seed_source_timestamp":0,"circlet_count":0,"master_deck":["AscendersBane","Defend_G+1","Defend_G+1","Defend_G+1","Defend_G+1","Defend_G+1","Strike_G+1","Strike_G+1","Survivor","Neutralize+1","Writhe","Glass Knife+1","Glass Knife+1","Dagger Throw","Dash","Endless Agony","Well Laid Plans","Leg Sweep","Corpse Explosion","Blur+1","Endless Agony+1","Reflex+1","Terror","Decay","Backstab","Deflect","Backflip","Noxious Fumes+1","Poisoned Stab"],"special_seed":0,"relics":["Ring of the Snake","Bronze Scales","War Paint","Question Card","Astrolabe","Ancient Tea Set","Matryoshka","Blood Vial","MawBank"],"potions_floor_usage":[24,27,33],"damage_taken":[{"damage":3.0,"enemies":"Small Slimes","floor":1.0,"turns":5.0},{"damage":1.0,"enemies":"2 Louse","floor":3.0,"turns":4.0},{"damage":0.0,"enemies":"Jaw Worm","floor":7.0,"turns":2.0},{"damage":25.0,"enemies":"3 Sentries","floor":8.0,"turns":9.0},{"damage":8.0,"enemies":"Gremlin Nob","floor":11.0,"turns":3.0},{"damage":0.0,"enemies":"Large Slime","floor":13.0,"turns":3.0},{"damage":7.0,"enemies":"Gremlin Gang","floor":14.0,"turns":4.0},{"damage":15.0,"enemies":"Slime Boss","floor":16.0,"turns":9.0},{"damage":17.0,"enemies":"Shell Parasite","floor":18.0,"turns":5.0},{"damage":12.0,"enemies":"Spheric Guardian","floor":22.0,"turns":5.0},{"damage":15,"enemies":"Slavers","floor":24,"turns":3},{"damage":1,"enemies":"Centurion and Healer","floor":27,"turns":3},{"damage":17,"enemies":"Snecko","floor":28,"turns":6},{"damage":5,"enemies":"Cultist and Chosen","floor":30,"turns":3},{"damage":46,"enemies":"Champ","floor":33,"turns":13}],"seed_played":"3896678530439541485","potions_obtained":[{"floor":7.0,"key":"Fire Potion"},{"floor":11.0,"key":"Strength Potion"},{"floor":14.0,"key":"Block Potion"},{"floor":16.0,"key":"LiquidBronze"},{"floor":22.0,"key":"Poison Potion"},{"floor":27,"key":"Fruit Juice"},{"floor":28,"key":"Weak Potion"}],"is_trial":false,"path_per_floor":["M","$","M","?","?","R","M","E","T","R","E","?","M","M","R","B",null,"M","?","?","?","M","R","E","?","T","M","M","R","M","$","R","B"],"character_chosen":"THE_SILENT","items_purchased":["Glass Knife"],"campfire_rested":3,"item_purchase_floors":[2],"current_hp_per_floor":[56,56,55,55,55,55,55,30,30,30,22,22,22,15,34,19,54,37,37,37,37,25,44,29,29,29,35,20,20,17,17,38,0],"gold":538,"neow_bonus":"THREE_RARE_CARDS","is_prod":false,"is_daily":false,"chose_seed":false,"campfire_upgraded":3,"win_rate":0,"timestamp":1551098859,"path_taken":["M","$","M","?","?","R","M","E","T","R","E","?","M","M","R","BOSS","M","?","?","?","?","R","E","?","T","M","M","R","M","$","R","BOSS"],"build_version":"2019-01-23","purchased_purges":0,"victory":false,"max_hp_per_floor":[66,66,66,66,66,66,66,66,66,66,66,66,66,66,66,66,66,66,66,66,66,66,66,66,66,66,71,71,71,71,71,71,71],"card_choices":[{"not_picked":["Wraith Form v2","Malaise"],"picked":"Glass Knife","floor":0.0},{"not_picked":["Outmaneuver","Cloak And Dagger","Eviscerate"],"picked":"SKIP","floor":1.0},{"not_picked":["Dodge and Roll","Deflect"],"picked":"Dagger Throw","floor":3.0},{"not_picked":["Dodge and Roll","Quick Slash","Underhanded Strike"],"picked":"SKIP","floor":7.0},{"not_picked":["Blur","Expertise"],"picked":"Dash","floor":8.0},{"not_picked":["Caltrops","Bullet Time"],"picked":"Endless Agony","floor":11.0},{"not_picked":["All Out Attack","Bane","Flying Knee"],"picked":"Well Laid Plans","floor":13.0},{"not_picked":["Acrobatics","Infinite Blades","Deadly Poison"],"picked":"Leg Sweep","floor":14.0},{"not_picked":["Bullet Time","Storm of Steel","Unload"],"picked":"Corpse Explosion","floor":16.0},{"not_picked":["Quick Slash+1","Dodge and Roll","Accuracy"],"picked":"Terror","floor":18.0},{"not_picked":["Blade Dance","Distraction","Escape Plan"],"picked":"Backstab","floor":22.0},{"not_picked":["Acrobatics","Quick Slash","Flying Knee"],"picked":"Deflect","floor":24},{"not_picked":["Slice","Dagger Spray","Well Laid Plans"],"picked":"Backflip","floor":27},{"not_picked":["All Out Attack","Dodge and Roll","Glass Knife"],"picked":"Noxious Fumes","floor":28},{"not_picked":["Deadly Poison","Deflect","Flechettes+1"],"picked":"Poisoned Stab","floor":30}],"player_experience":1344454,"relics_obtained":[{"floor":8.0,"key":"Bronze Scales"},{"floor":9.0,"key":"War Paint"},{"floor":11.0,"key":"Question Card"},{"floor":21.0,"key":"Ancient Tea Set"},{"floor":24,"key":"Matryoshka"},{"floor":26,"key":"Blood Vial"},{"floor":26,"key":"MawBank"}],"event_choices":[{"damage_healed":0.0,"max_hp_gain":0.0,"max_hp_loss":0.0,"gold_gain":0.0,"event_name":"The Cleric","player_choice":"Leave","floor":4.0,"gold_loss":0.0,"damage_taken":0.0},{"damage_healed":0.0,"max_hp_gain":0.0,"max_hp_loss":0.0,"gold_gain":0.0,"event_name":"Living Wall","player_choice":"Grow","floor":5.0,"gold_loss":0.0,"damage_taken":0.0,"cards_upgraded":["Neutralize"]},{"damage_healed":0.0,"max_hp_gain":0.0,"max_hp_loss":0.0,"gold_gain":0.0,"event_name":"Liars Game","player_choice":"Ignored","floor":12.0,"gold_loss":0.0,"damage_taken":0.0},{"damage_healed":0.0,"max_hp_gain":0.0,"max_hp_loss":0.0,"gold_gain":50.0,"event_name":"Nest","player_choice":"Stole From Cult","floor":19.0,"gold_loss":0.0,"damage_taken":0.0},{"damage_healed":0.0,"max_hp_gain":0.0,"max_hp_loss":0.0,"gold_gain":0.0,"event_name":"Forgotten Altar","player_choice":"Smashed Altar","floor":20.0,"gold_loss":0.0,"damage_taken":0.0,"cards_obtained":["Decay"]},{"damage_healed":0.0,"max_hp_gain":0.0,"max_hp_loss":0.0,"gold_gain":0.0,"event_name":"Wheel of Change","player_choice":"Relic","floor":21.0,"gold_loss":0.0,"damage_taken":0.0},{"damage_healed":0,"gold_gain":0,"player_choice":"Simplicity","damage_taken":0,"max_hp_gain":0,"max_hp_loss":0,"event_name":"Back to Basics","floor":25,"gold_loss":0,"cards_upgraded":["Defend_G","Defend_G","Defend_G","Strike_G","Strike_G"]}],"is_beta":false,"boss_relics":[{"not_picked":["Orrery","HoveringKite"],"picked":"Astrolabe"}],"items_purged_floors":[],"is_endless":false,"potions_floor_spawned":[7,11,14,16,22,27,28],"killed_by":"Champ","ascension_level":20}