{"path_per_floor":["M","?","?","?","$","E","M","E","T","E","R","M","R","M","R","B",null,"M","M","?","$","M","E","?","E","T","E","?","R","E","M","R","B",null,"M","M","?","M","$","E","?","R","T","R","$","R","E","?","R","B"],"character_chosen":"DEFECT","items_purchased":["Anchor","Hologram","Letter Opener","Glacier","Aggregate","Bottled Lightning","Capacitor"],"gold_per_floor":[111,111,111,286,36,66,81,111,136,171,171,183,183,195,195,297,297,282,298,298,14,32,66,66,92,171,196,196,196,231,246,246,342,342,356,367,367,387,45,74,0,0,24,24,24,24,49,49,49,49],"floor_reached":51,"campfire_rested":3,"playtime":4269,"current_hp_per_floor":[61,61,61,61,61,39,39,26,26,16,36,37,37,34,54,14,68,54,56,56,56,68,35,35,53,53,34,22,43,31,40,40,24,80,80,80,72,80,80,80,80,80,80,80,80,80,80,80,80,75],"items_purged":["Doubt"],"gold":49,"score":821,"play_id":"0ca57291-2592-446c-acd0-d7ea34cb42e4","local_time":"20180506172620","is_prod":false,"is_daily":false,"chose_seed":false,"is_ascension_mode":false,"campfire_upgraded":6,"timestamp":1525652780,"path_taken":["M","?","?","?","$","E","M","E","T","E","R","M","R","M","R","BOSS","M","M","?","$","M","E","?","E","T","E","?","R","E","M","R","BOSS","M","M","?","M","$","E","?","R","T","R","$","R","E","?","R","BOSS"],"build_version":"2018-05-03","seed_source_timestamp":942924269408402,"purchased_purges":1,"victory":true,"master_deck":["Defend_B","Defend_B","Defend_B","Defend_B","Zap+1","Dualcast","FTL","Hologram+1","Prime","Genetic Algorithm","Darkness","Consume","Ball Lightning","Redo","Rainbow+1","FTL","White Noise+1","Bite","Bite","Bite","Bite","Bite","Glacier","Chaos+1","BootSequence","Sunder","Beam Cell","Stack","Scrape","Impulse","Echo Form","Tempest+1","Go for the Eyes+1","Hello World","Aggregate+1","Glacier+1","Impulse"],"max_hp_per_floor":[68,68,68,68,68,68,68,68,68,68,68,68,68,68,68,68,68,68,68,68,68,68,68,68,68,68,68,73,73,80,80,80,80,80,80,80,80,80,80,80,80,80,80,80,80,80,80,80,80,80],"relics":["Cracked Core","Ice Cream","Happy Flower","Spirit Poop","Anchor","Lantern","Bag of Preparation","Ornamental Fan","Inserter","Letter Opener","Bronze Scales","Torii","Question Card","Ancient Tea Set","Strawberry","Nuclear Battery","Bottled Lightning","Bag of Marbles","Red Mask","Orichalcum","Centennial Puzzle"],"card_choices":[{"not_picked":["Skim","Defragment"],"picked":"FTL","floor":1},{"not_picked":["Stack","Hologram"],"picked":"Prime","floor":6},{"not_picked":["Coolheaded","Hello World"],"picked":"Genetic Algorithm","floor":7},{"not_picked":["Auto Shields","Sweeping Beam"],"picked":"Darkness","floor":8},{"not_picked":["Go for the Eyes","Impulse"],"picked":"Consume","floor":10},{"not_picked":["Genetic Algorithm","Hello World"],"picked":"Ball Lightning","floor":12},{"not_picked":["Streamline","Lockon"],"picked":"Redo","floor":14},{"not_picked":["Nova","Amplify"],"picked":"Rainbow","floor":16},{"not_picked":["Heatsinks","BootSequence"],"picked":"FTL","floor":18},{"not_picked":["Streamline","Stack"],"picked":"White Noise","floor":19},{"not_picked":["Streamline","Impulse"],"picked":"Chaos","floor":22},{"not_picked":["Turbo","Streamline"],"picked":"BootSequence","floor":23},{"not_picked":["Cold Snap","Skim"],"picked":"Beam Cell","floor":25},{"not_picked":["Auto Shields","Loop","Axe Kick"],"picked":"Stack","floor":27},{"not_picked":["Skim","Rebound","Auto Shields"],"picked":"Scrape","floor":30},{"not_picked":["Fission","Hologram","Cold Snap"],"picked":"Impulse","floor":31},{"not_picked":["Fusion","Hyperbeam","Fission"],"picked":"Echo Form","floor":33},{"not_picked":["Impulse","Ball Lightning","Rebound"],"picked":"Tempest","floor":35},{"not_picked":["Impulse","Darkness","Force Field"],"picked":"Go for the Eyes","floor":36},{"not_picked":["Streamline","Go for the Eyes","Cold Snap"],"picked":"Hello World","floor":38},{"not_picked":["Genetic Algorithm","Consume","Undo"],"picked":"Glacier","floor":40},{"not_picked":["Streamline","Cold Snap","Go for the Eyes"],"picked":"Impulse","floor":47}],"player_experience":51782,"potions_floor_usage":[8,8,14,19,23,33,33,40,47,47],"damage_taken":[{"damage":7,"enemies":"2 Louse","floor":1,"turns":3},{"damage":22,"enemies":"3 Sentries","floor":6,"turns":7},{"damage":0,"enemies":"Cultist","floor":7,"turns":3},{"damage":13,"enemies":"Gremlin Nob","floor":8,"turns":4},{"damage":12,"enemies":"Lagavulin","floor":10,"turns":4},{"damage":1,"enemies":"Jaw Worm","floor":12,"turns":2},{"damage":5,"enemies":"Gremlin Gang","floor":14,"turns":4},{"damage":42,"enemies":"Slime Boss","floor":16,"turns":9},{"damage":14,"enemies":"2 Thieves","floor":18,"turns":4},{"damage":0,"enemies":"Chosen","floor":19,"turns":5},{"damage":0,"enemies":"Snake Plant","floor":22,"turns":8},{"damage":37,"enemies":"Slavers","floor":23,"turns":4},{"damage":0,"enemies":"Gremlin Leader","floor":25,"turns":9},{"damage":25,"enemies":"Slavers","floor":27,"turns":4},{"damage":27,"enemies":"Gremlin Leader","floor":30,"turns":6},{"damage":7,"enemies":"Centurion and Healer","floor":31,"turns":8},{"damage":30,"enemies":"Automaton","floor":33,"turns":9},{"damage":1,"enemies":"3 Shapes","floor":35,"turns":4},{"damage":0,"enemies":"Orb Walker","floor":36,"turns":3},{"damage":0,"enemies":"Flame Bruiser 2 Orb","floor":38,"turns":5},{"damage":1,"enemies":"2 Orb Walkers","floor":40,"turns":5},{"damage":2,"enemies":"Nemesis","floor":47,"turns":5},{"damage":11,"enemies":"Time Eater","floor":50,"turns":9}],"event_choices":[{"event_name":"Accursed Blacksmith","player_choice":"Rummage","floor":2,"damage_taken":0},{"event_name":"Bonfire Elementals","player_choice":"CURSE","floor":3,"damage_taken":0},{"event_name":"Liars Game","player_choice":"agreed","floor":4,"damage_taken":0},{"event_name":"Vampires","player_choice":"Became a vampire (Vial)","floor":20,"damage_taken":0},{"event_name":"The Library","player_choice":"Read","floor":24,"damage_taken":0},{"event_name":"Forgotten Altar","player_choice":"Shed Blood","floor":28,"damage_taken":0},{"event_name":"Wheel of Change","player_choice":"Damage","floor":37,"damage_taken":0},{"event_name":"Tomb of Lord Red Mask","player_choice":"Paid","floor":41,"damage_taken":0}],"boss_relics":[{"not_picked":["Astrolabe","Runic Dome"],"picked":"Inserter"},{"not_picked":["Runic Pyramid","Sozu"],"picked":"Nuclear Battery"}],"potions_floor_spawned":[1,7,10,16,19,30,31,33,35,36],"seed_played":"-4440538856329027146","ascension_level":0,"is_trial":false}