{"gold_per_floor":[109,109,124,142,142,170,170,199,199,215,229,259,279,293,293,391,391,410,335,335,335,353,353],"floor_reached":23,"playtime":1794,"items_purged":[],"score":328,"play_id":"e934c5c2-a6e5-489c-ae9d-aab69a845967","local_time":"20180629151129","is_ascension_mode":false,"campfire_choices":[{"floor":7,"key":"REST"},{"floor":15,"key":"REST"}],"neow_cost":"","seed_source_timestamp":0,"circlet_count":0,"master_deck":["Defend_G","Defend_G","Defend_G+1","Defend_G+1","Defend_G","Survivor","Neutralize","Blur","Backflip","Finisher","Terror","Predator","Sucker Punch","Leg Sweep","Escape Plan","A Thousand Cuts","Blur","Skewer","Dagger Throw","Cloak And Dagger","Envenom","Escape Plan","Sucker Punch","Bite","Bite","Bite","Bite","Bite","Backstab","Blade Dance"],"relics":["Ring of the Snake","Prayer Wheel","Du-Vu Doll","Boot","Girya","White Beast Statue"],"potions_floor_usage":[6,10,13,14,16,18,23,23],"damage_taken":[{"damage":0,"enemies":"2 Louse","floor":1,"turns":5},{"damage":0,"enemies":"Jaw Worm","floor":3,"turns":8},{"damage":0,"enemies":"Cultist","floor":4,"turns":4},{"damage":8,"enemies":"3 Sentries","floor":6,"turns":14},{"damage":36,"enemies":"Lagavulin","floor":8,"turns":9},{"damage":0,"enemies":"Looter","floor":10,"turns":3},{"damage":0,"enemies":"2 Fungi Beasts","floor":11,"turns":3},{"damage":2,"enemies":"Lots of Slimes","floor":13,"turns":5},{"damage":0,"enemies":"3 Louse","floor":14,"turns":4},{"damage":37,"enemies":"Slime Boss","floor":16,"turns":12},{"damage":16,"enemies":"3 Byrds","floor":18,"turns":7},{"damage":42,"enemies":"Chosen","floor":22,"turns":7},{"damage":14,"enemies":"Gremlin Leader","floor":23,"turns":5}],"seed_played":"7179513127901097795","potions_obtained":[{"floor":1,"key":"Swift Potion"},{"floor":8,"key":"Dexterity Potion"},{"floor":10,"key":"SpeedPotion"},{"floor":11,"key":"Dexterity Potion"},{"floor":14,"key":"AttackPotion"},{"floor":16,"key":"Weak Potion"},{"floor":18,"key":"LiquidBronze"},{"floor":22,"key":"Strength Potion"}],"is_trial":true,"path_per_floor":["M","?","M","M","?","E","R","E","T","M","M","?","M","M","R","B",null,"M","?","?","?","M"],"character_chosen":"THE_SILENT","items_purchased":[],"campfire_rested":2,"item_purchase_floors":[],"current_hp_per_floor":[70,56,56,56,44,36,57,21,21,21,21,21,19,19,40,3,70,54,54,49,49,9,0],"gold":353,"neow_bonus":"","is_prod":false,"is_daily":false,"chose_seed":false,"campfire_upgraded":0,"win_rate":0,"timestamp":1530310289,"path_taken":["M","?","?","M","?","E","R","E","T","?","M","?","M","?","R","BOSS","M","?","?","?","M","E"],"build_version":"2018-06-28","purchased_purges":0,"victory":false,"max_hp_per_floor":[70,70,70,70,70,70,70,70,70,70,70,70,70,70,70,70,70,70,70,49,49,49,49],"card_choices":[{"not_picked":["Dagger Spray","Prepared"],"picked":"Blur","floor":1},{"not_picked":["Concentrate","Flechettes"],"picked":"Backflip","floor":3},{"not_picked":["Sucker Punch","Quick Slash"],"picked":"Finisher","floor":4},{"not_picked":["Grand Finale","Catalyst"],"picked":"Terror","floor":6},{"not_picked":["PiercingWail","Quick Slash"],"picked":"Predator","floor":8},{"not_picked":["Riddle With Holes","PiercingWail"],"picked":"Sucker Punch","floor":10},{"not_picked":["Terror","PiercingWail"],"picked":"Leg Sweep","floor":10},{"not_picked":["Catalyst","Deadly Poison"],"picked":"Escape Plan","floor":11},{"not_picked":["Underhanded Strike","Dagger Throw"],"picked":"A Thousand Cuts","floor":11},{"not_picked":["Prepared","Backflip"],"picked":"Blur","floor":13},{"not_picked":["PiercingWail","Finisher"],"picked":"Skewer","floor":13},{"not_picked":["Poisoned Stab","Underhanded Strike"],"picked":"Dagger Throw","floor":14},{"not_picked":["Quick Slash","Dagger Spray"],"picked":"Cloak And Dagger","floor":14},{"not_picked":["Night Terror","Storm of Steel"],"picked":"Envenom","floor":16},{"not_picked":["Dagger Spray","Bane"],"picked":"Escape Plan","floor":18},{"not_picked":["Dodge and Roll","Dagger Throw"],"picked":"Sucker Punch","floor":18},{"not_picked":["Deadly Poison","Cloak And Dagger"],"picked":"Backstab","floor":22},{"not_picked":["Bane+1","Acrobatics"],"picked":"Blade Dance","floor":22}],"player_experience":241124,"relics_obtained":[{"floor":6,"key":"Du-Vu Doll"},{"floor":8,"key":"Boot"},{"floor":9,"key":"Girya"}],"event_choices":[{"event_name":"Shining Light","player_choice":"Entered Light","floor":2,"damage_taken":0},{"event_name":"Scrap Ooze","player_choice":"success","floor":5,"damage_taken":12},{"event_name":"Dead Adventurer","player_choice":"Searched \u00271\u0027 times","floor":12,"damage_taken":0},{"event_name":"Beggar","player_choice":"Gave Gold","floor":19,"damage_taken":0},{"event_name":"Vampires","player_choice":"Became a vampire","floor":20,"damage_taken":0},{"event_name":"Ghosts","player_choice":"Ignored","floor":21,"damage_taken":0}],"boss_relics":[{"not_picked":["Lizard Tail","Fusion Hammer"],"picked":"White Beast Statue"}],"items_purged_floors":[],"is_endless":true,"potions_floor_spawned":[1,8,10,11,14,16,18,22],"killed_by":"Gremlin Leader","ascension_level":0}