{"gold_per_floor":[113,4,15,28,103,103,103,129,129,158,173,198,198,5,5,110,110,127,127,147,75,89,89,4,19,19,33,67,81,94,107,107,204,204,222,234,234,18,118,118,149,149,149,149,159,173,202,213,213,213],"floor_reached":51,"playtime":4342,"items_purged":["Strike_B","Strike_B"],"score":1006,"play_id":"6137ef70-f481-47f0-b8c4-38d2ecc0bfca","local_time":"20190410213755","is_ascension_mode":true,"campfire_choices":[{"data":"Sunder","floor":6.0,"key":"SMITH"},{"data":"Consume","floor":13.0,"key":"SMITH"},{"data":"Coolheaded","floor":15.0,"key":"SMITH"},{"data":"Multi-Cast","floor":23.0,"key":"SMITH"},{"data":"White Noise","floor":32.0,"key":"SMITH"},{"data":"Capacitor","floor":40,"key":"SMITH"},{"data":"Defragment","floor":44,"key":"SMITH"},{"floor":49,"key":"REST"}],"neow_cost":"NONE","seed_source_timestamp":0,"circlet_count":0,"master_deck":["Strike_B","Defend_B","Defend_B","Defend_B","Zap+1","Dualcast","Genetic Algorithm","Sunder+1","Capacitor+1","Tempest","Cold Snap","Consume+1","Conserve Battery","Coolheaded+1","Skim","Multi-Cast+1","Cold Snap+1","Cold Snap","Redo","White Noise+1","Compile Driver","Auto Shields+1","Auto Shields+1","Reboot","Defragment+1","Defragment+1","White Noise+1","Hologram+1","Ball Lightning+1","BootSequence"],"special_seed":0,"relics":["Cracked Core","Gremlin Horn","Blue Candle","Happy Flower","Orichalcum","Velvet Choker","Meat on the Bone","Bottled Lightning","Girya","Black Star","Torii","Potion Belt","DataDisk","Question Card","Cables"],"potions_floor_usage":[45],"damage_taken":[{"damage":2.0,"enemies":"Jaw Worm","floor":1.0,"turns":2.0},{"damage":0.0,"enemies":"2 Louse","floor":3.0,"turns":2.0},{"damage":8.0,"enemies":"Small Slimes","floor":4.0,"turns":3.0},{"damage":14.0,"enemies":"3 Sentries","floor":8.0,"turns":5.0},{"damage":16.0,"enemies":"Gremlin Nob","floor":10.0,"turns":3.0},{"damage":6.0,"enemies":"Looter","floor":11.0,"turns":4.0},{"damage":1.0,"enemies":"3 Sentries","floor":12.0,"turns":4.0},{"damage":0.0,"enemies":"The Guardian","floor":16.0,"turns":9.0},{"damage":0.0,"enemies":"Spheric Guardian","floor":18.0,"turns":5.0},{"damage":0.0,"enemies":"Chosen","floor":20.0,"turns":4.0},{"damage":0.0,"enemies":"Centurion and Healer","floor":22.0,"turns":7.0},{"damage":14.0,"enemies":"Snake Plant","floor":25.0,"turns":7.0},{"damage":0.0,"enemies":"Snecko","floor":27.0,"turns":3.0},{"damage":36.0,"enemies":"Slavers","floor":28.0,"turns":6.0},{"damage":0.0,"enemies":"3 Cultists","floor":29.0,"turns":2.0},{"damage":7.0,"enemies":"Cultist and Chosen","floor":30.0,"turns":6.0},{"damage":12.0,"enemies":"Shelled Parasite and Fungi","floor":31.0,"turns":6.0},{"damage":34.0,"enemies":"Collector","floor":33.0,"turns":23.0},{"damage":4,"enemies":"Orb Walker","floor":35,"turns":3},{"damage":4,"enemies":"3 Darklings","floor":36,"turns":6},{"damage":10,"enemies":"Mind Bloom Boss Battle","floor":39,"turns":6},{"damage":1,"enemies":"Nemesis","floor":41,"turns":7},{"damage":22,"enemies":"Maw","floor":45,"turns":7},{"damage":10,"enemies":"4 Shapes","floor":46,"turns":4},{"damage":0,"enemies":"Giant Head","floor":47,"turns":9},{"damage":13,"enemies":"3 Darklings","floor":48,"turns":2},{"damage":16,"enemies":"Time Eater","floor":50,"turns":10}],"seed_played":"-6319435083843109181","potions_obtained":[{"floor":1.0,"key":"Energy Potion"},{"floor":8.0,"key":"Swift Potion"},{"floor":11.0,"key":"FearPotion"},{"floor":16.0,"key":"Poison Potion"},{"floor":22.0,"key":"Ancient Potion"},{"floor":27.0,"key":"Swift Potion"},{"floor":29.0,"key":"Block Potion"},{"floor":30.0,"key":"Weak Potion"},{"floor":33.0,"key":"SkillPotion"},{"floor":41,"key":"Strength Potion"},{"floor":45,"key":"Weak Potion"},{"floor":46,"key":"SteroidPotion"}],"is_trial":false,"path_per_floor":["M","$","M","M","?","R","?","E","T","E","M","E","R","$","R","B",null,"M","?","M","$","M","R","?","M","T","M","E","M","M","M","R","B",null,"M","M","?","$","?","R","E","?","T","R","M","M","E","M","R","B",null],"character_chosen":"DEFECT","items_purchased":["Sunder","Capacitor","Coolheaded","Skim","White Noise","Defragment","Blizzard"],"campfire_rested":1,"item_purchase_floors":[2,2,14,14,21,38,38],"current_hp_per_floor":[66,66,66,58,47,47,52,38,38,22,16,15,15,15,15,15,64,64,64,64,64,64,64,64,50,50,50,26,38,43,43,43,21,65,61,57,57,57,47,47,46,80,80,80,58,48,48,47,71,55],"gold":213,"neow_bonus":"UPGRADE_CARD","is_prod":false,"is_daily":false,"chose_seed":false,"campfire_upgraded":7,"win_rate":0,"timestamp":1554943075,"path_taken":["M","$","M","M","?","R","?","E","T","E","M","E","R","$","R","BOSS","M","?","M","$","M","R","?","M","T","M","E","?","M","M","R","BOSS","M","M","?","$","?","R","E","?","T","R","M","M","E","M","R","BOSS"],"build_version":"2019-01-23","purchased_purges":2,"victory":true,"max_hp_per_floor":[75,75,75,75,75,75,80,80,80,80,80,80,80,80,80,80,80,80,80,80,80,80,80,80,80,80,80,80,80,80,80,80,80,80,80,80,80,80,80,80,80,80,80,80,80,80,80,80,80,80],"card_choices":[{"not_picked":["Beam Cell","Conserve Battery"],"picked":"Genetic Algorithm","floor":1.0},{"not_picked":["Compile Driver","Rebound"],"picked":"Tempest","floor":3.0},{"not_picked":["Redo","Rebound"],"picked":"Cold Snap","floor":4.0},{"not_picked":["Coolheaded","Turbo"],"picked":"Consume","floor":8.0},{"not_picked":["Steam","Beam Cell"],"picked":"Heatsinks","floor":10.0},{"not_picked":["Blizzard","Streamline"],"picked":"Conserve Battery","floor":11.0},{"not_picked":["Rebound","Consume","Turbo"],"picked":"SKIP","floor":12.0},{"not_picked":["Meteor Strike","Hyperbeam"],"picked":"Multi-Cast","floor":16.0},{"not_picked":["Sunder","Hologram"],"picked":"Cold Snap+1","floor":18.0},{"not_picked":["Darkness+1","Barrage","Tempest"],"picked":"SKIP","floor":20.0},{"not_picked":["Hologram","Gash+1","Steam"],"picked":"SKIP","floor":22.0},{"not_picked":["Steam Power","Heatsinks"],"picked":"Compile Driver","floor":25.0},{"not_picked":["Gash+1","Cold Snap"],"picked":"Auto Shields+1","floor":27.0},{"not_picked":["Cold Snap","Thunder Strike"],"picked":"Auto Shields+1","floor":28.0},{"not_picked":["Hologram","Streamline+1","Storm"],"picked":"SKIP","floor":29.0},{"not_picked":["Chaos","Consume","Force Field"],"picked":"SKIP","floor":30.0},{"not_picked":["Barrage","Storm","Streamline"],"picked":"SKIP","floor":31.0},{"not_picked":["Amplify","Machine Learning"],"picked":"Reboot","floor":33.0},{"not_picked":["Cold Snap+1","Streamline"],"picked":"Defragment+1","floor":35},{"not_picked":["Static Discharge","Beam Cell","Leap+1"],"picked":"SKIP","floor":36},{"not_picked":["Undo","Go for the Eyes"],"picked":"White Noise+1","floor":39},{"not_picked":["Multi-Cast","Coolheaded"],"picked":"Hologram+1","floor":41},{"not_picked":["Streamline","Compile Driver","Fusion+1"],"picked":"Ball Lightning+1","floor":45},{"not_picked":["Cold Snap","Rebound+1","Sweeping Beam"],"picked":"BootSequence","floor":46},{"not_picked":["Coolheaded","Fission","Aggregate","Double Energy+1"],"picked":"SKIP","floor":47},{"not_picked":["Conserve Battery","Hologram","Cold Snap+1","Rip and Tear"],"picked":"SKIP","floor":48}],"player_experience":582702,"relics_obtained":[{"floor":8.0,"key":"Gremlin Horn"},{"floor":9.0,"key":"Blue Candle"},{"floor":10.0,"key":"Happy Flower"},{"floor":12.0,"key":"Orichalcum"},{"floor":26.0,"key":"Bottled Lightning"},{"floor":28.0,"key":"Girya"},{"floor":39,"key":"Torii"},{"floor":41,"key":"Potion Belt"},{"floor":41,"key":"DataDisk"},{"floor":43,"key":"Question Card"},{"floor":47,"key":"Cables"}],"event_choices":[{"damage_healed":0.0,"max_hp_gain":0.0,"max_hp_loss":0.0,"gold_gain":75.0,"event_name":"World of Goop","player_choice":"Gather Gold","floor":5.0,"gold_loss":0.0,"damage_taken":11.0},{"damage_healed":0.0,"max_hp_gain":5.0,"max_hp_loss":0.0,"gold_gain":0.0,"event_name":"Big Fish","player_choice":"Donut","floor":7.0,"gold_loss":0.0,"damage_taken":0.0},{"damage_healed":0.0,"max_hp_gain":0.0,"max_hp_loss":0.0,"gold_gain":0.0,"cards_transformed":["Strike_B","Heatsinks"],"event_name":"Drug Dealer","player_choice":"Became Test Subject","floor":19.0,"gold_loss":0.0,"damage_taken":0.0,"cards_obtained":["Cold Snap","Redo"]},{"damage_healed":0.0,"max_hp_gain":0.0,"max_hp_loss":0.0,"gold_gain":0.0,"event_name":"Addict","player_choice":"Obtained Relic","floor":24.0,"gold_loss":85.0,"damage_taken":0.0,"relics_obtained":["Meat on the Bone"]},{"cards_removed":["Defend_B"],"damage_healed":0,"gold_gain":0,"player_choice":"Removed Skill","damage_taken":0,"max_hp_gain":0,"max_hp_loss":0,"event_name":"Falling","floor":37,"gold_loss":0},{"damage_healed":0,"gold_gain":0,"player_choice":"Fight","damage_taken":0,"max_hp_gain":0,"max_hp_loss":0,"event_name":"MindBloom","floor":39,"gold_loss":0},{"cards_removed":["Blizzard"],"damage_healed":34,"gold_gain":0,"player_choice":"Offered Uncommon","damage_taken":0,"max_hp_gain":0,"max_hp_loss":0,"event_name":"Bonfire Elementals","floor":42,"gold_loss":0}],"is_beta":false,"boss_relics":[{"not_picked":["Philosopher\u0027s Stone","Pandora\u0027s Box"],"picked":"Velvet Choker"},{"not_picked":["Calling Bell","Coffee Dripper"],"picked":"Black Star"}],"items_purged_floors":[14,38],"is_endless":false,"potions_floor_spawned":[1,8,11,16,22,27,29,30,33,41,45,46,47],"ascension_level":6}