{"gold_per_floor":[218,493,510,510,525,525,4,4,74,74,108,127,159,172,172,275,275,291,291,51,65,77,77,105,125,175,175,207,207,232,248,248,347,347,359,89,104,120,140,140,168,179,179,204,204,237,254,179,179,179,179,179,19,50,50],"floor_reached":55,"playtime":1863,"items_purged":["Regret","Strike_B","Strike_B","Strike_B"],"score":918,"play_id":"68aa9c8b-4774-4405-a34c-fccc2fbf62a6","local_time":"20190326002331","is_ascension_mode":true,"campfire_choices":[{"data":"Sunder","floor":6,"key":"SMITH"},{"data":"Zap","floor":8,"key":"SMITH"},{"floor":15,"key":"REST"},{"data":"Buffer","floor":23,"key":"SMITH"},{"data":"Reinforced Body","floor":27,"key":"SMITH"},{"data":"Scrape","floor":29,"key":"SMITH"},{"floor":32,"key":"REST"},{"floor":40,"key":"RECALL"},{"floor":45,"key":"REST"},{"floor":49,"key":"REST"},{"data":"Reboot","floor":52,"key":"SMITH"}],"neow_cost":"NONE","seed_source_timestamp":74629731901600,"circlet_count":0,"master_deck":["Strike_B","Defend_B","Defend_B","Defend_B","Defend_B","Zap+1","Dualcast+1","FTL","Reinforced Body+1","Sunder+1","Gash","Gash","All For One","Buffer+1","Gash","Scrape+1","Go for the Eyes+1","Echo Form","Conserve Battery+1","Gash+1","Beam Cell+1","Gash+1","Reboot+1","All For One","All For One","Gash"],"relics":["Cracked Core","PreservedInsect","ClockworkSouvenir","Matryoshka","Happy Flower","Mummified Hand","Bottled Flame","Potion Belt","Orrery","Thread and Needle","Ancient Tea Set","Regal Pillow","Question Card","Sozu","Membership Card","Bronze Scales","Vajra","Blood Vial","Blue Candle","DollysMirror","Anchor"],"potions_floor_usage":[16,16,21,22,24,33,33,33,55,55],"damage_taken":[{"damage":4,"enemies":"2 Louse","floor":1,"turns":3},{"damage":3,"enemies":"Cultist","floor":3,"turns":3},{"damage":1,"enemies":"Jaw Worm","floor":5,"turns":3},{"damage":14,"enemies":"Gremlin Nob","floor":11,"turns":3},{"damage":0,"enemies":"2 Fungi Beasts","floor":12,"turns":1},{"damage":13,"enemies":"Lagavulin","floor":13,"turns":4},{"damage":3,"enemies":"Gremlin Gang","floor":14,"turns":3},{"damage":17,"enemies":"Hexaghost","floor":16,"turns":9},{"damage":23,"enemies":"2 Thieves","floor":18,"turns":4},{"damage":6,"enemies":"3 Byrds","floor":21,"turns":4},{"damage":6,"enemies":"3 Cultists","floor":22,"turns":3},{"damage":13,"enemies":"Gremlin Leader","floor":24,"turns":4},{"damage":1,"enemies":"Chosen and Byrds","floor":25,"turns":5},{"damage":0,"enemies":"Book of Stabbing","floor":28,"turns":3},{"damage":5,"enemies":"Gremlin Leader","floor":30,"turns":5},{"damage":0,"enemies":"Centurion and Healer","floor":31,"turns":4},{"damage":40,"enemies":"Champ","floor":33,"turns":7},{"damage":0,"enemies":"3 Darklings","floor":35,"turns":5},{"damage":0,"enemies":"3 Shapes","floor":37,"turns":4},{"damage":0,"enemies":"Jaw Worm Horde","floor":38,"turns":5},{"damage":4,"enemies":"4 Shapes","floor":39,"turns":6},{"damage":0,"enemies":"Nemesis","floor":41,"turns":5},{"damage":9,"enemies":"3 Darklings","floor":42,"turns":4},{"damage":11,"enemies":"Reptomancer","floor":44,"turns":4},{"damage":36,"enemies":"Nemesis","floor":46,"turns":5},{"damage":0,"enemies":"Sphere and 2 Shapes","floor":47,"turns":2},{"damage":65,"enemies":"Donu and Deca","floor":50,"turns":8},{"damage":8,"enemies":"Shield and Spear","floor":54,"turns":3},{"damage":83,"enemies":"The Heart","floor":55,"turns":5}],"seed_played":"3821593028899846028","potions_obtained":[{"floor":11,"key":"Explosive Potion"},{"floor":12,"key":"FearPotion"},{"floor":14,"key":"Ancient Potion"},{"floor":16,"key":"Regen Potion"},{"floor":18,"key":"GamblersBrew"},{"floor":19,"key":"Explosive Potion"},{"floor":19,"key":"AttackPotion"},{"floor":22,"key":"GamblersBrew"},{"floor":31,"key":"FocusPotion"},{"floor":33,"key":"FocusPotion"}],"is_trial":false,"path_per_floor":["M","?","M","?","M","R","$","R","T","?","E","M","E","M","R","B",null,"M","?","$","M","M","R","E","M","T","R","E","R","E","M","R","B",null,"M","$","M","M","M","R","E","M","T","E","R","E","M","$","R","B",null,"R","$","E","B"],"character_chosen":"DEFECT","items_purchased":["ClockworkSouvenir","Matryoshka","All For One","Membership Card","All For One","DollysMirror","Gash"],"campfire_rested":4,"item_purchase_floors":[7,7,20,36,53,53,53],"current_hp_per_floor":[71,71,68,56,55,55,55,55,55,55,41,41,28,25,47,30,75,52,52,52,46,40,40,39,38,38,38,38,38,33,33,70,30,75,75,75,75,75,71,71,71,62,62,51,75,39,41,41,75,10,75,75,75,67,0],"gold":50,"neow_bonus":"HUNDRED_GOLD","is_prod":false,"is_daily":false,"chose_seed":false,"campfire_upgraded":6,"win_rate":0,"timestamp":1553585011,"path_taken":["M","?","?","?","M","R","$","R","T","?","E","M","E","M","R","BOSS","M","?","$","M","M","R","E","?","T","R","E","R","E","M","R","BOSS","M","$","?","M","?","R","E","M","T","E","R","E","M","$","R","BOSS","R","$","E","BOSS"],"build_version":"2019-01-23","purchased_purges":4,"victory":false,"max_hp_per_floor":[75,75,75,75,75,75,75,75,75,75,75,75,75,75,75,75,75,75,75,75,75,75,75,75,75,75,75,75,75,75,75,75,75,75,75,75,75,75,75,75,75,75,75,75,75,75,75,75,75,75,75,75,75,75,75],"card_choices":[{"not_picked":["Sweeping Beam","Cold Snap"],"picked":"FTL","floor":1},{"not_picked":["Turbo","Consume"],"picked":"Reinforced Body","floor":3},{"not_picked":["Recycle","Chaos"],"picked":"Sunder","floor":5},{"not_picked":["Rip and Tear","Consume","Aggregate"],"picked":"SKIP","floor":11},{"not_picked":["Chill","Streamline","Rebound"],"picked":"SKIP","floor":12},{"not_picked":["BootSequence","Heatsinks","Force Field"],"picked":"SKIP","floor":13},{"not_picked":["Sweeping Beam","Loop","Stack"],"picked":"SKIP","floor":14},{"not_picked":["Coolheaded","Scrape"],"picked":"Gash","floor":17},{"not_picked":["Skim","Steam"],"picked":"Gash","floor":17},{"not_picked":["Cold Snap","Leap","Barrage"],"picked":"SKIP","floor":18},{"not_picked":["Steam Power+1","Static Discharge"],"picked":"Buffer","floor":21},{"not_picked":["Blizzard+1","Aggregate+1","Loop"],"picked":"SKIP","floor":22},{"not_picked":["Go for the Eyes","Hologram"],"picked":"Gash","floor":24},{"not_picked":["Conserve Battery","Thunder Strike"],"picked":"Scrape","floor":25},{"not_picked":["Rebound","Consume","Sweeping Beam"],"picked":"SKIP","floor":28},{"not_picked":["Redo","Streamline","Cold Snap"],"picked":"SKIP","floor":30},{"not_picked":["Coolheaded","FTL","Ball Lightning"],"picked":"Go for the Eyes+1","floor":31},{"not_picked":["Core Surge","Electrodynamics","Meteor Strike"],"picked":"Echo Form","floor":33},{"not_picked":["Barrage+1","Conserve Battery","Steam+1","Streamline+1"],"picked":"SKIP","floor":35},{"not_picked":["BootSequence","Hello World","Leap+1"],"picked":"Conserve Battery+1","floor":37},{"not_picked":["Conserve Battery","Redo","Reinforced Body"],"picked":"Gash+1","floor":38},{"not_picked":["Leap","Conserve Battery","Coolheaded","Loop"],"picked":"SKIP","floor":39},{"not_picked":["Streamline+1","Ball Lightning+1","Loop+1"],"picked":"Beam Cell+1","floor":41},{"not_picked":["Echo Form","Barrage","Steam"],"picked":"Gash+1","floor":42},{"not_picked":["Chill+1","Turbo+1","Multi-Cast","Glacier"],"picked":"SKIP","floor":44},{"not_picked":["Ball Lightning","Leap+1","Melter"],"picked":"Reboot","floor":46},{"not_picked":["Redo+1","Reprogram+1","Turbo","Force Field+1"],"picked":"SKIP","floor":47},{"not_picked":["Self Repair+1","Sweeping Beam+1","Ball Lightning+1","Conserve Battery"],"picked":"SKIP","floor":54}],"player_experience":854257,"relics_obtained":[{"floor":9,"key":"Happy Flower"},{"floor":9,"key":"Mummified Hand"},{"floor":11,"key":"Bottled Flame"},{"floor":13,"key":"Potion Belt"},{"floor":24,"key":"Thread and Needle"},{"floor":26,"key":"Ancient Tea Set"},{"floor":28,"key":"Regal Pillow"},{"floor":30,"key":"Question Card"},{"floor":41,"key":"Bronze Scales"},{"floor":43,"key":"Vajra"},{"floor":44,"key":"Blood Vial"},{"floor":46,"key":"Blue Candle"},{"floor":54,"key":"Anchor"}],"event_choices":[{"damage_healed":0,"gold_gain":275,"player_choice":"Desecrate","damage_taken":0,"max_hp_gain":0,"max_hp_loss":0,"event_name":"Golden Shrine","floor":2,"gold_loss":0,"cards_obtained":["Regret"]},{"damage_healed":0,"gold_gain":0,"player_choice":"Success","damage_taken":12,"relics_obtained":["PreservedInsect"],"max_hp_gain":0,"max_hp_loss":0,"event_name":"Scrap Ooze","floor":4,"gold_loss":0},{"damage_healed":0,"gold_gain":0,"player_choice":"Grow","damage_taken":0,"max_hp_gain":0,"max_hp_loss":0,"event_name":"Living Wall","floor":10,"gold_loss":0,"cards_upgraded":["Dualcast"]},{"damage_healed":0,"gold_gain":0,"player_choice":"Got Potions","damage_taken":0,"max_hp_gain":0,"max_hp_loss":0,"event_name":"Lab","floor":19,"gold_loss":0}],"is_beta":false,"boss_relics":[{"not_picked":["Busted Crown","Black Star"],"picked":"Orrery"},{"not_picked":["Pandora\u0027s Box","Nuclear Battery"],"picked":"Sozu"}],"items_purged_floors":[7,20,36,48],"is_endless":false,"potions_floor_spawned":[11,12,14,16,18,22,31,33,35,37,41,42],"killed_by":"The Heart","ascension_level":1}