{"gold_per_floor":[363,32,32,44,44,44,44,74,74,93,107,121,146,165,165,264,264,276,288,39,39,57,85,10,21,21,21,31,31,50,50],"floor_reached":31,"playtime":6986,"items_purged":[],"score":323,"play_id":"417b52f6-e06c-4eec-9701-a3b837924daf","local_time":"20190425203852","is_ascension_mode":true,"campfire_choices":[{"floor":6.0,"key":"REST"},{"floor":15.0,"key":"REST"},{"floor":27,"key":"REST"},{"floor":29,"key":"REST"}],"neow_cost":"PERCENT_DAMAGE","seed_source_timestamp":179464443204500,"circlet_count":0,"master_deck":["Defend_G","Defend_G+1","Defend_G","Defend_G","Defend_G","Strike_G","Strike_G","Strike_G+1","Strike_G","Survivor","Neutralize","Backflip","Noxious Fumes","Dodge and Roll","Acrobatics","PiercingWail","Glass Knife","Backstab","After Image","Infinite Blades+1","Acrobatics+1","PiercingWail","A Thousand Cuts","Bane+1","Backflip"],"special_seed":0,"relics":["Ring of the Snake","Torii","NlothsMask","Orichalcum","Happy Flower","Philosopher\u0027s Stone","Ornamental Fan","Letter Opener","Bottled Tornado"],"potions_floor_usage":[],"damage_taken":[{"damage":6.0,"enemies":"Jaw Worm","floor":1.0,"turns":7.0},{"damage":1.0,"enemies":"Small Slimes","floor":4.0,"turns":4.0},{"damage":12.0,"enemies":"Lagavulin","floor":8.0,"turns":9.0},{"damage":0.0,"enemies":"2 Louse","floor":10.0,"turns":2.0},{"damage":2.0,"enemies":"Exordium Thugs","floor":11.0,"turns":5.0},{"damage":0.0,"enemies":"Exordium Wildlife","floor":12.0,"turns":5.0},{"damage":16.0,"enemies":"Gremlin Nob","floor":13.0,"turns":5.0},{"damage":0.0,"enemies":"3 Louse","floor":14.0,"turns":2.0},{"damage":13.0,"enemies":"The Guardian","floor":16.0,"turns":12.0},{"damage":0.0,"enemies":"Chosen","floor":18.0,"turns":5.0},{"damage":5.0,"enemies":"3 Byrds","floor":19.0,"turns":6.0},{"damage":19.0,"enemies":"Sentry and Sphere","floor":22.0,"turns":8.0},{"damage":27.0,"enemies":"Book of Stabbing","floor":23.0,"turns":8.0},{"damage":0.0,"enemies":"Centurion and Healer","floor":25.0,"turns":8.0},{"damage":19,"enemies":"Cultist and Chosen","floor":28,"turns":7},{"damage":8,"enemies":"Shelled Parasite and Fungi","floor":30,"turns":6},{"damage":43,"enemies":"Slavers","floor":31,"turns":3}],"seed_played":"-7266146151561833712","potions_obtained":[{"floor":1.0,"key":"PowerPotion"},{"floor":13.0,"key":"Fire Potion"},{"floor":14.0,"key":"Explosive Potion"},{"floor":16.0,"key":"Energy Potion"},{"floor":18.0,"key":"FairyPotion"},{"floor":22.0,"key":"AttackPotion"}],"is_trial":false,"path_per_floor":["M","$","?","M","?","R","?","E","T","M","M","M","E","M","R","B",null,"M","M","$","?","M","E","?","M","T","R","M","R","M","E"],"character_chosen":"THE_SILENT","items_purchased":["Torii","Noxious Fumes","Ornamental Fan"],"campfire_rested":4,"item_purchase_floors":[2,2,20],"current_hp_per_floor":[43,43,29,28,28,49,49,37,37,37,35,35,19,19,40,27,70,70,65,65,52,33,6,6,6,6,28,9,31,23,0],"gold":50,"neow_bonus":"TWO_FIFTY_GOLD","is_prod":false,"is_daily":false,"chose_seed":false,"campfire_upgraded":0,"win_rate":0,"timestamp":1556239132,"path_taken":["M","$","?","M","?","R","?","E","T","M","?","M","E","M","R","BOSS","M","M","$","?","M","E","?","M","T","R","M","R","M","E"],"build_version":"2019-01-23","purchased_purges":0,"victory":false,"max_hp_per_floor":[70,70,70,70,70,70,70,70,70,70,70,70,70,70,70,70,70,70,70,70,75,75,75,75,75,75,75,75,75,75,75],"card_choices":[{"not_picked":["Bouncing Flask","Blade Dance"],"picked":"Backflip","floor":1.0},{"not_picked":["Deflect","Bane"],"picked":"Dodge and Roll","floor":4.0},{"not_picked":["Dagger Spray","Poisoned Stab"],"picked":"Acrobatics","floor":8.0},{"not_picked":["Dagger Throw","Slice"],"picked":"PiercingWail","floor":10.0},{"not_picked":["Dagger Spray","Flying Knee"],"picked":"Glass Knife","floor":11.0},{"not_picked":["Bane","Catalyst"],"picked":"Backstab","floor":12.0},{"not_picked":["Accuracy","Underhanded Strike","Sucker Punch"],"picked":"SKIP","floor":13.0},{"not_picked":["Bane","Masterful Stab","Skewer"],"picked":"SKIP","floor":14.0},{"not_picked":["Die Die Die","Grand Finale"],"picked":"After Image","floor":16.0},{"not_picked":["Cloak And Dagger","Heel Hook"],"picked":"Infinite Blades+1","floor":18.0},{"not_picked":["Flechettes","Dagger Spray","Quick Slash+1"],"picked":"SKIP","floor":19.0},{"not_picked":["Choke","Blade Dance"],"picked":"Acrobatics+1","floor":22.0},{"not_picked":["Underhanded Strike","Escape Plan"],"picked":"PiercingWail","floor":23.0},{"not_picked":["Backflip","Cloak And Dagger"],"picked":"A Thousand Cuts","floor":25},{"not_picked":["Quick Slash","Riddle With Holes"],"picked":"Bane+1","floor":28},{"not_picked":["Dash","Expertise"],"picked":"Backflip","floor":30}],"player_experience":182814,"relics_obtained":[{"floor":8.0,"key":"Orichalcum"},{"floor":13.0,"key":"Happy Flower"},{"floor":23.0,"key":"Letter Opener"},{"floor":26,"key":"Bottled Tornado"}],"event_choices":[{"damage_healed":0.0,"max_hp_gain":0.0,"max_hp_loss":0.0,"gold_gain":0.0,"event_name":"Shining Light","player_choice":"Entered Light","floor":3.0,"gold_loss":0.0,"damage_taken":14.0,"cards_upgraded":["Strike_G","Defend_G"]},{"damage_healed":0.0,"max_hp_gain":0.0,"max_hp_loss":0.0,"gold_gain":0.0,"event_name":"Liars Game","player_choice":"Ignored","floor":5.0,"gold_loss":0.0,"damage_taken":0.0},{"damage_healed":0.0,"max_hp_gain":0.0,"max_hp_loss":0.0,"gold_gain":0.0,"event_name":"FaceTrader","player_choice":"Trade","floor":7.0,"gold_loss":0.0,"damage_taken":0.0,"relics_obtained":["NlothsMask"]},{"damage_healed":0.0,"max_hp_gain":5.0,"max_hp_loss":0.0,"gold_gain":0.0,"event_name":"Forgotten Altar","player_choice":"Shed Blood","floor":21.0,"gold_loss":0.0,"damage_taken":18.0},{"cards_removed":["Strike_G"],"damage_healed":0.0,"max_hp_gain":0.0,"max_hp_loss":0.0,"gold_gain":0.0,"event_name":"Beggar","player_choice":"Gave Gold","floor":24.0,"gold_loss":75.0,"damage_taken":0.0}],"is_beta":false,"boss_relics":[{"not_picked":["WristBlade","Ectoplasm"],"picked":"Philosopher\u0027s Stone"}],"items_purged_floors":[],"is_endless":false,"potions_floor_spawned":[1,13,14,16,18,22],"killed_by":"Slavers","ascension_level":4}