{"gold_per_floor":[109,3,23,23,33,66,66,97,121,136,168,168,185,146,146,146],"floor_reached":16,"playtime":415,"items_purged":[],"score":240,"play_id":"f1f26d9f-2615-4da8-b9e6-3f22aa06d129","local_time":"20190408134108","is_ascension_mode":true,"campfire_choices":[{"data":"Immolate","floor":7.0,"key":"SMITH"},{"data":"True Grit","floor":15.0,"key":"SMITH"}],"neow_cost":"NONE","seed_source_timestamp":0,"circlet_count":0,"master_deck":["AscendersBane","Strike_R+1","Strike_R","Strike_R","Strike_R","Strike_R","Defend_R","Defend_R","Defend_R","Defend_R","Bash","Twin Strike","Anger+1","Bash","Immolate+1","Uppercut","Metallicize","True Grit+1"],"special_seed":0,"relics":["Burning Blood","NeowsBlessing","Bronze Scales","Whetstone","Art of War","Boot"],"potions_floor_usage":[16],"damage_taken":[{"damage":0.0,"enemies":"Jaw Worm","floor":1.0,"turns":1.0},{"damage":0.0,"enemies":"Cultist","floor":3.0,"turns":1.0},{"damage":0.0,"enemies":"2 Louse","floor":5.0,"turns":1.0},{"damage":32.0,"enemies":"Lagavulin","floor":6.0,"turns":5.0},{"damage":10.0,"enemies":"3 Sentries","floor":8.0,"turns":4.0},{"damage":6.0,"enemies":"Looter","floor":10.0,"turns":2.0},{"damage":20.0,"enemies":"Lagavulin","floor":11.0,"turns":5.0},{"damage":16.0,"enemies":"Exordium Wildlife","floor":13.0,"turns":3.0},{"damage":25,"enemies":"The Guardian","floor":16,"turns":9}],"seed_played":"-5706628332806298154","potions_obtained":[{"floor":3.0,"key":"Energy Potion"},{"floor":10.0,"key":"PowerPotion"}],"is_trial":false,"path_per_floor":["M","$","M","?","M","E","R","E","T","M","E","?","M","?","R","B"],"character_chosen":"IRONCLAD","items_purchased":["Anger","AttackPotion"],"campfire_rested":0,"item_purchase_floors":[2,2],"current_hp_per_floor":[74,74,75,75,75,49,49,45,45,45,31,31,21,21,21,0],"gold":146,"neow_bonus":"THREE_ENEMY_KILL","is_prod":false,"is_daily":false,"chose_seed":false,"campfire_upgraded":2,"win_rate":0,"timestamp":1554723668,"path_taken":["M","$","M","?","M","E","R","E","T","?","E","?","M","?","R","BOSS"],"build_version":"2019-01-23","purchased_purges":0,"victory":false,"max_hp_per_floor":[75,75,75,75,75,75,75,75,75,75,75,75,75,75,75,75],"card_choices":[{"not_picked":["Dual Wield","Headbutt"],"picked":"Twin Strike","floor":1.0},{"not_picked":["Body Slam","Twin Strike","Searing Blow"],"picked":"SKIP","floor":3.0},{"not_picked":["Thunderclap","Rage","Havoc"],"picked":"SKIP","floor":5.0},{"not_picked":["Shrug It Off","Barricade"],"picked":"Immolate","floor":6.0},{"not_picked":["Sword Boomerang","Fire Breathing","Hemokinesis"],"picked":"SKIP","floor":8.0},{"not_picked":["Second Wind","Pummel"],"picked":"Uppercut","floor":10.0},{"not_picked":["Bloodletting","Power Through"],"picked":"Metallicize","floor":11.0},{"not_picked":["Perfected Strike","Havoc"],"picked":"True Grit","floor":13.0}],"player_experience":1420185,"relics_obtained":[{"floor":6.0,"key":"Bronze Scales"},{"floor":8.0,"key":"Whetstone"},{"floor":9.0,"key":"Art of War"},{"floor":11.0,"key":"Boot"}],"event_choices":[{"damage_healed":0.0,"max_hp_gain":0.0,"max_hp_loss":0.0,"gold_gain":0.0,"event_name":"Match and Keep!","player_choice":"1 cards matched","floor":4.0,"gold_loss":0.0,"damage_taken":0.0,"cards_obtained":["Bash"]},{"damage_healed":0.0,"max_hp_gain":0.0,"max_hp_loss":0.0,"gold_gain":0.0,"event_name":"Liars Game","player_choice":"Ignored","floor":12.0,"gold_loss":0.0,"damage_taken":0.0},{"damage_healed":0.0,"max_hp_gain":0.0,"max_hp_loss":0.0,"gold_gain":0.0,"event_name":"World of Goop","player_choice":"Left Gold","floor":14.0,"gold_loss":39.0,"damage_taken":0.0}],"is_beta":false,"boss_relics":[],"items_purged_floors":[],"is_endless":false,"potions_floor_spawned":[3,10],"killed_by":"The Guardian","ascension_level":20}