{"gold_per_floor":[119,134,36,36,36,68,81,99,126,146,181,201,201,201,201,298,298,310,310,325,325,339,365,365,365],"floor_reached":25,"playtime":1315,"items_purged":["Strike_R"],"score":320,"play_id":"758917df-b7aa-428e-822a-76e090c11e44","local_time":"20190409034500","is_ascension_mode":true,"campfire_choices":[{"floor":13,"key":"REST"},{"data":"Corruption","floor":15,"key":"SMITH"},{"data":"Flame Barrier","floor":24,"key":"SMITH"}],"neow_cost":"NONE","seed_source_timestamp":437486121879772,"circlet_count":0,"master_deck":["Strike_R","Strike_R","Defend_R+1","Defend_R+1","Defend_R","Defend_R","Bash","Rampage","Iron Wave","Clothesline","Flame Barrier+1","Battle Trance","Corruption+1","Double Tap","True Grit+1","Shockwave"],"relics":["Burning Blood","NeowsBlessing","Dream Catcher","Ancient Tea Set","War Paint","Odd Mushroom","Coffee Dripper","Nilry\u0027s Codex","Ornamental Fan"],"potions_floor_usage":[16,16,16,23],"damage_taken":[{"damage":0,"enemies":"Small Slimes","floor":1,"turns":1},{"damage":0,"enemies":"Cultist","floor":2,"turns":1},{"damage":0,"enemies":"Lagavulin","floor":6,"turns":1},{"damage":7,"enemies":"Jaw Worm","floor":7,"turns":3},{"damage":3,"enemies":"Looter","floor":8,"turns":3},{"damage":9,"enemies":"3 Louse","floor":10,"turns":6},{"damage":38,"enemies":"3 Sentries","floor":11,"turns":12},{"damage":26,"enemies":"The Mushroom Lair","floor":12,"turns":6},{"damage":13,"enemies":"Hexaghost","floor":16,"turns":9},{"damage":0,"enemies":"3 Byrds","floor":18,"turns":4},{"damage":5,"enemies":"Shell Parasite","floor":20,"turns":5},{"damage":23,"enemies":"Centurion and Healer","floor":22,"turns":7},{"damage":31,"enemies":"Book of Stabbing","floor":23,"turns":7},{"damage":23,"enemies":"Gremlin Leader","floor":25,"turns":7}],"seed_played":"8477235173264189363","potions_obtained":[{"floor":1,"key":"Ancient Potion"},{"floor":7,"key":"EntropicBrew"},{"floor":8,"key":"Dexterity Potion"},{"floor":18,"key":"Dexterity Potion"},{"floor":22,"key":"AttackPotion"}],"is_trial":false,"path_per_floor":["?","M","?","?","?","?"],"character_chosen":"IRONCLAD","items_purchased":["Clothesline"],"campfire_rested":1,"item_purchase_floors":[3],"current_hp_per_floor":[80,80,80,80,80,80,79,80,80,77,45,25,49,42,42,35,69,75,59,60,60,43,18,18,0],"gold":365,"neow_bonus":"THREE_ENEMY_KILL","is_prod":false,"is_daily":false,"chose_seed":false,"campfire_upgraded":2,"win_rate":0,"timestamp":1554756300,"path_taken":["M","M","$","?","$","E","M","?","T","M","E","?","R","?","R","BOSS","M","?","M","?","M","E","R","E"],"build_version":"2019-01-23","purchased_purges":1,"victory":false,"max_hp_per_floor":[80,80,80,80,80,80,80,80,80,80,80,80,80,80,80,80,80,80,80,80,80,80,80,80,80],"card_choices":[{"not_picked":["Warcry","Rage"],"picked":"Rampage","floor":1},{"not_picked":["Cleave","Sentinel"],"picked":"Iron Wave","floor":2},{"not_picked":["Warcry","Twin Strike"],"picked":"Flame Barrier","floor":6},{"not_picked":["Clash","Exhume","Havoc"],"picked":"SKIP","floor":7},{"not_picked":["Heavy Blade","Twin Strike","Clash"],"picked":"SKIP","floor":8},{"not_picked":["Fire Breathing","Perfected Strike","Twin Strike"],"picked":"SKIP","floor":10},{"not_picked":["Reaper","Evolve"],"picked":"Battle Trance","floor":11},{"not_picked":["Armaments","Havoc"],"picked":"Corruption","floor":13},{"not_picked":["Bludgeon","Reaper"],"picked":"Double Tap","floor":16},{"not_picked":["Warcry","Wild Strike+1"],"picked":"True Grit+1","floor":18},{"not_picked":["Clothesline","Thunderclap+1","Ghostly Armor"],"picked":"SKIP","floor":20},{"not_picked":["Burning Pact","Anger","Intimidate"],"picked":"SKIP","floor":22},{"not_picked":["Sword Boomerang","Perfected Strike+1"],"picked":"Shockwave","floor":23}],"player_experience":177489,"relics_obtained":[{"floor":6,"key":"Dream Catcher"},{"floor":9,"key":"Ancient Tea Set"},{"floor":11,"key":"War Paint"},{"floor":12,"key":"Odd Mushroom"},{"floor":19,"key":"Nilry\u0027s Codex"},{"floor":23,"key":"Ornamental Fan"}],"event_choices":[{"cards_removed":["Strike_R"],"damage_healed":0,"gold_gain":0,"player_choice":"Offered Basic","damage_taken":0,"max_hp_gain":0,"max_hp_loss":0,"event_name":"Bonfire Elementals","floor":4,"gold_loss":0},{"damage_healed":0,"gold_gain":0,"player_choice":"Fought Mushrooms","damage_taken":0,"max_hp_gain":0,"max_hp_loss":0,"event_name":"Mushrooms","floor":12,"gold_loss":0},{"cards_removed":["Strike_R"],"damage_healed":0,"gold_gain":0,"player_choice":"Card Removal","damage_taken":7,"max_hp_gain":0,"max_hp_loss":0,"event_name":"Golden Wing","floor":14,"gold_loss":0},{"damage_healed":0,"gold_gain":0,"player_choice":"Obtained Book","damage_taken":16,"max_hp_gain":0,"max_hp_loss":0,"event_name":"Cursed Tome","floor":19,"gold_loss":0},{"damage_healed":0,"gold_gain":0,"player_choice":"Ignored","damage_taken":0,"max_hp_gain":0,"max_hp_loss":0,"event_name":"Ghosts","floor":21,"gold_loss":0}],"is_beta":false,"boss_relics":[{"not_picked":["Eternal Feather","Black Star"],"picked":"Coffee Dripper"}],"items_purged_floors":[3],"is_endless":false,"potions_floor_spawned":[1,7,8,18,22],"killed_by":"Gremlin Leader","ascension_level":5}