{"gold_per_floor":[19,36,36,48,61,61,72,22,49,60,74,74,24,14,14,113,113,123,38,38,48,64,64,83,101,127,127,52,72,86,86],"floor_reached":31,"playtime":4443,"items_purged":["Strike_G"],"score":306,"play_id":"715bf5e6-8633-4161-9959-fa1cabc78753","local_time":"20190417013843","is_ascension_mode":true,"campfire_choices":[{"data":"Envenom","floor":6,"key":"SMITH"},{"floor":12,"key":"REST"},{"floor":15,"key":"REST"},{"data":"Burst","floor":23,"key":"SMITH"},{"floor":27,"key":"REST"}],"neow_cost":"NO_GOLD","seed_source_timestamp":8701107953921,"circlet_count":0,"master_deck":["Defend_G","Defend_G","Defend_G","Defend_G","Strike_G","Strike_G","Survivor","Neutralize","Envenom+1","Deadly Poison","Noxious Fumes","Deadly Poison","After Image","Dodge and Roll","Blade Dance","Deflect","Endless Agony","Burst+1","Cloak And Dagger","Adrenaline","Tools of the Trade","Burst","Blade Dance+1","Riddle With Holes","Noxious Fumes"],"relics":["Ring of the Snake","Dream Catcher","Smiling Mask","Philosopher\u0027s Stone","Happy Flower","Anchor"],"potions_floor_usage":[5,7,16,18,18,29,31],"damage_taken":[{"damage":2,"enemies":"Cultist","floor":1,"turns":4},{"damage":0,"enemies":"Small Slimes","floor":2,"turns":3},{"damage":0,"enemies":"2 Louse","floor":4,"turns":3},{"damage":26,"enemies":"Exordium Wildlife","floor":5,"turns":7},{"damage":20,"enemies":"Gremlin Gang","floor":7,"turns":5},{"damage":7,"enemies":"3 Louse","floor":10,"turns":5},{"damage":4,"enemies":"Large Slime","floor":11,"turns":6},{"damage":8,"enemies":"Exordium Thugs","floor":14,"turns":5},{"damage":25,"enemies":"The Guardian","floor":16,"turns":9},{"damage":9,"enemies":"Shell Parasite","floor":18,"turns":5},{"damage":4,"enemies":"2 Thieves","floor":21,"turns":5},{"damage":9,"enemies":"Chosen and Byrds","floor":22,"turns":6},{"damage":25,"enemies":"Shelled Parasite and Fungi","floor":24,"turns":6},{"damage":0,"enemies":"Centurion and Healer","floor":25,"turns":6},{"damage":18,"enemies":"Snecko","floor":29,"turns":6},{"damage":9,"enemies":"3 Cultists","floor":30,"turns":5},{"damage":6,"enemies":"Book of Stabbing","floor":31,"turns":2}],"seed_played":"-6275816176370842281","potions_obtained":[{"floor":4,"key":"SkillPotion"},{"floor":5,"key":"SkillPotion"},{"floor":10,"key":"LiquidBronze"},{"floor":14,"key":"SpeedPotion"},{"floor":16,"key":"SkillPotion"},{"floor":25,"key":"SteroidPotion"},{"floor":29,"key":"SteroidPotion"}],"is_trial":false,"path_per_floor":["M","T","M","$","?","?","?","M"],"character_chosen":"THE_SILENT","items_purchased":["PowerPotion"],"campfire_rested":3,"item_purchase_floors":[8],"current_hp_per_floor":[61,61,61,61,35,35,15,15,15,8,4,25,25,17,38,13,56,47,47,47,43,34,34,9,9,9,30,30,12,3,0],"gold":86,"neow_bonus":"THREE_RARE_CARDS","is_prod":false,"is_daily":false,"chose_seed":false,"campfire_upgraded":2,"win_rate":0,"timestamp":1555439923,"path_taken":["M","?","?","?","M","R","M","?","T","M","M","R","$","M","R","BOSS","M","?","?","M","M","R","M","M","T","R","?","M","?","E"],"build_version":"2019-01-23","purchased_purges":1,"victory":false,"max_hp_per_floor":[70,70,70,70,70,70,70,70,70,70,70,70,70,70,70,70,70,70,70,70,70,70,70,70,70,70,70,70,70,70,70],"card_choices":[{"not_picked":["Unload","Tools of the Trade"],"picked":"Envenom","floor":0},{"not_picked":["Prepared","Flechettes","Underhanded Strike"],"picked":"SKIP","floor":1},{"not_picked":["Poisoned Stab","Flechettes"],"picked":"Deadly Poison","floor":2},{"not_picked":["Blade Dance","Die Die Die"],"picked":"Noxious Fumes","floor":4},{"not_picked":["PiercingWail","Cloak And Dagger"],"picked":"Deadly Poison","floor":5},{"not_picked":["Cloak And Dagger","Leg Sweep"],"picked":"After Image","floor":7},{"not_picked":["Concentrate","Poisoned Stab"],"picked":"Dodge and Roll","floor":10},{"not_picked":["Acrobatics","Slice","Predator"],"picked":"SKIP","floor":11},{"not_picked":["Concentrate","Heel Hook"],"picked":"Blade Dance","floor":12},{"not_picked":["Venomology","Skewer"],"picked":"Deflect","floor":14},{"not_picked":["Prepared","Acrobatics"],"picked":"Endless Agony","floor":15},{"not_picked":["Night Terror","Bullet Time"],"picked":"Burst","floor":16},{"not_picked":["Flying Knee","Distraction"],"picked":"Cloak And Dagger","floor":18},{"not_picked":["Predator","Prepared","Slice"],"picked":"SKIP","floor":21},{"not_picked":["Dodge and Roll","Bane"],"picked":"Burst","floor":22},{"not_picked":["Sucker Punch","Skewer+1"],"picked":"Blade Dance+1","floor":24},{"not_picked":["Quick Slash","Sucker Punch"],"picked":"Riddle With Holes","floor":25},{"not_picked":["Sucker Punch+1","Dagger Spray","Poisoned Stab"],"picked":"SKIP","floor":29},{"not_picked":["Quick Slash","Underhanded Strike"],"picked":"Noxious Fumes","floor":30}],"player_experience":236826,"relics_obtained":[{"floor":3,"key":"Dream Catcher"},{"floor":9,"key":"Smiling Mask"},{"floor":26,"key":"Anchor"}],"event_choices":[{"damage_healed":0,"gold_gain":0,"player_choice":"Obtained Relic","damage_taken":0,"relics_obtained":["Happy Flower"],"max_hp_gain":0,"max_hp_loss":0,"event_name":"Addict","floor":19,"gold_loss":85},{"damage_healed":0,"gold_gain":0,"cards_transformed":["Strike_G","Defend_G"],"player_choice":"Became Test Subject","damage_taken":0,"max_hp_gain":0,"max_hp_loss":0,"event_name":"Drug Dealer","floor":20,"gold_loss":0,"cards_obtained":["Adrenaline","Tools of the Trade"]},{"cards_removed":["Strike_G"],"damage_healed":0,"gold_gain":0,"player_choice":"Gave Gold","damage_taken":0,"max_hp_gain":0,"max_hp_loss":0,"event_name":"Beggar","floor":28,"gold_loss":75}],"is_beta":false,"boss_relics":[{"not_picked":["Fusion Hammer","Snecko Eye"],"picked":"Philosopher\u0027s Stone"}],"items_purged_floors":[13],"is_endless":false,"potions_floor_spawned":[4,5,10,14,16,25,29],"killed_by":"Book of Stabbing","ascension_level":6}