{"gold_per_floor":[117,70,70,89,40,66,66,84,139,169,169,186,204,204,204,204],"floor_reached":16,"playtime":617,"items_purged":[],"score":236,"play_id":"792955dd-ad41-410d-ae27-497d284ba43b","local_time":"20190406145855","is_ascension_mode":true,"campfire_choices":[{"data":"Perfected Strike","floor":7,"key":"SMITH"},{"data":"True Grit","floor":15,"key":"SMITH"}],"neow_cost":"NONE","seed_source_timestamp":6036974428224,"circlet_count":0,"master_deck":["AscendersBane","Strike_R","Strike_R","Strike_R","Strike_R","Strike_R","Defend_R","Defend_R","Defend_R","Defend_R","Bash","Perfected Strike+1","Wild Strike","Havoc","Armaments+1","Twin Strike","Inflame","Flame Barrier","True Grit+1"],"relics":["Burning Blood","NeowsBlessing","Anchor","Tiny Chest","Torii","Golden Idol"],"potions_floor_usage":[16,16],"damage_taken":[{"damage":0,"enemies":"2 Louse","floor":1,"turns":1},{"damage":0,"enemies":"Cultist","floor":4,"turns":1},{"damage":0,"enemies":"Lagavulin","floor":6,"turns":1},{"damage":0,"enemies":"Jaw Worm","floor":8,"turns":1},{"damage":40,"enemies":"3 Sentries","floor":10,"turns":10},{"damage":0,"enemies":"Looter","floor":12,"turns":1},{"damage":2,"enemies":"3 Louse","floor":13,"turns":4},{"damage":27,"enemies":"Slime Boss","floor":16,"turns":14}],"seed_played":"-4957915319059412530","potions_obtained":[{"floor":1,"key":"SpeedPotion"},{"floor":4,"key":"LiquidBronze"},{"floor":10,"key":"SkillPotion"}],"is_trial":false,"path_per_floor":["M","$","?","M","$","E","R","M","T","E","?","M","M","?","R","B"],"character_chosen":"IRONCLAD","items_purchased":["Wild Strike","Armaments"],"campfire_rested":0,"item_purchase_floors":[2,5],"current_hp_per_floor":[74,74,74,75,75,75,75,75,75,41,41,47,51,25,25,0],"gold":204,"neow_bonus":"THREE_ENEMY_KILL","is_prod":false,"is_daily":false,"chose_seed":false,"campfire_upgraded":2,"win_rate":0,"timestamp":1554573535,"path_taken":["M","$","?","M","?","E","R","?","T","E","?","M","M","?","R","BOSS"],"build_version":"2019-01-23","purchased_purges":0,"victory":false,"max_hp_per_floor":[75,75,75,75,75,75,75,75,75,75,75,75,75,75,75,75],"card_choices":[{"not_picked":["Metallicize","Cleave"],"picked":"Perfected Strike","floor":1},{"not_picked":["Warcry","Metallicize"],"picked":"Havoc","floor":4},{"not_picked":["Burning Pact","Metallicize"],"picked":"Twin Strike","floor":6},{"not_picked":["Sword Boomerang","Iron Wave"],"picked":"Inflame","floor":8},{"not_picked":["Brutality","Reaper","Exhume"],"picked":"SKIP","floor":10},{"not_picked":["Pommel Strike","Armaments"],"picked":"Flame Barrier","floor":12},{"not_picked":["Body Slam","Second Wind"],"picked":"True Grit","floor":13}],"player_experience":528838,"relics_obtained":[{"floor":6,"key":"Anchor"},{"floor":9,"key":"Tiny Chest"},{"floor":10,"key":"Torii"}],"event_choices":[{"damage_healed":0,"gold_gain":0,"player_choice":"Ignored","damage_taken":0,"max_hp_gain":0,"max_hp_loss":0,"event_name":"Purifier","floor":3,"gold_loss":0},{"damage_healed":0,"gold_gain":0,"player_choice":"Grow","damage_taken":0,"max_hp_gain":0,"max_hp_loss":0,"event_name":"Living Wall","floor":11,"gold_loss":0,"cards_upgraded":["Armaments"]},{"damage_healed":0,"gold_gain":0,"player_choice":"Take Damage","damage_taken":26,"relics_obtained":["Golden Idol"],"max_hp_gain":0,"max_hp_loss":0,"event_name":"Golden Idol","floor":14,"gold_loss":0}],"is_beta":false,"boss_relics":[],"items_purged_floors":[],"is_endless":false,"potions_floor_spawned":[1,4,10],"killed_by":"Slime Boss","ascension_level":15}