{"gold_per_floor":[117,128,143,47,58,89,89,103,172,172,18,52,62,80,80,180,180,195,294,294,394,409,409,422,347,347,347,375,388,415,415,415,415],"floor_reached":33,"playtime":1565,"items_purged":[],"score":451,"play_id":"aa953ec6-ad05-418a-bbe0-ca8b9c0f223e","local_time":"20180831165912","is_ascension_mode":true,"campfire_choices":[{"floor":10,"key":"REST"},{"data":"Iron Wave","floor":15,"key":"SMITH"},{"floor":23,"key":"REST"},{"floor":27,"key":"REST"},{"floor":32,"key":"REST"}],"neow_cost":"","seed_source_timestamp":371578720221081,"circlet_count":0,"master_deck":["Strike_R","Strike_R","Strike_R","Defend_R","Defend_R","Defend_R","Defend_R","Bash+1","Thunderclap","Iron Wave","Dropkick","Seeing Red","Feed","Iron Wave+1","Cleave","Thunderclap+1"],"relics":["Burning Blood","Nunchaku","Champion Belt","Singing Bowl","Strawberry","Dream Catcher","Velvet Choker","Peace Pipe","Shuriken","StoneCalendar","Bottled Lightning","Blue Candle"],"potions_floor_usage":[6,12,16,18,29,33],"damage_taken":[{"damage":11,"enemies":"Small Slimes","floor":1,"turns":4},{"damage":1,"enemies":"Cultist","floor":2,"turns":3},{"damage":11,"enemies":"Jaw Worm","floor":3,"turns":4},{"damage":16,"enemies":"2 Fungi Beasts","floor":5,"turns":4},{"damage":41,"enemies":"Lagavulin","floor":6,"turns":7},{"damage":5,"enemies":"Red Slaver","floor":8,"turns":3},{"damage":10,"enemies":"3 Sentries","floor":12,"turns":5},{"damage":2,"enemies":"Looter","floor":13,"turns":3},{"damage":7,"enemies":"Exordium Wildlife","floor":14,"turns":3},{"damage":32,"enemies":"The Guardian","floor":16,"turns":13},{"damage":29,"enemies":"Spheric Guardian","floor":18,"turns":6},{"damage":19,"enemies":"Colosseum Slavers","floor":21,"turns":4},{"damage":36,"enemies":"Colosseum Nobs","floor":21,"turns":6},{"damage":11,"enemies":"2 Thieves","floor":22,"turns":3},{"damage":11,"enemies":"Snecko","floor":24,"turns":5},{"damage":28,"enemies":"Slavers","floor":28,"turns":6},{"damage":22,"enemies":"Snake Plant","floor":29,"turns":4},{"damage":38,"enemies":"Book of Stabbing","floor":30,"turns":5},{"damage":80,"enemies":"Champ","floor":33,"turns":11}],"seed_played":"-3579296984306765629","potions_obtained":[{"floor":2,"key":"BloodPotion"},{"floor":6,"key":"Explosive Potion"},{"floor":13,"key":"Swift Potion"},{"floor":14,"key":"GamblersBrew"},{"floor":21,"key":"Ancient Potion"},{"floor":28,"key":"AttackPotion"},{"floor":30,"key":"LiquidBronze"}],"is_trial":false,"path_per_floor":["M","M","M","?","M","E","?","M","T","R","$","E","M","M","R","B",null,"M","?","?","?","M","R","M","?","T","R","E","M","E","$","R"],"character_chosen":"IRONCLAD","items_purchased":["Strawberry"],"campfire_rested":4,"item_purchase_floors":[11],"current_hp_per_floor":[67,72,67,67,57,30,30,31,31,55,62,61,67,71,71,50,89,66,66,66,26,26,61,58,58,58,94,77,63,33,33,72,0],"gold":415,"neow_bonus":"","is_prod":false,"is_daily":false,"chose_seed":false,"campfire_upgraded":1,"win_rate":0,"timestamp":1535727552,"path_taken":["M","M","M","?","M","E","?","M","T","R","?","E","?","?","R","BOSS","M","?","?","?","?","R","M","?","T","R","E","M","E","$","R","BOSS"],"build_version":"2018-08-30","purchased_purges":0,"victory":false,"max_hp_per_floor":[80,80,80,80,80,80,80,80,80,80,87,90,92,97,97,102,102,102,102,102,105,110,112,114,114,114,116,121,123,125,125,127,127],"card_choices":[{"not_picked":["Heavy Blade","Wild Strike"],"picked":"Thunderclap","floor":1},{"not_picked":["Pommel Strike","Feel No Pain"],"picked":"Iron Wave","floor":2},{"not_picked":["Bloodletting","Perfected Strike"],"picked":"Dropkick","floor":3},{"not_picked":["Body Slam","Wild Strike","Evolve"],"picked":"SKIP","floor":5},{"not_picked":["Perfected Strike","Armaments"],"picked":"Seeing Red","floor":6},{"not_picked":["Bloodletting","Headbutt"],"picked":"Feed","floor":8},{"not_picked":["Havoc","Flame Barrier"],"picked":"Iron Wave","floor":12},{"not_picked":["Pommel Strike","Searing Blow","Flex"],"picked":"Singing Bowl","floor":13},{"not_picked":["Armaments","Twin Strike","Warcry"],"picked":"Singing Bowl","floor":14},{"not_picked":["Feed","Barricade","Immolate"],"picked":"Singing Bowl","floor":16},{"not_picked":["Clothesline","Dropkick"],"picked":"Cleave","floor":18},{"not_picked":["Shockwave","Fire Breathing+1"],"picked":"Thunderclap+1","floor":21},{"not_picked":["Iron Wave","Bloodletting","Anger"],"picked":"Singing Bowl","floor":22},{"not_picked":["Havoc","Headbutt+1","Clothesline"],"picked":"Singing Bowl","floor":23},{"not_picked":["Rage","Headbutt","Sword Boomerang"],"picked":"Singing Bowl","floor":24},{"not_picked":["Second Wind+1","Pommel Strike","Twin Strike"],"picked":"Singing Bowl","floor":27},{"not_picked":["Clash+1","Hemokinesis+1","Metallicize"],"picked":"Singing Bowl","floor":28},{"not_picked":["True Grit","Iron Wave","Wild Strike"],"picked":"Singing Bowl","floor":29},{"not_picked":["Bloodletting+1","Perfected Strike","Shockwave+1"],"picked":"Singing Bowl","floor":30},{"not_picked":["Corruption","Burning Pact","Whirlwind"],"picked":"Singing Bowl","floor":32}],"player_experience":292946,"relics_obtained":[{"floor":6,"key":"Champion Belt"},{"floor":9,"key":"Singing Bowl"},{"floor":12,"key":"Dream Catcher"},{"floor":21,"key":"Peace Pipe"},{"floor":21,"key":"Shuriken"},{"floor":26,"key":"StoneCalendar"},{"floor":28,"key":"Bottled Lightning"},{"floor":30,"key":"Blue Candle"}],"event_choices":[{"event_name":"WeMeetAgain","player_choice":"Gold","floor":4,"damage_taken":0},{"event_name":"Upgrade Shrine","player_choice":"Upgraded","floor":7,"damage_taken":0},{"event_name":"Nest","player_choice":"Stole From Cult","floor":19,"damage_taken":0},{"event_name":"Purifier","player_choice":"One Purge","floor":20,"damage_taken":0},{"event_name":"Colosseum","player_choice":"Fight","floor":21,"damage_taken":0},{"event_name":"Colosseum","player_choice":"Fought Nobs","floor":21,"damage_taken":0},{"event_name":"Beggar","player_choice":"Gave Gold","floor":25,"damage_taken":0}],"is_beta":false,"boss_relics":[{"not_picked":["Runic Pyramid","Lizard Tail"],"picked":"Velvet Choker"}],"items_purged_floors":[],"is_endless":false,"potions_floor_spawned":[2,6,13,14,21,21,28,30],"killed_by":"Champ","ascension_level":7}