{"path_per_floor":["M","M","?","$","?","?","T","R","T","M","E","M","?","M","R","B",null,"M","?","?","M","M"],"character_chosen":"DEFECT","items_purchased":["Cold Snap","Hologram","Capacitor"],"gold_per_floor":[114,127,127,4,179,254,280,280,280,297,326,339,439,453,453,552,552,571,496,411,427,438,438],"floor_reached":23,"campfire_rested":0,"playtime":1163,"current_hp_per_floor":[67,67,72,72,72,61,61,61,61,61,41,41,41,41,41,14,73,50,50,50,40,25,0],"items_purged":[],"gold":438,"score":191,"play_id":"b3bfb519-6195-4d88-bb33-aaf4a8ee5fee","local_time":"20180505145822","is_prod":false,"is_daily":false,"chose_seed":false,"is_ascension_mode":false,"campfire_upgraded":0,"timestamp":1525557502,"path_taken":["M","?","?","$","?","?","?","R","T","M","E","M","?","M","R","BOSS","M","?","?","M","M","E"],"build_version":"2018-05-03","seed_source_timestamp":850758399297150,"purchased_purges":0,"victory":false,"master_deck":["Strike_B","Strike_B","Strike_B","Strike_B","Defend_B","Defend_B","Defend_B","Defend_B","Zap","Dualcast","Conserve Battery","Go for the Eyes","Cold Snap","Hologram","Capacitor","Leap","Ball Lightning","Consume","Capacitor","All For One","Tempest+1","Melter","Cold Snap"],"max_hp_per_floor":[68,68,73,73,73,73,73,73,73,73,73,73,73,73,73,73,73,73,73,73,73,73,73],"relics":["Cracked Core","Girya","Orichalcum","Lantern","Bag of Preparation","Inserter","Darkstone Periapt"],"card_choices":[{"not_picked":["Skim","Rebound"],"picked":"Conserve Battery","floor":1},{"not_picked":["Rebound","Doom and Gloom"],"picked":"Go for the Eyes","floor":2},{"not_picked":["Auto Shields","Force Field"],"picked":"Leap","floor":10},{"not_picked":["Nova","Barrage"],"picked":"Ball Lightning","floor":11},{"not_picked":["Double Energy","Sunder"],"picked":"Consume","floor":12},{"not_picked":["Streamline","Aggregate"],"picked":"Capacitor","floor":14},{"not_picked":["Multi-Cast","Biased Cognition"],"picked":"All For One","floor":16},{"not_picked":["BootSequence","Turbo"],"picked":"Tempest","floor":18},{"not_picked":["Buffer","Cold Snap"],"picked":"Melter","floor":21},{"not_picked":["Turbo","Barrage"],"picked":"Cold Snap","floor":22}],"player_experience":23407,"potions_floor_usage":[11,16,16,23],"damage_taken":[{"damage":1,"enemies":"Cultist","floor":1,"turns":3},{"damage":0,"enemies":"2 Louse","floor":2,"turns":2},{"damage":0,"enemies":"Small Slimes","floor":10,"turns":3},{"damage":20,"enemies":"Gremlin Nob","floor":11,"turns":5},{"damage":0,"enemies":"Red Slaver","floor":12,"turns":3},{"damage":0,"enemies":"Large Slime","floor":14,"turns":6},{"damage":27,"enemies":"The Guardian","floor":16,"turns":10},{"damage":23,"enemies":"3 Byrds","floor":18,"turns":6},{"damage":10,"enemies":"Spheric Guardian","floor":21,"turns":4},{"damage":15,"enemies":"Snake Plant","floor":22,"turns":3},{"damage":26,"enemies":"Slavers","floor":23,"turns":2}],"event_choices":[{"event_name":"Big Fish","player_choice":"Donut","floor":3,"damage_taken":0},{"event_name":"Liars Game","player_choice":"agreed","floor":5,"damage_taken":0},{"event_name":"World of Goop","player_choice":"Gather Gold","floor":6,"damage_taken":0},{"event_name":"Golden Shrine","player_choice":"Pray","floor":13,"damage_taken":0},{"event_name":"Beggar","player_choice":"Gave Gold","floor":19,"damage_taken":0},{"event_name":"Addict","player_choice":"Obtained Relic","floor":20,"damage_taken":0}],"boss_relics":[{"not_picked":["Astrolabe","Ectoplasm"],"picked":"Inserter"}],"potions_floor_spawned":[2,12,14,18],"seed_played":"-1429301560859913732","killed_by":"Slavers","ascension_level":0,"is_trial":false}