{"gold_per_floor":[119,119,32,32,48,81,81,115,115,140,156,173,98,457,457,534,534,520,253,253,253,268,295,295,307,332,351,134,160,88,123,123,195,195,211,211,223,223,241,241,58,70,70,70,20,120,137,164,164,164],"floor_reached":51,"playtime":5489,"items_purged":["Strike_B","Strike_B","Strike_B","Strike_B","Parasite"],"score":1521,"play_id":"bcddb014-1c20-42ca-9cd5-09817a1de7ca","local_time":"20190426223314","is_ascension_mode":true,"campfire_choices":[{"floor":7,"key":"REST"},{"data":"Consume","floor":15,"key":"SMITH"},{"floor":24,"key":"REST"},{"data":"Loop","floor":32,"key":"SMITH"},{"data":"Blizzard","floor":40,"key":"SMITH"},{"data":"Loop","floor":44,"key":"SMITH"},{"data":"Echo Form","floor":49,"key":"SMITH"}],"neow_cost":"NONE","seed_source_timestamp":21004384144422,"circlet_count":0,"master_deck":["AscendersBane","Defend_B","Defend_B","Defend_B","Defend_B","Zap+1","Dualcast","Leap","Glacier","Cold Snap","Consume+1","Loop+1","Conserve Battery","Conserve Battery","Seek","Steam","Hologram","Sunder","Glacier","Compile Driver","Reboot","Ball Lightning+1","Apotheosis","Panacea","Blizzard+1","Loop+1","Cold Snap","Echo Form+1","Reinforced Body+1"],"relics":["Cracked Core","Potion Belt","Mercury Hourglass","Dodecahedron","Meat on the Bone","Old Coin","Nuclear Battery","Bag of Preparation","Enchiridion","Calipers","Smiling Mask","Red Mask","Boot","Juzu Bracelet","White Beast Statue","Pen Nib","Thread and Needle","Anchor"],"potions_floor_usage":[6,8,8,16,23,23,23,29,31,33,37,47,47,50,50,50],"damage_taken":[{"damage":0,"enemies":"Small Slimes","floor":1,"turns":3},{"damage":0,"enemies":"Cultist","floor":5,"turns":3},{"damage":39,"enemies":"Gremlin Nob","floor":6,"turns":6},{"damage":18,"enemies":"Lagavulin","floor":8,"turns":7},{"damage":9,"enemies":"3 Sentries","floor":10,"turns":6},{"damage":0,"enemies":"2 Louse","floor":11,"turns":1},{"damage":5,"enemies":"Blue Slaver","floor":12,"turns":3},{"damage":6,"enemies":"3 Sentries","floor":14,"turns":7},{"damage":0,"enemies":"The Guardian","floor":16,"turns":17},{"damage":0,"enemies":"2 Thieves","floor":18,"turns":5},{"damage":1,"enemies":"Shell Parasite","floor":22,"turns":7},{"damage":35,"enemies":"Gremlin Leader","floor":23,"turns":11},{"damage":3,"enemies":"Cultist and Chosen","floor":25,"turns":8},{"damage":15,"enemies":"3 Cultists","floor":27,"turns":8},{"damage":12,"enemies":"Masked Bandits","floor":29,"turns":6},{"damage":10,"enemies":"Slavers","floor":31,"turns":6},{"damage":0,"enemies":"Automaton","floor":33,"turns":19},{"damage":0,"enemies":"Orb Walker","floor":35,"turns":5},{"damage":32,"enemies":"3 Darklings","floor":37,"turns":9},{"damage":0,"enemies":"4 Shapes","floor":39,"turns":6},{"damage":5,"enemies":"Writhing Mass","floor":42,"turns":10},{"damage":0,"enemies":"Mind Bloom Boss Battle","floor":46,"turns":8},{"damage":0,"enemies":"3 Darklings","floor":47,"turns":7},{"damage":0,"enemies":"Giant Head","floor":48,"turns":13},{"damage":22,"enemies":"Time Eater","floor":50,"turns":30}],"seed_played":"548559016578443974","potions_obtained":[{"floor":1,"key":"SneckoOil"},{"floor":4,"key":"Swift Potion"},{"floor":4,"key":"EssenceOfSteel"},{"floor":6,"key":"SteroidPotion"},{"floor":8,"key":"Fruit Juice"},{"floor":11,"key":"Explosive Potion"},{"floor":16,"key":"Swift Potion"},{"floor":18,"key":"Fruit Juice"},{"floor":22,"key":"Strength Potion"},{"floor":29,"key":"Fire Potion"},{"floor":31,"key":"FocusPotion"},{"floor":33,"key":"Strength Potion"},{"floor":35,"key":"AttackPotion"},{"floor":37,"key":"Fire Potion"},{"floor":39,"key":"SteroidPotion"},{"floor":42,"key":"Fire Potion"},{"floor":47,"key":"SkillPotion"},{"floor":48,"key":"FearPotion"}],"is_trial":false,"path_per_floor":["M","?","$","?","M","E","R","E","T","E","M","M","$","?","R","B",null,"M","$","?","?","M","E","R","M","T","M","$","?","?","E","R","B",null,"M","?","M","?","M","R","$","M","T","R","$","?","M","E","R","B",null],"character_chosen":"DEFECT","items_purchased":["Melter","Bag of Preparation","SpeedPotion","Glacier","Compile Driver","Loop","Cold Snap"],"campfire_rested":2,"item_purchase_floors":[3,19,28,28,28,41,41],"current_hp_per_floor":[64,69,69,69,69,30,52,39,39,30,42,49,49,43,43,43,72,72,72,51,28,39,21,48,57,57,54,54,54,54,56,56,56,82,82,82,50,45,57,57,57,52,52,52,52,52,52,52,52,42],"gold":164,"neow_bonus":"UPGRADE_CARD","is_prod":false,"is_daily":false,"chose_seed":false,"campfire_upgraded":5,"win_rate":0,"timestamp":1556328794,"path_taken":["M","?","$","?","M","E","R","E","T","E","M","?","?","?","R","BOSS","M","$","?","?","M","E","R","M","T","M","$","?","?","E","R","BOSS","M","?","M","?","M","R","$","M","T","R","$","?","M","E","R","BOSS"],"build_version":"2019-01-23","purchased_purges":5,"victory":true,"max_hp_per_floor":[71,76,76,76,76,76,76,81,81,81,81,81,81,81,81,81,81,81,81,81,86,86,91,91,91,91,91,91,91,91,91,91,91,91,91,91,91,91,91,91,91,91,91,91,88,88,88,88,88,88],"card_choices":[{"not_picked":["Hello World","Coolheaded"],"picked":"Leap","floor":1},{"not_picked":["Beam Cell","Steam"],"picked":"Glacier","floor":5},{"not_picked":["Go for the Eyes","Consume"],"picked":"Cold Snap","floor":6},{"not_picked":["Coolheaded","Leap"],"picked":"Consume","floor":8},{"not_picked":["Coolheaded","Rebound"],"picked":"Loop","floor":10},{"not_picked":["Doom and Gloom","Gash"],"picked":"Conserve Battery","floor":11},{"not_picked":["Coolheaded","Tempest"],"picked":"Conserve Battery","floor":12},{"not_picked":["Creative AI","All For One"],"picked":"Seek","floor":16},{"not_picked":["Tempest","Stack"],"picked":"Steam","floor":18},{"not_picked":["Beam Cell","Skim"],"picked":"Hologram","floor":22},{"not_picked":["Force Field","Turbo","Gash"],"picked":"SKIP","floor":23},{"not_picked":["Go for the Eyes","Streamline","Redo"],"picked":"SKIP","floor":25},{"not_picked":["Go for the Eyes","Genetic Algorithm"],"picked":"Sunder","floor":27},{"not_picked":["Storm","Genetic Algorithm","Sunder"],"picked":"SKIP","floor":31},{"not_picked":["Rainbow","Creative AI"],"picked":"Reboot","floor":33},{"not_picked":["Rip and Tear","Leap"],"picked":"Ball Lightning+1","floor":35},{"not_picked":["Conserve Battery","Barrage","Rebound"],"picked":"SKIP","floor":37},{"not_picked":["Impatience","Bandage Up"],"picked":"Apotheosis","floor":38},{"not_picked":["Bandage Up","Finesse"],"picked":"Panacea","floor":38},{"not_picked":["Compile Driver","Hologram"],"picked":"Blizzard","floor":39},{"not_picked":["Turbo","Hologram","Fusion+1"],"picked":"SKIP","floor":42},{"not_picked":["Beam Cell","Rebound"],"picked":"Echo Form","floor":46},{"not_picked":["Hologram","Barrage"],"picked":"Reinforced Body+1","floor":47},{"not_picked":["Turbo","Blizzard+1","Consume"],"picked":"SKIP","floor":48}],"player_experience":762372,"relics_obtained":[{"floor":6,"key":"Potion Belt"},{"floor":8,"key":"Mercury Hourglass"},{"floor":9,"key":"Dodecahedron"},{"floor":10,"key":"Meat on the Bone"},{"floor":14,"key":"Old Coin"},{"floor":20,"key":"Enchiridion"},{"floor":23,"key":"Calipers"},{"floor":26,"key":"Smiling Mask"},{"floor":29,"key":"Red Mask"},{"floor":31,"key":"Juzu Bracelet"},{"floor":43,"key":"Pen Nib"},{"floor":46,"key":"Thread and Needle"},{"floor":48,"key":"Anchor"}],"event_choices":[{"damage_healed":0,"gold_gain":0,"player_choice":"Donut","damage_taken":0,"max_hp_gain":5,"max_hp_loss":0,"event_name":"Big Fish","floor":2,"gold_loss":0},{"damage_healed":0,"gold_gain":0,"player_choice":"Got Potions","damage_taken":0,"max_hp_gain":0,"max_hp_loss":0,"event_name":"Lab","floor":4,"gold_loss":0},{"damage_healed":0,"gold_gain":30,"player_choice":"Searched \u00272\u0027 times","damage_taken":0,"max_hp_gain":0,"max_hp_loss":0,"event_name":"Dead Adventurer","floor":14,"gold_loss":0},{"damage_healed":0,"gold_gain":0,"player_choice":"Obtained Book","damage_taken":21,"max_hp_gain":0,"max_hp_loss":0,"event_name":"Cursed Tome","floor":20,"gold_loss":0},{"damage_healed":0,"gold_gain":0,"player_choice":"Shed Blood","damage_taken":28,"max_hp_gain":5,"max_hp_loss":0,"event_name":"Forgotten Altar","floor":21,"gold_loss":0},{"damage_healed":0,"gold_gain":0,"player_choice":"Fought Bandits","damage_taken":0,"max_hp_gain":0,"max_hp_loss":0,"event_name":"Masked Bandits","floor":29,"gold_loss":0},{"damage_healed":0,"gold_gain":0,"player_choice":"Paid Gold","damage_taken":0,"relics_obtained":["Boot"],"max_hp_gain":0,"max_hp_loss":0,"event_name":"WeMeetAgain","floor":30,"gold_loss":72},{"cards_removed":["Melter"],"damage_healed":0,"gold_gain":0,"player_choice":"Removed Attack","damage_taken":0,"max_hp_gain":0,"max_hp_loss":0,"event_name":"Falling","floor":36,"gold_loss":0},{"damage_healed":0,"gold_gain":0,"player_choice":"Memory 2","damage_taken":5,"max_hp_gain":0,"max_hp_loss":0,"event_name":"SensoryStone","floor":38,"gold_loss":0},{"damage_healed":0,"gold_gain":0,"player_choice":"Fight","damage_taken":0,"max_hp_gain":0,"max_hp_loss":0,"event_name":"MindBloom","floor":46,"gold_loss":0}],"is_beta":false,"boss_relics":[{"not_picked":["Coffee Dripper","Snecko Eye"],"picked":"Nuclear Battery"},{"not_picked":["Sozu","Runic Dome"],"picked":"White Beast Statue"}],"items_purged_floors":[13,19,28,41,45],"is_endless":false,"potions_floor_spawned":[1,6,8,11,16,18,22,29,31,33,35,37,39,42,46,47,48],"ascension_level":16}