{"gold_per_floor":[119,194,20,20,32,32,64,64,64,95,112,146,159,174,174,253,253,268,238,238,256,101,101,134,134,134,149,179,179,193,243,243,319,319,338,1337,1353,1353,1353,1381,1381,591,591,605,27,60,60,0,0,0,0,0,0,0,27,27],"floor_reached":56,"playtime":3474,"items_purged":["Writhe","Normality","Normality"],"score":2097,"play_id":"b03eafe7-110b-4492-b28a-ead15a94b526","local_time":"20190204154437","is_ascension_mode":true,"campfire_choices":[{"data":"Deadly Poison","floor":6.0,"key":"SMITH"},{"data":"Neutralize","floor":8.0,"key":"SMITH"},{"data":"Noxious Fumes","floor":15.0,"key":"SMITH"},{"floor":23.0,"key":"DIG"},{"floor":25.0,"key":"DIG"},{"floor":32.0,"key":"DIG"},{"floor":41.0,"key":"REST"},{"floor":47.0,"key":"REST"},{"floor":49.0,"key":"RECALL"},{"floor":53.0,"key":"DIG"}],"neow_cost":"NONE","seed_source_timestamp":0,"circlet_count":0,"master_deck":["AscendersBane","Defend_G+1","Defend_G","Defend_G","Defend_G","Defend_G","Strike_G","Survivor","Neutralize+1","Deadly Poison+1","Backstab","Catalyst","Blur","PiercingWail","Noxious Fumes+1","Backflip","Footwork","Poisoned Stab","Crippling Poison+1","After Image","Dodge and Roll+1","Backflip+1","Prepared+1","Well Laid Plans","Calculated Gamble","Footwork+1","Die Die Die","Blur+1","Flying Knee+1","Blade Dance+1","Accuracy+1"],"special_seed":0,"relics":["Ring of the Snake","NeowsBlessing","Anchor","Matryoshka","Shovel","Kunai","Fusion Hammer","Shuriken","Strawberry","Bag of Preparation","The Courier","Pen Nib","Centennial Puzzle","War Paint","Oddly Smooth Stone","Astrolabe","Frozen Egg 2","Blood Vial","Dodecahedron","Juzu Bracelet","Tough Bandages","Pantograph","OrangePellets","Ninja Scroll","Potion Belt","Red Mask","Pear"],"potions_floor_usage":[56,56,56],"damage_taken":[{"damage":0.0,"enemies":"2 Louse","floor":1.0,"turns":1.0},{"damage":0.0,"enemies":"Jaw Worm","floor":5.0,"turns":1.0},{"damage":0.0,"enemies":"Lagavulin","floor":7.0,"turns":1.0},{"damage":6.0,"enemies":"Gremlin Nob","floor":10.0,"turns":3.0},{"damage":0.0,"enemies":"Cultist","floor":11.0,"turns":3.0},{"damage":5.0,"enemies":"Lagavulin","floor":12.0,"turns":6.0},{"damage":6.0,"enemies":"Exordium Wildlife","floor":13.0,"turns":4.0},{"damage":0.0,"enemies":"Looter","floor":14.0,"turns":4.0},{"damage":0.0,"enemies":"The Guardian","floor":16.0,"turns":9.0},{"damage":0.0,"enemies":"Chosen","floor":18.0,"turns":5.0},{"damage":4.0,"enemies":"2 Thieves","floor":19.0,"turns":4.0},{"damage":0.0,"enemies":"Centurion and Healer","floor":21.0,"turns":7.0},{"damage":6.0,"enemies":"Book of Stabbing","floor":24.0,"turns":6.0},{"damage":0.0,"enemies":"Snake Plant","floor":27.0,"turns":6.0},{"damage":7.0,"enemies":"Slavers","floor":28.0,"turns":5.0},{"damage":1.0,"enemies":"Cultist and Chosen","floor":30.0,"turns":9.0},{"damage":41.0,"enemies":"Collector","floor":33.0,"turns":9.0},{"damage":0.0,"enemies":"Orb Walker","floor":35.0,"turns":4.0},{"damage":0.0,"enemies":"3 Darklings","floor":37.0,"turns":5.0},{"damage":22.0,"enemies":"Nemesis","floor":40.0,"turns":9.0},{"damage":0.0,"enemies":"4 Shapes","floor":44.0,"turns":4.0},{"damage":21.0,"enemies":"Reptomancer","floor":46.0,"turns":10.0},{"damage":22.0,"enemies":"Awakened One","floor":50.0,"turns":20.0},{"damage":10.0,"enemies":"Donu and Deca","floor":51.0,"turns":16.0},{"damage":24.0,"enemies":"Shield and Spear","floor":55.0,"turns":8.0},{"damage":85,"enemies":"The Heart","floor":56,"turns":11}],"seed_played":"7406363276846151788","potions_obtained":[{"floor":1.0,"key":"Fire Potion"},{"floor":11.0,"key":"GhostInAJar"},{"floor":14.0,"key":"GamblersBrew"},{"floor":19.0,"key":"Strength Potion"},{"floor":24.0,"key":"AttackPotion"},{"floor":33.0,"key":"Ancient Potion"},{"floor":37.0,"key":"Explosive Potion"},{"floor":55.0,"key":"AttackPotion"}],"is_trial":false,"path_per_floor":["M","?","$","?","M","R","E","R","T","E","M","E","M","M","R","B",null,"M","M","?","M","$","R","E","R","T","M","E","?","M","?","R","B",null,"M","?","M","?","?","E","R","$","T","M","$","E","R","?","R","B","B",null,"R","$","E","B"],"character_chosen":"THE_SILENT","items_purchased":["Backstab","Catalyst","Block Potion","Well Laid Plans","Blood Vial","Dodecahedron","Juzu Bracelet","Tough Bandages","OrangePellets","Ninja Scroll","Accuracy+1"],"campfire_rested":2,"item_purchase_floors":[3,3,3,22,42,42,42,42,45,45,45],"current_hp_per_floor":[59,48,48,48,48,48,48,48,48,42,42,37,31,31,31,31,57,57,53,53,53,53,60,54,54,54,54,47,47,46,46,46,5,56,56,56,56,56,51,29,50,50,50,52,52,33,54,54,54,51,63,71,81,81,59,0],"gold":27,"neow_bonus":"THREE_ENEMY_KILL","is_prod":false,"is_daily":false,"chose_seed":false,"campfire_upgraded":3,"win_rate":0,"timestamp":1549291477,"path_taken":["M","?","$","?","M","R","E","R","T","E","M","E","M","?","R","BOSS","M","M","?","M","$","R","E","R","T","M","E","?","M","?","R","BOSS","M","?","M","?","?","E","R","$","T","M","?","E","R","?","R","BOSS","BOSS","R","$","E","BOSS"],"build_version":"2019-01-23","purchased_purges":3,"victory":false,"max_hp_per_floor":[66,66,66,66,66,66,66,66,66,66,66,66,66,66,66,66,66,66,66,66,66,66,73,73,73,73,73,73,73,73,73,73,73,73,73,73,73,73,73,73,73,73,73,73,73,73,73,73,73,73,73,73,83,83,83,83],"card_choices":[{"not_picked":["Escape Plan","Dodge and Roll"],"picked":"Deadly Poison","floor":1.0},{"not_picked":["Dodge and Roll","Dagger Throw"],"picked":"Blur","floor":5.0},{"not_picked":["Dagger Spray","Deadly Poison"],"picked":"PiercingWail","floor":7.0},{"not_picked":["Unload","Dagger Throw"],"picked":"Noxious Fumes","floor":10.0},{"not_picked":["Concentrate","Flying Knee"],"picked":"Backflip","floor":11.0},{"not_picked":["Noxious Fumes","Outmaneuver"],"picked":"Footwork","floor":12.0},{"not_picked":["Flying Knee","Slice"],"picked":"Poisoned Stab","floor":13.0},{"not_picked":["Underhanded Strike","PiercingWail"],"picked":"Crippling Poison","floor":14.0},{"not_picked":["Phantasmal Killer","Storm of Steel"],"picked":"After Image","floor":16.0},{"not_picked":["Flying Knee","Bane"],"picked":"Dodge and Roll+1","floor":18.0},{"not_picked":["Dagger Spray","Underhanded Strike"],"picked":"Backflip+1","floor":19.0},{"not_picked":["Deadly Poison","Backflip"],"picked":"Prepared+1","floor":21.0},{"not_picked":["Slice","Predator"],"picked":"Calculated Gamble","floor":24.0},{"not_picked":["Outmaneuver","Slice","Deadly Poison"],"picked":"SKIP","floor":27.0},{"not_picked":["Bane","Deadly Poison","Heel Hook"],"picked":"SKIP","floor":28.0},{"not_picked":["Underhanded Strike","Eviscerate"],"picked":"Footwork+1","floor":30.0},{"not_picked":["A Thousand Cuts","Bullet Time"],"picked":"Die Die Die","floor":33.0},{"not_picked":["Catalyst","Finisher"],"picked":"Blade Dance+1","floor":35.0},{"not_picked":["Terror","Heel Hook","Dagger Spray+1"],"picked":"SKIP","floor":37.0},{"not_picked":["Outmaneuver+1","Masterful Stab+1","Quick Slash"],"picked":"SKIP","floor":40.0},{"not_picked":["Masterful Stab+1","Dodge and Roll","Skewer"],"picked":"SKIP","floor":44.0},{"not_picked":["Slice","Dagger Spray","Tactician"],"picked":"SKIP","floor":46.0},{"not_picked":["Deflect","Outmaneuver","Heel Hook"],"picked":"SKIP","floor":55.0}],"player_experience":1287398,"relics_obtained":[{"floor":7.0,"key":"Anchor"},{"floor":9.0,"key":"Matryoshka"},{"floor":10.0,"key":"Shovel"},{"floor":12.0,"key":"Kunai"},{"floor":23.0,"key":"Strawberry"},{"floor":24.0,"key":"Bag of Preparation"},{"floor":25.0,"key":"The Courier"},{"floor":26.0,"key":"Pen Nib"},{"floor":26.0,"key":"Centennial Puzzle"},{"floor":28.0,"key":"War Paint"},{"floor":32.0,"key":"Oddly Smooth Stone"},{"floor":40.0,"key":"Frozen Egg 2"},{"floor":43.0,"key":"Pantograph"},{"floor":46.0,"key":"Potion Belt"},{"floor":53.0,"key":"Pear"}],"event_choices":[{"damage_healed":0.0,"max_hp_gain":0.0,"max_hp_loss":0.0,"gold_gain":75.0,"event_name":"World of Goop","player_choice":"Gather Gold","floor":2.0,"gold_loss":0.0,"damage_taken":11.0},{"cards_removed":["Strike_G"],"damage_healed":0.0,"max_hp_gain":0.0,"max_hp_loss":0.0,"gold_gain":0.0,"event_name":"Purifier","player_choice":"Purged","floor":4.0,"gold_loss":0.0,"damage_taken":0.0},{"damage_healed":0.0,"max_hp_gain":0.0,"max_hp_loss":0.0,"gold_gain":0.0,"event_name":"The Mausoleum","player_choice":"Opened","floor":20.0,"gold_loss":0.0,"damage_taken":0.0,"relics_obtained":["Shuriken"],"cards_obtained":["Writhe"]},{"damage_healed":0.0,"max_hp_gain":0.0,"max_hp_loss":0.0,"gold_gain":0.0,"event_name":"Vampires","player_choice":"Ignored","floor":29.0,"gold_loss":0.0,"damage_taken":0.0},{"damage_healed":0.0,"max_hp_gain":0.0,"max_hp_loss":0.0,"gold_gain":50.0,"event_name":"Nest","player_choice":"Stole From Cult","floor":31.0,"gold_loss":0.0,"damage_taken":0.0},{"damage_healed":0.0,"max_hp_gain":0.0,"max_hp_loss":0.0,"gold_gain":999.0,"event_name":"MindBloom","player_choice":"Gold","floor":36.0,"gold_loss":0.0,"damage_taken":0.0,"cards_obtained":["Normality","Normality"]},{"cards_removed":["Grand Finale"],"damage_healed":0.0,"max_hp_gain":0.0,"max_hp_loss":0.0,"gold_gain":0.0,"event_name":"Falling","player_choice":"Removed Attack","floor":38.0,"gold_loss":0.0,"damage_taken":0.0},{"damage_healed":0.0,"max_hp_gain":0.0,"max_hp_loss":0.0,"gold_gain":0.0,"event_name":"SensoryStone","player_choice":"Memory 2","floor":39.0,"gold_loss":0.0,"damage_taken":5.0},{"damage_healed":0.0,"max_hp_gain":0.0,"max_hp_loss":0.0,"gold_gain":0.0,"event_name":"Tomb of Lord Red Mask","player_choice":"Paid","floor":48.0,"gold_loss":60.0,"damage_taken":0.0,"relics_obtained":["Red Mask"]}],"is_beta":false,"boss_relics":[{"not_picked":["Snecko Eye","Runic Pyramid"],"picked":"Fusion Hammer"},{"not_picked":["Ring of the Serpent","Lizard Tail"],"picked":"Astrolabe"}],"items_purged_floors":[22,42,45],"is_endless":false,"potions_floor_spawned":[1,7,11,14,19,24,33,37,40,55],"killed_by":"The Heart","ascension_level":20}