{"gold_per_floor":[110,60,135,155,174,174,200,53,76,96,96,127,127,138,138,241,241,261,93,93,543,562,304,304,324,324,324,337,368,368,393,393,496,496,508,259,359,375,211,211,224,257,257,267,267,267,335,385,385,385],"floor_reached":50,"playtime":1487,"items_purged":["Strike_R","Strike_R","Strike_R","Strike_R","Defend_R"],"score":569,"play_id":"6b935ff4-193b-4c82-aceb-2f024a1db165","local_time":"20190324192707","is_ascension_mode":true,"campfire_choices":[{"data":"Rampage","floor":6,"key":"SMITH"},{"data":"Whirlwind","floor":11,"key":"SMITH"},{"data":"Bash","floor":15,"key":"SMITH"},{"data":"Rampage","floor":24,"key":"SMITH"},{"data":"Defend_R","floor":27,"key":"SMITH"},{"floor":30,"key":"REST"},{"floor":32,"key":"REST"},{"floor":40,"key":"RECALL"},{"floor":49,"key":"REST"}],"neow_cost":"TEN_PERCENT_HP_LOSS","seed_source_timestamp":510228213967000,"circlet_count":0,"master_deck":["Defend_R+1","Defend_R+1","Defend_R+1","Bash+1","Rampage+1","Whirlwind+1","Rampage+1"],"relics":["Burning Blood","Pocketwatch","Bag of Marbles","Bag of Preparation","Snecko Eye","MutagenicStrength","Membership Card","Question Card","Boot","Letter Opener","Sozu","Chemical X","War Paint","Thread and Needle","Oddly Smooth Stone","Pear","Regal Pillow","Strawberry","SsserpentHead","Bottled Flame"],"potions_floor_usage":[7,16,25,29,31,33,44],"damage_taken":[{"damage":2,"enemies":"Small Slimes","floor":1,"turns":3},{"damage":1,"enemies":"Jaw Worm","floor":4,"turns":3},{"damage":0,"enemies":"Cultist","floor":5,"turns":2},{"damage":17,"enemies":"Gremlin Nob","floor":7,"turns":4},{"damage":2,"enemies":"Blue Slaver","floor":10,"turns":3},{"damage":9,"enemies":"3 Sentries","floor":12,"turns":2},{"damage":7,"enemies":"Exordium Thugs","floor":14,"turns":2},{"damage":15,"enemies":"The Guardian","floor":16,"turns":8},{"damage":10,"enemies":"2 Thieves","floor":18,"turns":2},{"damage":0,"enemies":"Spheric Guardian","floor":22,"turns":3},{"damage":0,"enemies":"Cultist and Chosen","floor":25,"turns":2},{"damage":2,"enemies":"Snecko","floor":28,"turns":3},{"damage":24,"enemies":"Slavers","floor":29,"turns":2},{"damage":32,"enemies":"Book of Stabbing","floor":31,"turns":5},{"damage":41,"enemies":"Automaton","floor":33,"turns":8},{"damage":2,"enemies":"Orb Walker","floor":35,"turns":3},{"damage":33,"enemies":"Mind Bloom Boss Battle","floor":37,"turns":5},{"damage":0,"enemies":"3 Shapes","floor":38,"turns":1},{"damage":0,"enemies":"Sphere and 2 Shapes","floor":41,"turns":1},{"damage":2,"enemies":"Nemesis","floor":42,"turns":3},{"damage":12,"enemies":"Spire Growth","floor":44,"turns":2},{"damage":0,"enemies":"3 Darklings","floor":47,"turns":1},{"damage":94,"enemies":"Time Eater","floor":50,"turns":8}],"seed_played":"-9205651886035690813","potions_obtained":[{"floor":1,"key":"Weak Potion"},{"floor":4,"key":"PowerPotion"},{"floor":12,"key":"Explosive Potion"},{"floor":16,"key":"PowerPotion"},{"floor":18,"key":"FearPotion"},{"floor":29,"key":"Block Potion"},{"floor":31,"key":"SkillPotion"},{"floor":33,"key":"BloodPotion"}],"is_trial":false,"path_per_floor":["M","?","?","M","M","R","E","$","T","M","R","E","?","M","R","B",null,"M","$","?","?","M","$","R","M","T","R","M","E","R","E","R","B",null,"M","$","?","M","$","R","M","E","T","M","T","?","M","T","R","B"],"character_chosen":"IRONCLAD","items_purchased":["Whirlwind","Rampage","Membership Card","Chemical X","War Paint","Oddly Smooth Stone"],"campfire_rested":3,"item_purchase_floors":[8,19,23,36,36,39],"current_hp_per_floor":[72,72,61,66,72,72,61,61,61,65,65,62,67,66,66,57,77,73,73,73,31,37,37,37,43,43,43,47,29,52,26,49,14,77,77,77,50,56,56,56,62,76,76,78,85,85,91,91,94,0],"gold":385,"neow_bonus":"ONE_RARE_RELIC","is_prod":false,"is_daily":false,"chose_seed":false,"campfire_upgraded":5,"win_rate":0,"timestamp":1553480827,"path_taken":["M","?","?","M","M","R","E","$","T","M","R","E","?","?","R","BOSS","M","$","?","?","M","$","R","?","T","R","M","E","R","E","R","BOSS","M","$","?","M","$","R","M","E","T","M","?","?","?","?","R","BOSS"],"build_version":"2019-01-23","purchased_purges":5,"victory":false,"max_hp_per_floor":[72,72,72,72,72,72,72,72,72,72,72,72,77,77,77,77,77,77,77,77,77,77,77,77,77,77,77,77,77,77,77,77,77,77,77,77,77,77,77,77,77,87,87,87,94,94,94,94,94,94],"card_choices":[{"not_picked":["Shockwave","Disarm"],"picked":"Rampage","floor":1},{"not_picked":["Headbutt","Anger","Iron Wave"],"picked":"SKIP","floor":4},{"not_picked":["Uppercut","Havoc","Dark Embrace"],"picked":"SKIP","floor":5},{"not_picked":["Sword Boomerang","Clash","Warcry"],"picked":"SKIP","floor":7},{"not_picked":["Cleave","Corruption","True Grit"],"picked":"SKIP","floor":10},{"not_picked":["Metallicize","Corruption","Cleave"],"picked":"SKIP","floor":12},{"not_picked":["Feel No Pain","Sentinel","Limit Break"],"picked":"SKIP","floor":14},{"not_picked":["Clash","Combust","True Grit"],"picked":"SKIP","floor":18},{"not_picked":["Wild Strike","Corruption+1","Seeing Red+1"],"picked":"SKIP","floor":22},{"not_picked":["Wild Strike","Cleave+1","Whirlwind"],"picked":"SKIP","floor":25},{"not_picked":["Clash","Wild Strike+1","Havoc","Sever Soul"],"picked":"SKIP","floor":28},{"not_picked":["Demon Form","Warcry+1","Wild Strike+1","Thunderclap"],"picked":"SKIP","floor":29},{"not_picked":["Wild Strike","Rage","Ghostly Armor","Cleave"],"picked":"SKIP","floor":31},{"not_picked":["Uppercut","Iron Wave","Pommel Strike+1","Thunderclap+1"],"picked":"SKIP","floor":35},{"not_picked":["Clothesline","Rage+1","Spot Weakness","Wild Strike+1"],"picked":"SKIP","floor":38},{"not_picked":["Perfected Strike+1","Exhume","Hemokinesis","Body Slam"],"picked":"SKIP","floor":41},{"not_picked":["Headbutt","Berserk","Pummel+1","Shrug It Off"],"picked":"SKIP","floor":42},{"not_picked":["Metallicize","Hemokinesis+1","Headbutt","Flame Barrier+1"],"picked":"SKIP","floor":44},{"not_picked":["Headbutt+1","Fire Breathing","Havoc+1","Twin Strike+1"],"picked":"SKIP","floor":47}],"player_experience":829911,"relics_obtained":[{"floor":7,"key":"Bag of Marbles"},{"floor":12,"key":"Bag of Preparation"},{"floor":26,"key":"Question Card"},{"floor":29,"key":"Boot"},{"floor":31,"key":"Letter Opener"},{"floor":37,"key":"Thread and Needle"},{"floor":42,"key":"Pear"},{"floor":43,"key":"Regal Pillow"},{"floor":45,"key":"Strawberry"},{"floor":48,"key":"Bottled Flame"}],"event_choices":[{"cards_removed":["Strike_R"],"damage_healed":0,"gold_gain":0,"player_choice":"Card Removal","damage_taken":0,"max_hp_gain":0,"max_hp_loss":0,"event_name":"The Cleric","floor":2,"gold_loss":50},{"damage_healed":0,"gold_gain":75,"player_choice":"Gather Gold","damage_taken":11,"max_hp_gain":0,"max_hp_loss":0,"event_name":"World of Goop","floor":3,"gold_loss":0},{"damage_healed":0,"gold_gain":0,"player_choice":"Donut","damage_taken":0,"max_hp_gain":5,"max_hp_loss":0,"event_name":"Big Fish","floor":13,"gold_loss":0},{"damage_healed":0,"gold_gain":0,"player_choice":"Inject Mutagens","damage_taken":0,"relics_obtained":["MutagenicStrength"],"max_hp_gain":0,"max_hp_loss":0,"event_name":"Drug Dealer","floor":20,"gold_loss":0},{"damage_healed":0,"gold_gain":450,"player_choice":"GOLD GOLD GOLD GOLD GOLD ","damage_taken":42,"max_hp_gain":0,"max_hp_loss":0,"event_name":"Knowing Skull","floor":21,"potions_obtained":[],"gold_loss":0,"cards_obtained":[]},{"damage_healed":0,"gold_gain":0,"player_choice":"Fight","damage_taken":0,"max_hp_gain":0,"max_hp_loss":0,"event_name":"MindBloom","floor":37,"gold_loss":0},{"damage_healed":0,"gold_gain":0,"player_choice":"Trade","damage_taken":0,"relics_obtained":["SsserpentHead"],"max_hp_gain":0,"max_hp_loss":0,"event_name":"FaceTrader","floor":46,"gold_loss":0}],"is_beta":false,"boss_relics":[{"not_picked":["Runic Cube","Busted Crown"],"picked":"Snecko Eye"},{"not_picked":["Fusion Hammer","Black Star"],"picked":"Sozu"}],"items_purged_floors":[8,19,23,36,39],"is_endless":false,"potions_floor_spawned":[1,4,12,16,18,29,31,33,37,42,44,47],"killed_by":"Time Eater","ascension_level":1}