{"gold_per_floor":[109,119,187,205,180,213,213,224,273,6,41,41,41,15,15,91,91,91],"floor_reached":18,"playtime":702,"items_purged":[],"score":286,"play_id":"cbe28d03-5f04-4635-8020-3dabdf6000d3","local_time":"20190423024943","is_ascension_mode":true,"campfire_choices":[{"floor":7,"key":"REST"},{"data":"Hologram","floor":13,"key":"SMITH"},{"data":"Zap","floor":15,"key":"SMITH"}],"neow_cost":"NONE","seed_source_timestamp":53978039706030,"circlet_count":0,"master_deck":["AscendersBane","Strike_B","Strike_B","Strike_B","Strike_B","Defend_B","Defend_B","Defend_B","Defend_B","Zap+1","Dualcast","Multi-Cast","Tempest","Melter","Loop","Cold Snap","Sweeping Beam","Hologram+1","Conserve Battery","Biased Cognition"],"relics":["Cracked Core","Regal Pillow","Runic Capacitor","Anchor","Ectoplasm"],"potions_floor_usage":[],"damage_taken":[{"damage":0,"enemies":"2 Louse","floor":1,"turns":2},{"damage":4,"enemies":"Jaw Worm","floor":2,"turns":3},{"damage":0,"enemies":"Small Slimes","floor":4,"turns":3},{"damage":25,"enemies":"3 Sentries","floor":6,"turns":7},{"damage":9,"enemies":"Red Slaver","floor":8,"turns":3},{"damage":22,"enemies":"Lagavulin","floor":11,"turns":7},{"damage":25,"enemies":"Hexaghost","floor":16,"turns":11},{"damage":24,"enemies":"3 Byrds","floor":18,"turns":4}],"seed_played":"1949085057980484374","potions_obtained":[{"floor":1,"key":"AttackPotion"},{"floor":8,"key":"AttackPotion"},{"floor":16,"key":"Dexterity Potion"}],"is_trial":false,"path_per_floor":["M","M","?","M","?","E","R","M","T","$","E","?","R","$","R","B",null,"M"],"character_chosen":"DEFECT","items_purchased":["Runic Capacitor","Cold Snap","Sweeping Beam","Conserve Battery"],"campfire_rested":1,"item_purchase_floors":[10,10,10,14],"current_hp_per_floor":[64,60,60,60,60,35,56,47,47,47,25,30,30,30,30,5,58,34],"gold":91,"neow_bonus":"ONE_RANDOM_RARE_CARD","is_prod":false,"is_daily":false,"chose_seed":false,"campfire_upgraded":2,"win_rate":0,"timestamp":1555998583,"path_taken":["M","M","?","M","?","E","R","M","T","$","E","?","R","$","R","BOSS","M"],"build_version":"2019-01-23","purchased_purges":0,"victory":false,"max_hp_per_floor":[71,71,71,71,71,71,71,71,71,71,71,76,76,76,76,76,76,76],"card_choices":[{"not_picked":["Coolheaded","Sweeping Beam"],"picked":"Tempest","floor":1},{"not_picked":["Redo","Blizzard"],"picked":"Melter","floor":2},{"not_picked":["Barrage","Steam Power"],"picked":"Loop","floor":4},{"not_picked":["Redo","Static Discharge","Turbo"],"picked":"SKIP","floor":6},{"not_picked":["Sweeping Beam","Compile Driver","Amplify"],"picked":"SKIP","floor":8},{"not_picked":["Blizzard","Buffer"],"picked":"Hologram","floor":11},{"not_picked":["Creative AI","Meteor Strike"],"picked":"Biased Cognition","floor":16}],"player_experience":731348,"relics_obtained":[{"floor":9,"key":"Regal Pillow"},{"floor":11,"key":"Anchor"}],"event_choices":[{"damage_healed":0,"gold_gain":68,"player_choice":"Gained Gold","damage_taken":0,"max_hp_gain":0,"max_hp_loss":0,"event_name":"Golden Wing","floor":3,"gold_loss":0},{"damage_healed":0,"gold_gain":0,"player_choice":"Left Gold","damage_taken":0,"max_hp_gain":0,"max_hp_loss":0,"event_name":"World of Goop","floor":5,"gold_loss":25},{"damage_healed":0,"gold_gain":0,"player_choice":"Donut","damage_taken":0,"max_hp_gain":5,"max_hp_loss":0,"event_name":"Big Fish","floor":12,"gold_loss":0}],"is_beta":false,"boss_relics":[{"not_picked":["Calling Bell","White Beast Statue"],"picked":"Ectoplasm"}],"items_purged_floors":[],"is_endless":false,"potions_floor_spawned":[1,8,16],"killed_by":"3 Byrds","ascension_level":14}