{"gold_per_floor":[112,37,37,37,51,51,82,94,94,126,126,137,87,120,120,194,194,213,224,224,240,106,106,139,139,166,178,193,193,228,243,243,317,317,329,346,346,346,10,37,37,0,48,48,81,81,115,34,34,34,34,34,34,34,66,66],"floor_reached":57,"playtime":3210,"items_purged":["Strike_R","Strike_R","Strike_R"],"score":2838,"play_id":"43b4dd43-607f-47ce-99ca-422ebc3c14dc","local_time":"20190429143908","is_ascension_mode":true,"campfire_choices":[{"data":"Uppercut","floor":6.0,"key":"SMITH"},{"data":"Spot Weakness","floor":11.0,"key":"SMITH"},{"data":"Heavy Blade","floor":15.0,"key":"SMITH"},{"data":"Clothesline","floor":23.0,"key":"SMITH"},{"data":"Feed","floor":25.0,"key":"SMITH"},{"data":"Disarm","floor":29.0,"key":"SMITH"},{"data":"Bash","floor":32.0,"key":"SMITH"},{"floor":46.0,"key":"RECALL"},{"data":"Shockwave","floor":49.0,"key":"SMITH"},{"data":"Disarm","floor":53.0,"key":"SMITH"}],"neow_cost":"NONE","seed_source_timestamp":0,"circlet_count":0,"master_deck":["AscendersBane","Defend_R","Defend_R","Defend_R","Defend_R","Bash+1","Whirlwind+1","Spot Weakness+1","Uppercut+1","Headbutt+1","Reaper+1","Heavy Blade+1","Exhume+1","Corruption+1","True Grit+1","Shrug It Off","Clothesline+1","Feed+1","Disarm+1","Shrug It Off","Dark Shackles","Shrug It Off","Shrug It Off","Shockwave+1","Disarm+1"],"special_seed":0,"relics":["Burning Blood","Darkstone Periapt","Smiling Mask","Pantograph","Snecko Eye","Sundial","Oddly Smooth Stone","Blood Vial","Coffee Dripper","Incense Burner","Self Forming Clay","Red Mask","Centennial Puzzle","Letter Opener","Champion Belt","Whetstone"],"potions_floor_usage":[56],"damage_taken":[{"damage":4.0,"enemies":"2 Louse","floor":1.0,"turns":3.0},{"damage":1.0,"enemies":"Cultist","floor":5.0,"turns":3.0},{"damage":25.0,"enemies":"3 Sentries","floor":7.0,"turns":5.0},{"damage":2.0,"enemies":"Jaw Worm","floor":8.0,"turns":3.0},{"damage":8.0,"enemies":"Gremlin Nob","floor":10.0,"turns":3.0},{"damage":12.0,"enemies":"3 Louse","floor":12.0,"turns":3.0},{"damage":30.0,"enemies":"3 Sentries","floor":14.0,"turns":4.0},{"damage":40.0,"enemies":"The Guardian","floor":16.0,"turns":9.0},{"damage":32.0,"enemies":"Shell Parasite","floor":18.0,"turns":4.0},{"damage":22.0,"enemies":"Spheric Guardian","floor":19.0,"turns":4.0},{"damage":40.0,"enemies":"Snake Plant","floor":21.0,"turns":5.0},{"damage":18.0,"enemies":"Gremlin Leader","floor":24.0,"turns":4.0},{"damage":0.0,"enemies":"3 Cultists","floor":27.0,"turns":3.0},{"damage":7.0,"enemies":"Centurion and Healer","floor":28.0,"turns":8.0},{"damage":35.0,"enemies":"Slavers","floor":30.0,"turns":4.0},{"damage":0.0,"enemies":"Chosen and Byrds","floor":31.0,"turns":5.0},{"damage":82.0,"enemies":"Automaton","floor":33.0,"turns":11.0},{"damage":8.0,"enemies":"3 Shapes","floor":35.0,"turns":5.0},{"damage":10.0,"enemies":"Orb Walker","floor":36.0,"turns":3.0},{"damage":25.0,"enemies":"Nemesis","floor":40.0,"turns":7.0},{"damage":9.0,"enemies":"Giant Head","floor":45.0,"turns":7.0},{"damage":31.0,"enemies":"Nemesis","floor":47.0,"turns":9.0},{"damage":54.0,"enemies":"Donu and Deca","floor":50.0,"turns":9.0},{"damage":51.0,"enemies":"Awakened One","floor":51.0,"turns":14.0},{"damage":36.0,"enemies":"Shield and Spear","floor":55.0,"turns":9.0},{"damage":74,"enemies":"The Heart","floor":56,"turns":11}],"seed_played":"6528226818000543699","potions_obtained":[{"floor":0.0,"key":"AttackPotion"},{"floor":0.0,"key":"AttackPotion"},{"floor":14.0,"key":"PowerPotion"},{"floor":19.0,"key":"Block Potion"},{"floor":21.0,"key":"FearPotion"},{"floor":30.0,"key":"Ancient Potion"},{"floor":33.0,"key":"Block Potion"}],"is_trial":false,"path_per_floor":["M","$","?","?","M","R","E","M","T","E","R","M","$","E","R","B",null,"M","M","?","M","$","R","E","R","T","M","M","R","E","M","R","B",null,"M","M","?","?","$","E","?","?","T","?","E","R","E","$","R","B","B",null,"R","$","E","B",null],"character_chosen":"IRONCLAD","items_purchased":["Shrug It Off","Clothesline","Incense Burner","Disarm"],"campfire_rested":0,"item_purchase_floors":[22,22,39,48],"current_hp_per_floor":[70,70,70,70,75,75,56,60,60,58,58,60,60,60,60,53,70,70,54,54,38,38,38,26,26,26,61,84,84,71,87,87,47,89,109,111,111,101,101,100,100,100,100,100,113,113,96,96,96,105,106,123,123,123,110,80],"gold":66,"neow_bonus":"THREE_SMALL_POTIONS","is_prod":false,"is_daily":false,"chose_seed":false,"campfire_upgraded":9,"win_rate":0,"timestamp":1556541548,"path_taken":["M","$","?","?","?","R","E","M","T","E","R","M","$","E","R","BOSS","M","M","?","?","?","R","E","R","T","M","M","R","E","M","R","BOSS","M","M","?","?","$","E","?","?","T","?","E","R","E","$","R","BOSS","BOSS","R","$","E","BOSS"],"build_version":"2019-01-23","purchased_purges":3,"victory":true,"max_hp_per_floor":[75,75,75,75,75,75,75,75,75,75,75,75,75,75,75,75,75,75,75,75,75,75,75,75,75,75,79,87,87,91,99,99,103,103,111,115,115,115,115,119,113,113,113,113,117,117,121,121,121,125,129,129,129,129,129,129],"card_choices":[{"not_picked":["Burning Pact","Headbutt"],"picked":"Whirlwind","floor":1.0},{"not_picked":["Twin Strike","Clash"],"picked":"Uppercut","floor":5.0},{"not_picked":["Clothesline","Sentinel","Carnage"],"picked":"SKIP","floor":7.0},{"not_picked":["Twin Strike","Seeing Red"],"picked":"Headbutt","floor":8.0},{"not_picked":["Heavy Blade","Reckless Charge"],"picked":"Reaper","floor":10.0},{"not_picked":["Flame Barrier","Reckless Charge"],"picked":"Heavy Blade","floor":12.0},{"not_picked":["Headbutt","Reckless Charge"],"picked":"Exhume","floor":14.0},{"not_picked":["Infernal Blade","Thunderclap"],"picked":"Corruption+1","floor":18.0},{"not_picked":["Havoc","Sentinel"],"picked":"True Grit+1","floor":19.0},{"not_picked":["Iron Wave","Perfected Strike","Flex"],"picked":"SKIP","floor":21.0},{"not_picked":["Perfected Strike","Juggernaut"],"picked":"Feed","floor":24.0},{"not_picked":["Combust","Clothesline","Havoc"],"picked":"SKIP","floor":27.0},{"not_picked":["Warcry+1","Flex+1"],"picked":"Disarm","floor":28.0},{"not_picked":["Sever Soul","Seeing Red","Hemokinesis"],"picked":"SKIP","floor":30.0},{"not_picked":["Fire Breathing+1","Thunderclap+1"],"picked":"Shrug It Off","floor":31.0},{"not_picked":["Impervious","Bludgeon"],"picked":"Immolate","floor":33.0},{"not_picked":["Carnage","Ghostly Armor","Wild Strike+1"],"picked":"SKIP","floor":35.0},{"not_picked":["Clothesline+1","Armaments","Anger+1"],"picked":"SKIP","floor":36.0},{"not_picked":["Secret Technique","Thinking Ahead"],"picked":"Dark Shackles","floor":38.0},{"not_picked":["Perfected Strike","Cleave+1"],"picked":"Shrug It Off","floor":40.0},{"not_picked":["Power Through","Thunderclap"],"picked":"Shrug It Off","floor":45.0},{"not_picked":["Second Wind","Sever Soul+1"],"picked":"Shockwave","floor":47.0},{"not_picked":["Searing Blow","Barricade","Armaments"],"picked":"SKIP","floor":55.0}],"player_experience":1462105,"relics_obtained":[{"floor":7.0,"key":"Darkstone Periapt"},{"floor":10.0,"key":"Smiling Mask"},{"floor":14.0,"key":"Pantograph"},{"floor":24.0,"key":"Sundial"},{"floor":26.0,"key":"Oddly Smooth Stone"},{"floor":30.0,"key":"Blood Vial"},{"floor":40.0,"key":"Self Forming Clay"},{"floor":43.0,"key":"Centennial Puzzle"},{"floor":45.0,"key":"Letter Opener"},{"floor":47.0,"key":"Champion Belt"},{"floor":55.0,"key":"Whetstone"}],"event_choices":[{"damage_healed":0.0,"max_hp_gain":0.0,"max_hp_loss":0.0,"gold_gain":0.0,"event_name":"Living Wall","player_choice":"Grow","floor":3.0,"gold_loss":0.0,"damage_taken":0.0,"cards_upgraded":["Whirlwind"]},{"damage_healed":0.0,"max_hp_gain":0.0,"max_hp_loss":0.0,"gold_gain":0.0,"cards_transformed":["Strike_R"],"event_name":"Transmorgrifier","player_choice":"Transformed","floor":4.0,"gold_loss":0.0,"damage_taken":0.0,"cards_obtained":["Spot Weakness"]},{"damage_healed":0.0,"max_hp_gain":0.0,"max_hp_loss":0.0,"gold_gain":0.0,"event_name":"Upgrade Shrine","player_choice":"Upgraded","floor":20.0,"gold_loss":0.0,"damage_taken":0.0,"cards_upgraded":["Exhume"]},{"cards_removed":["Immolate"],"damage_healed":0.0,"max_hp_gain":0.0,"max_hp_loss":0.0,"gold_gain":0.0,"event_name":"Falling","player_choice":"Removed Attack","floor":37.0,"gold_loss":0.0,"damage_taken":0.0},{"damage_healed":0.0,"max_hp_gain":0.0,"max_hp_loss":0.0,"gold_gain":0.0,"event_name":"SensoryStone","player_choice":"Memory 3","floor":38.0,"gold_loss":0.0,"damage_taken":10.0},{"damage_healed":0.0,"max_hp_gain":0.0,"max_hp_loss":6.0,"gold_gain":0.0,"event_name":"Winding Halls","player_choice":"Max HP","floor":41.0,"gold_loss":0.0,"damage_taken":0.0},{"damage_healed":0.0,"max_hp_gain":0.0,"max_hp_loss":0.0,"gold_gain":0.0,"event_name":"Tomb of Lord Red Mask","player_choice":"Paid","floor":42.0,"gold_loss":37.0,"damage_taken":0.0,"relics_obtained":["Red Mask"]},{"cards_removed":["Strike_R"],"damage_healed":0.0,"max_hp_gain":0.0,"max_hp_loss":0.0,"gold_gain":0.0,"event_name":"Bonfire Elementals","player_choice":"Offered Basic","floor":44.0,"gold_loss":0.0,"damage_taken":0.0}],"is_beta":false,"boss_relics":[{"not_picked":["Tiny House","Ectoplasm"],"picked":"Snecko Eye"},{"not_picked":["Black Blood","Sozu"],"picked":"Coffee Dripper"}],"items_purged_floors":[2,13,22],"is_endless":false,"potions_floor_spawned":[1,14,19,21,30,33,45],"ascension_level":20}