{"gold_per_floor":[114,130,144,144,2,2,22,55,55,90,90,108,108,140,140,244,244,244,244,244,244,244,244,244,244,244,244,244,244,244,244,244,244,244,244,244,244,169,169,169,18,18,18,18,18,18,18,18,18,18],"floor_reached":51,"playtime":2549,"items_purged":["Clothesline"],"score":1293,"play_id":"9e0d4d03-aa26-4208-ac5e-24da8ae7d80c","local_time":"20190417160204","is_ascension_mode":true,"campfire_choices":[{"data":"Seeing Red","floor":6,"key":"SMITH"},{"data":"Infernal Blade","floor":11,"key":"SMITH"},{"data":"Uppercut","floor":13,"key":"SMITH"},{"data":"Spot Weakness","floor":15,"key":"SMITH"},{"data":"Double Tap","floor":29,"key":"SMITH"},{"data":"True Grit","floor":32,"key":"SMITH"},{"floor":49,"key":"REST"}],"neow_cost":"NONE","seed_source_timestamp":81716085437002,"circlet_count":0,"master_deck":["AscendersBane","Defend_R+1","Defend_R+1","Defend_R+1","Defend_R+1","Bash","Seeing Red+1","Whirlwind+1","Pommel Strike","Double Tap+1","Infernal Blade+1","Uppercut+1","Spot Weakness+1","Demon Form","True Grit+1","Sentinel+1","Pommel Strike+1","Inflame","Infernal Blade+1","Bite","Bite","Bite","Bite","Bite","Limit Break+1","Thunderclap","Sword Boomerang","Spot Weakness","Uppercut+1","Shrug It Off+1","Heavy Blade+1"],"relics":["Burning Blood","Strawberry","Blue Candle","Magic Flower","Dream Catcher","Ectoplasm","Champion Belt","Mercury Hourglass","Self Forming Clay","Bronze Scales","War Paint","Art of War","Frozen Egg 2","Matryoshka","Fusion Hammer","Centennial Puzzle","Anchor","Darkstone Periapt","Omamori","Lantern"],"potions_floor_usage":[7,10,16,16,25,31,31,33,45,45,50,50],"damage_taken":[{"damage":6,"enemies":"Cultist","floor":1,"turns":4},{"damage":6,"enemies":"2 Louse","floor":2,"turns":3},{"damage":8,"enemies":"Jaw Worm","floor":3,"turns":4},{"damage":0,"enemies":"Exordium Thugs","floor":7,"turns":1},{"damage":40,"enemies":"Gremlin Nob","floor":8,"turns":4},{"damage":28,"enemies":"Lagavulin","floor":10,"turns":6},{"damage":15,"enemies":"2 Fungi Beasts","floor":12,"turns":3},{"damage":23,"enemies":"Gremlin Nob","floor":14,"turns":5},{"damage":16,"enemies":"Hexaghost","floor":16,"turns":8},{"damage":5,"enemies":"Shell Parasite","floor":18,"turns":3},{"damage":12,"enemies":"Chosen","floor":19,"turns":4},{"damage":15,"enemies":"Colosseum Slavers","floor":20,"turns":2},{"damage":2,"enemies":"Colosseum Nobs","floor":20,"turns":4},{"damage":10,"enemies":"3 Cultists","floor":21,"turns":3},{"damage":23,"enemies":"Slavers","floor":23,"turns":5},{"damage":12,"enemies":"Gremlin Leader","floor":25,"turns":4},{"damage":26,"enemies":"Slavers","floor":27,"turns":3},{"damage":24,"enemies":"Gremlin Leader","floor":30,"turns":5},{"damage":2,"enemies":"Centurion and Healer","floor":31,"turns":3},{"damage":52,"enemies":"Collector","floor":33,"turns":7},{"damage":11,"enemies":"Orb Walker","floor":35,"turns":2},{"damage":20,"enemies":"3 Darklings","floor":37,"turns":3},{"damage":25,"enemies":"Maw","floor":39,"turns":5},{"damage":14,"enemies":"Reptomancer","floor":40,"turns":3},{"damage":9,"enemies":"Giant Head","floor":42,"turns":4},{"damage":0,"enemies":"Sphere and 2 Shapes","floor":44,"turns":2},{"damage":41,"enemies":"Reptomancer","floor":45,"turns":6},{"damage":37,"enemies":"Spire Growth","floor":46,"turns":4},{"damage":31,"enemies":"3 Darklings","floor":47,"turns":4},{"damage":4,"enemies":"Jaw Worm Horde","floor":48,"turns":2},{"damage":64,"enemies":"Time Eater","floor":50,"turns":8}],"seed_played":"4175266290881093960","potions_obtained":[{"floor":1,"key":"Fire Potion"},{"floor":7,"key":"EssenceOfSteel"},{"floor":10,"key":"EssenceOfSteel"},{"floor":14,"key":"AttackPotion"},{"floor":21,"key":"Fire Potion"},{"floor":23,"key":"Strength Potion"},{"floor":25,"key":"Fire Potion"},{"floor":30,"key":"LiquidBronze"},{"floor":31,"key":"Poison Potion"},{"floor":37,"key":"Weak Potion"},{"floor":39,"key":"Explosive Potion"},{"floor":47,"key":"Ancient Potion"}],"is_trial":false,"path_per_floor":["M","?","$","?","?","?","T","?","M","$"],"character_chosen":"IRONCLAD","items_purchased":["Double Tap","Anchor"],"campfire_rested":1,"item_purchase_floors":[5,41],"current_hp_per_floor":[74,76,76,76,76,76,80,53,53,33,33,30,30,19,19,15,69,76,76,83,85,85,73,73,82,82,65,65,65,68,81,81,59,80,84,84,79,79,78,76,76,87,87,87,67,51,44,55,81,41],"gold":18,"neow_bonus":"RANDOM_COMMON_RELIC","is_prod":false,"is_daily":false,"chose_seed":false,"campfire_upgraded":6,"win_rate":0,"timestamp":1555491724,"path_taken":["M","?","M","?","?","R","M","E","T","E","R","M","R","E","R","BOSS","M","M","?","M","?","E","?","E","T","E","?","R","E","M","R","BOSS","M","?","?","?","M","E","$","E","T","M","E","M","M","M","R","BOSS"],"build_version":"2019-01-23","purchased_purges":1,"victory":true,"max_hp_per_floor":[80,80,80,80,80,80,80,87,87,87,87,87,87,87,87,87,87,87,87,87,87,87,87,87,87,87,87,87,87,87,87,87,87,87,87,87,87,87,87,87,87,87,87,87,87,87,87,87,87,87],"card_choices":[{"not_picked":["Warcry","Body Slam"],"picked":"Seeing Red","floor":1},{"not_picked":["Anger","Sword Boomerang"],"picked":"Whirlwind","floor":2},{"not_picked":["Heavy Blade","Dropkick"],"picked":"Pommel Strike","floor":3},{"not_picked":["Clash","Burning Pact","Reckless Charge"],"picked":"SKIP","floor":7},{"not_picked":["Cleave","Body Slam"],"picked":"Infernal Blade","floor":8},{"not_picked":["Anger","Bludgeon"],"picked":"Clothesline","floor":10},{"not_picked":["Shrug It Off","Iron Wave"],"picked":"Uppercut","floor":12},{"not_picked":["Clothesline","Carnage"],"picked":"Spot Weakness","floor":14},{"not_picked":["Bludgeon","Offering"],"picked":"Demon Form","floor":16},{"not_picked":["Clothesline","Flex+1"],"picked":"True Grit","floor":18},{"not_picked":["Armaments","Anger"],"picked":"Sentinel+1","floor":19},{"not_picked":["Bloodletting","Headbutt"],"picked":"Pommel Strike+1","floor":20},{"not_picked":["Reckless Charge","Perfected Strike"],"picked":"Inflame","floor":21},{"not_picked":["Headbutt","Searing Blow"],"picked":"Infernal Blade","floor":23},{"not_picked":["Thunderclap+1","Anger"],"picked":"Limit Break","floor":25},{"not_picked":["Sever Soul","Uppercut+1"],"picked":"Thunderclap","floor":27},{"not_picked":["Inflame+1","Power Through","Warcry"],"picked":"SKIP","floor":30},{"not_picked":["Anger","Havoc","Body Slam"],"picked":"SKIP","floor":31},{"not_picked":["Pommel Strike","Perfected Strike+1"],"picked":"Sword Boomerang","floor":35},{"not_picked":["Body Slam+1","Anger+1","Flex"],"picked":"SKIP","floor":37},{"not_picked":["Sentinel+1","Inflame+1"],"picked":"Spot Weakness","floor":39},{"not_picked":["Body Slam","Immolate"],"picked":"Uppercut+1","floor":40},{"not_picked":["Iron Wave+1","Offering","Bloodletting"],"picked":"SKIP","floor":42},{"not_picked":["Headbutt+1","Power Through+1","Dual Wield+1"],"picked":"SKIP","floor":44},{"not_picked":["Armaments","Anger"],"picked":"Shrug It Off+1","floor":45},{"not_picked":["Carnage","Fire Breathing+1","Cleave+1"],"picked":"SKIP","floor":46},{"not_picked":["Iron Wave","Cleave","Clothesline+1"],"picked":"SKIP","floor":47},{"not_picked":["Demon Form+1","Clash","Infernal Blade"],"picked":"SKIP","floor":48},{"not_picked":["Second Wind+1","Rupture+1"],"picked":"Heavy Blade+1","floor":49}],"player_experience":247674,"relics_obtained":[{"floor":8,"key":"Strawberry"},{"floor":9,"key":"Blue Candle"},{"floor":10,"key":"Magic Flower"},{"floor":14,"key":"Dream Catcher"},{"floor":20,"key":"Champion Belt"},{"floor":20,"key":"Mercury Hourglass"},{"floor":23,"key":"Self Forming Clay"},{"floor":25,"key":"Bronze Scales"},{"floor":26,"key":"War Paint"},{"floor":27,"key":"Art of War"},{"floor":28,"key":"Frozen Egg 2"},{"floor":30,"key":"Matryoshka"},{"floor":40,"key":"Centennial Puzzle"},{"floor":42,"key":"Darkstone Periapt"},{"floor":43,"key":"Omamori"},{"floor":45,"key":"Lantern"}],"event_choices":[{"damage_healed":0,"gold_gain":0,"player_choice":"Grow","damage_taken":0,"max_hp_gain":0,"max_hp_loss":0,"event_name":"Living Wall","floor":4,"gold_loss":0,"cards_upgraded":["Whirlwind"]},{"damage_healed":0,"gold_gain":0,"player_choice":"Fight","damage_taken":0,"max_hp_gain":0,"max_hp_loss":0,"event_name":"Colosseum","floor":20,"gold_loss":0},{"damage_healed":0,"gold_gain":0,"player_choice":"Fought Nobs","damage_taken":0,"max_hp_gain":0,"max_hp_loss":0,"event_name":"Colosseum","floor":20,"gold_loss":0},{"damage_healed":0,"gold_gain":0,"player_choice":"Simplicity","damage_taken":0,"max_hp_gain":0,"max_hp_loss":0,"event_name":"Back to Basics","floor":22,"gold_loss":0,"cards_upgraded":["Strike_R","Strike_R","Strike_R","Strike_R","Strike_R","Defend_R","Defend_R","Defend_R","Defend_R"]},{"damage_healed":0,"gold_gain":0,"player_choice":"Became a vampire (Vial)","damage_taken":0,"max_hp_gain":0,"max_hp_loss":0,"event_name":"Vampires","floor":24,"relics_lost":["Blood Vial"],"gold_loss":0,"cards_obtained":["Bite","Bite","Bite","Bite","Bite"]},{"damage_healed":0,"gold_gain":0,"player_choice":"Ignored","damage_taken":0,"max_hp_gain":0,"max_hp_loss":0,"event_name":"SecretPortal","floor":36,"gold_loss":0}],"is_beta":false,"boss_relics":[{"not_picked":["Eternal Feather","Runic Cube"],"picked":"Ectoplasm"},{"not_picked":["Astrolabe","Black Star"],"picked":"Fusion Hammer"}],"items_purged_floors":[38],"is_endless":false,"potions_floor_spawned":[1,7,10,14,20,21,23,25,30,31,37,39,40,47],"ascension_level":10}