{"gold_per_floor":[118,118,131,151,151,176,176,192,192,159,172,172,187,212,212,316,316,326,341,355,355,355,20,33,33,33,33,52,52,52,64,64,159,159,179,179,0,13,13,13,41,41,65,80,80,131,142,157,157,157],"floor_reached":51,"playtime":7910,"items_purged":["Strike_G"],"score":881,"play_id":"08f7dd09-d5b7-428a-9179-8b3b55b5e670","local_time":"20180630213431","is_ascension_mode":false,"campfire_choices":[{"floor":7.0,"key":"DIG"},{"floor":12.0,"key":"REST"},{"data":"Infinite Blades","floor":15.0,"key":"SMITH"},{"floor":27.0,"key":"REST"},{"floor":29.0,"key":"REST"},{"floor":32,"key":"REST"},{"floor":40,"key":"REST"},{"data":"Night Terror","floor":42,"key":"SMITH"},{"floor":45,"key":"DIG"},{"floor":49,"key":"DIG"}],"neow_cost":"","seed_source_timestamp":0,"circlet_count":0,"master_deck":["Defend_G","Defend_G","Defend_G","Defend_G","Defend_G","Strike_G","Strike_G","Strike_G","Survivor","Neutralize","Finisher+1","Well Laid Plans","Clumsy","Infinite Blades+1","Blur","Backstab","Clumsy","Blade Dance","Acrobatics","Cloak And Dagger","Backstab","Quick Slash","Envenom","Backflip+1","Slice","Night Terror+1","Flying Knee","Cloak And Dagger","Normality","Cloak And Dagger","Blur","Grand Finale","Adrenaline","Acrobatics","Calculated Gamble","Dagger Spray+1","Prepared+1","Prepared+1","Regret","Backflip+1","Footwork","Finisher","Slice+1","Bouncing Flask+1"],"special_seed":0,"relics":["Cursed Key","Shovel","Juzu Bracelet","Prayer Wheel","Thread and Needle","Odd Mushroom","White Beast Statue","Enchiridion","Meat on the Bone","Potion Belt","Eternal Feather","Sundial","Red Mask","Mercury Hourglass","Blood Vial","Tingsha","Torii","Gremlin Horn"],"potions_floor_usage":[31,33,44,44,47,50,50,50,50,50],"damage_taken":[{"damage":0.0,"enemies":"2 Louse","floor":1.0,"turns":3.0},{"damage":0.0,"enemies":"Jaw Worm","floor":3.0,"turns":3.0},{"damage":0.0,"enemies":"Cultist","floor":4.0,"turns":4.0},{"damage":20.0,"enemies":"3 Sentries","floor":6.0,"turns":10.0},{"damage":16.0,"enemies":"Exordium Thugs","floor":8.0,"turns":5.0},{"damage":1.0,"enemies":"3 Louse","floor":11.0,"turns":2.0},{"damage":7.0,"enemies":"Blue Slaver","floor":13.0,"turns":3.0},{"damage":0.0,"floor":14.0,"turns":3.0},{"damage":16.0,"enemies":"Hexaghost","floor":16.0,"turns":10.0},{"damage":0.0,"enemies":"Chosen","floor":18.0,"turns":4.0},{"damage":0.0,"enemies":"Spheric Guardian","floor":19.0,"turns":2.0},{"damage":44.0,"enemies":"Snake Plant","floor":20.0,"turns":5.0},{"damage":0.0,"enemies":"Centurion and Healer","floor":22.0,"turns":1.0},{"damage":5.0,"enemies":"Snecko","floor":24.0,"turns":5.0},{"damage":11.0,"enemies":"Cultist and Chosen","floor":28.0,"turns":6.0},{"damage":11,"enemies":"Snake Plant","floor":31,"turns":5},{"damage":67,"enemies":"Collector","floor":33,"turns":11},{"damage":4,"enemies":"3 Shapes","floor":35,"turns":5},{"damage":26,"floor":36,"turns":9},{"damage":25,"enemies":"3 Darklings","floor":38,"turns":5},{"damage":0,"enemies":"Nemesis","floor":41,"turns":7},{"damage":22,"enemies":"4 Shapes","floor":44,"turns":5},{"damage":8,"floor":46,"turns":4},{"damage":9,"enemies":"Maw","floor":47,"turns":6},{"damage":12,"enemies":"Sphere and 2 Shapes","floor":48,"turns":4},{"damage":50,"enemies":"Donu and Deca","floor":50,"turns":11}],"seed_played":"-5672673483693898760","potions_obtained":[{"floor":1.0,"key":"LiquidBronze"},{"floor":8.0,"key":"SmokeBomb"},{"floor":18.0,"key":"Explosive Potion"},{"floor":19.0,"key":"PowerPotion"},{"floor":24.0,"key":"Explosive Potion"},{"floor":28.0,"key":"Dexterity Potion"},{"floor":31,"key":"SteroidPotion"},{"floor":33,"key":"SpeedPotion"},{"floor":35,"key":"FearPotion"},{"floor":36,"key":"Poison Potion"},{"floor":38,"key":"Regen Potion"},{"floor":41,"key":"Dexterity Potion"},{"floor":44,"key":"Block Potion"},{"floor":46,"key":"GhostInAJar"},{"floor":47,"key":"GamblersBrew"}],"is_trial":false,"path_per_floor":["M","?","M","M","T","E","R","M","T","?","M","R","M","?","R","B",null,"M","M","M","?","M","$","M","?","T","R","M","R","?","M","R","B",null,"M","?","?","M","?","R","E","R","T","M","R","?","M","M","R","B"],"character_chosen":"THE_SILENT","items_purchased":["Meat on the Bone"],"campfire_rested":5,"item_purchase_floors":[],"current_hp_per_floor":[70,70,70,70,70,50,50,34,34,34,33,54,47,47,47,31,70,70,70,26,10,10,10,17,17,17,38,39,60,47,48,70,15,75,71,45,45,32,32,68,68,75,75,62,75,67,60,50,66,30],"gold":157,"neow_bonus":"","is_prod":false,"is_daily":false,"chose_seed":false,"campfire_upgraded":2,"win_rate":0,"timestamp":1530419671,"path_taken":["M","?","M","M","?","E","R","M","T","?","M","R","M","?","R","BOSS","M","M","M","?","M","$","M","?","T","R","M","R","?","M","R","BOSS","M","?","?","M","?","R","E","R","T","M","R","?","M","M","R","BOSS"],"build_version":"2018-06-28","purchased_purges":1,"victory":true,"max_hp_per_floor":[70,70,70,70,70,70,70,70,70,70,70,70,70,70,70,70,70,70,70,70,70,70,70,70,70,70,70,70,70,75,75,75,75,75,75,75,75,75,75,75,75,75,75,75,75,75,75,75,75,75],"card_choices":[{"not_picked":["Calculated Gamble","Bouncing Flask"],"picked":"Finisher","floor":1.0},{"not_picked":["Poisoned Stab","Dagger Throw"],"picked":"Well Laid Plans","floor":3.0},{"not_picked":["Eviscerate","Underhanded Strike","Choke"],"picked":"SKIP","floor":4.0},{"not_picked":["All Out Attack","PiercingWail"],"picked":"Infinite Blades","floor":6.0},{"not_picked":["Deadly Poison","Calculated Gamble"],"picked":"Blur","floor":8.0},{"not_picked":["Blur","Reflex"],"picked":"Backstab","floor":8.0},{"not_picked":["Acrobatics","Dash"],"picked":"Blade Dance","floor":11.0},{"not_picked":["Prepared","PiercingWail"],"picked":"Acrobatics","floor":11.0},{"not_picked":["Flying Knee","Grand Finale"],"picked":"Cloak And Dagger","floor":13.0},{"not_picked":["Acrobatics","Masterful Stab"],"picked":"Backstab","floor":13.0},{"not_picked":["Riddle With Holes","Dodge and Roll"],"picked":"Quick Slash","floor":14.0},{"not_picked":["Bullet Time","A Thousand Cuts"],"picked":"Envenom","floor":16.0},{"not_picked":["Dodge and Roll","Backstab+1"],"picked":"Backflip+1","floor":18.0},{"not_picked":["Dodge and Roll+1","Predator"],"picked":"Slice","floor":18.0},{"not_picked":["Deflect","Dagger Spray+1"],"picked":"Night Terror","floor":19.0},{"not_picked":["Endless Agony","Bane","Reflex"],"picked":"SKIP","floor":19.0},{"not_picked":["PiercingWail","Eviscerate"],"picked":"Flying Knee","floor":20.0},{"not_picked":["Underhanded Strike","Dash","Dodge and Roll"],"picked":"SKIP","floor":20.0},{"not_picked":["PiercingWail","Deflect"],"picked":"Cloak And Dagger","floor":24.0},{"not_picked":["All Out Attack+1","Prepared","Leg Sweep+1"],"picked":"SKIP","floor":24.0},{"not_picked":["Backflip+1","Caltrops"],"picked":"Cloak And Dagger","floor":28.0},{"not_picked":["Choke","Bane"],"picked":"Blur","floor":28.0},{"not_picked":["All Out Attack","Flying Knee"],"picked":"Grand Finale","floor":31},{"not_picked":["Flying Knee","Poisoned Stab","Dodge and Roll"],"picked":"SKIP","floor":31},{"not_picked":["Night Terror","A Thousand Cuts"],"picked":"Adrenaline","floor":33},{"not_picked":["Dagger Spray+1","Underhanded Strike"],"picked":"Acrobatics","floor":35},{"not_picked":["Deflect","Acrobatics+1"],"picked":"Calculated Gamble","floor":35},{"not_picked":["Deflect+1","Sucker Punch"],"picked":"Dagger Spray+1","floor":36},{"not_picked":["Flying Knee","Doppelganger"],"picked":"Prepared+1","floor":38},{"not_picked":["Dodge and Roll","Crippling Poison+1"],"picked":"Prepared+1","floor":38},{"not_picked":["Heel Hook","Tactician","Choke+1"],"picked":"SKIP","floor":41},{"not_picked":["Terror","Calculated Gamble"],"picked":"Backflip+1","floor":44},{"not_picked":["Underhanded Strike+1","PiercingWail+1"],"picked":"Footwork","floor":44},{"not_picked":["Predator","Well Laid Plans+1"],"picked":"Finisher","floor":47},{"not_picked":["Poisoned Stab","Masterful Stab","Cloak And Dagger"],"picked":"SKIP","floor":47},{"not_picked":["Deflect+1","Eviscerate"],"picked":"Slice+1","floor":48},{"not_picked":["Expertise","Riddle With Holes+1"],"picked":"Bouncing Flask+1","floor":48}],"player_experience":573385,"relics_obtained":[{"floor":5.0,"key":"Shovel"},{"floor":6.0,"key":"Juzu Bracelet"},{"floor":7.0,"key":"Prayer Wheel"},{"floor":9.0,"key":"Thread and Needle"},{"floor":14.0,"key":"Odd Mushroom"},{"floor":21.0,"key":"Enchiridion"},{"floor":26.0,"key":"Potion Belt"},{"floor":36,"key":"Sundial"},{"floor":41,"key":"Mercury Hourglass"},{"floor":43,"key":"Blood Vial"},{"floor":45,"key":"Tingsha"},{"floor":46,"key":"Torii"},{"floor":49,"key":"Gremlin Horn"}],"event_choices":[{"event_name":"Living Wall","player_choice":"Grow","floor":2.0,"damage_taken":0.0},{"event_name":"World of Goop","player_choice":"Left","floor":10.0,"damage_taken":0.0},{"event_name":"Mushrooms","player_choice":"Fought Mushrooms","floor":14.0,"damage_taken":0.0},{"event_name":"Cursed Tome","player_choice":"Obtained Book","floor":21.0,"damage_taken":0.0},{"event_name":"Beggar","player_choice":"Ignored","floor":25.0,"damage_taken":0.0},{"event_name":"Forgotten Altar","player_choice":"Shed Blood","floor":30.0,"damage_taken":0.0},{"event_name":"MindBloom","player_choice":"Fight","floor":36,"damage_taken":0},{"event_name":"Tomb of Lord Red Mask","player_choice":"Paid","floor":37,"damage_taken":0},{"event_name":"Falling","player_choice":"Removed Attack","floor":39,"damage_taken":0},{"event_name":"Mysterious Sphere","player_choice":"Fight","floor":46,"damage_taken":0}],"boss_relics":[{"not_picked":["Ectoplasm","Busted Crown"],"picked":"White Beast Statue"},{"not_picked":["Black Star","Philosopher\u0027s Stone"],"picked":"Eternal Feather"}],"items_purged_floors":[],"is_endless":false,"potions_floor_spawned":[1,8,18,19,20,22,24,28,31,33,35,36,38,41,44,46,47,48],"ascension_level":0}