{"gold_per_floor":[368,318,338,60,76,76,108,108,108,136,150,150,150,0,0,100,100,118,43,0,0,13,13,45,64,112,112,31,31,42,42,42,42],"floor_reached":33,"playtime":4212,"items_purged":["Strike_B"],"score":379,"play_id":"4b342748-6577-48db-a773-96684d793fea","local_time":"20190424201446","is_ascension_mode":true,"campfire_choices":[{"data":"Zap","floor":6.0,"key":"SMITH"},{"data":"Genetic Algorithm","floor":8.0,"key":"SMITH"},{"floor":12.0,"key":"REST"},{"data":"Storm","floor":15.0,"key":"SMITH"},{"data":"Storm","floor":23.0,"key":"SMITH"},{"floor":27.0,"key":"REST"},{"floor":32,"key":"REST"}],"neow_cost":"CURSE","seed_source_timestamp":0,"circlet_count":0,"master_deck":["Strike_B","Strike_B","Defend_B","Defend_B","Defend_B","Zap+1","Dualcast","Chaos","Conserve Battery","Defragment","Genetic Algorithm+1","Storm+1","Rip and Tear+1","Storm+1","Core Surge+1","Hello World","Flash of Steel+1","Leap","Static Discharge","BootSequence","Conserve Battery","Reboot","Impatience"],"special_seed":0,"relics":["FrozenCore","Mummified Hand","Molten Egg 2","Bag of Preparation","Ancient Tea Set","Calipers","Bag of Marbles"],"potions_floor_usage":[33],"damage_taken":[{"damage":1.0,"enemies":"2 Louse","floor":1.0,"turns":2.0},{"damage":0.0,"enemies":"Small Slimes","floor":3.0,"turns":3.0},{"damage":0.0,"enemies":"Jaw Worm","floor":5.0,"turns":5.0},{"damage":33.0,"enemies":"Gremlin Nob","floor":7.0,"turns":4.0},{"damage":19.0,"enemies":"Lagavulin","floor":10.0,"turns":8.0},{"damage":6.0,"enemies":"Looter","floor":11.0,"turns":3.0},{"damage":14.0,"enemies":"Hexaghost","floor":16.0,"turns":9.0},{"damage":23.0,"enemies":"3 Byrds","floor":18.0,"turns":5.0},{"damage":0.0,"enemies":"Chosen","floor":22.0,"turns":3.0},{"damage":30.0,"enemies":"Book of Stabbing","floor":24.0,"turns":5.0},{"damage":0.0,"enemies":"Centurion and Healer","floor":25.0,"turns":5.0},{"damage":0.0,"enemies":"Snake Plant","floor":30.0,"turns":3.0},{"damage":52,"enemies":"Automaton","floor":33,"turns":6}],"seed_played":"-8633654878700395793","potions_obtained":[{"floor":5.0,"key":"GamblersBrew"},{"floor":11.0,"key":"Poison Potion"},{"floor":18.0,"key":"Block Potion"},{"floor":25.0,"key":"SkillPotion"}],"is_trial":false,"path_per_floor":["?","?","?","?","?","M","?","?"],"character_chosen":"DEFECT","items_purchased":["Mummified Hand","Defragment","Storm","Static Discharge"],"campfire_rested":3,"item_purchase_floors":[4,4,14,28],"current_hp_per_floor":[67,67,67,67,67,67,34,34,34,15,9,31,24,24,24,10,59,36,36,36,36,36,36,6,6,6,28,28,28,28,28,50,0],"gold":42,"neow_bonus":"TWO_FIFTY_GOLD","is_prod":false,"is_daily":false,"chose_seed":false,"campfire_upgraded":4,"win_rate":0,"timestamp":1556111686,"path_taken":["M","?","M","$","M","R","E","R","T","E","M","R","?","$","R","BOSS","M","?","?","?","?","R","E","M","T","R","$","?","M","?","R","BOSS"],"build_version":"2019-01-23","purchased_purges":1,"victory":false,"max_hp_per_floor":[75,75,75,75,75,75,75,75,75,75,75,75,75,75,75,75,75,75,75,75,75,75,75,75,75,75,75,75,75,75,75,75,75],"card_choices":[{"not_picked":["Turbo","Stack"],"picked":"Chaos","floor":1.0},{"not_picked":["Storm","Scrape"],"picked":"Conserve Battery","floor":3.0},{"not_picked":["Rebound","Steam Power","Redo"],"picked":"SKIP","floor":5.0},{"not_picked":["Turbo","Amplify"],"picked":"Genetic Algorithm","floor":7.0},{"not_picked":["Scrape+1","White Noise"],"picked":"Storm","floor":10.0},{"not_picked":["Conserve Battery","Tempest"],"picked":"Rip and Tear+1","floor":11.0},{"not_picked":["Multi-Cast","Hyperbeam+1"],"picked":"Core Surge+1","floor":16.0},{"not_picked":["Coolheaded+1","Aggregate+1","Beam Cell+1"],"picked":"SKIP","floor":18.0},{"not_picked":["Streamline+1","Sunder+1","Gash+1"],"picked":"SKIP","floor":22.0},{"not_picked":["Fusion","Rebound+1"],"picked":"Leap","floor":24.0},{"not_picked":["Reprogram+1","Steam Power","Consume"],"picked":"SKIP","floor":25.0},{"not_picked":["Beam Cell+1","Stack"],"picked":"Conserve Battery","floor":30}],"player_experience":292202,"relics_obtained":[{"floor":7.0,"key":"Molten Egg 2"},{"floor":9.0,"key":"Bag of Preparation"},{"floor":10.0,"key":"Ancient Tea Set"},{"floor":24.0,"key":"Calipers"},{"floor":26.0,"key":"Bag of Marbles"}],"event_choices":[{"cards_removed":["Normality"],"damage_healed":0.0,"max_hp_gain":0.0,"max_hp_loss":0.0,"gold_gain":0.0,"event_name":"The Cleric","player_choice":"Card Removal","floor":2.0,"gold_loss":50.0,"damage_taken":0.0},{"cards_removed":["Strike_B"],"damage_healed":0.0,"max_hp_gain":0.0,"max_hp_loss":0.0,"gold_gain":0.0,"event_name":"Golden Wing","player_choice":"Card Removal","floor":13.0,"gold_loss":0.0,"damage_taken":7.0},{"cards_removed":["Defend_B"],"damage_healed":0.0,"max_hp_gain":0.0,"max_hp_loss":0.0,"gold_gain":0.0,"event_name":"Beggar","player_choice":"Gave Gold","floor":19.0,"gold_loss":75.0,"damage_taken":0.0},{"damage_healed":0.0,"max_hp_gain":0.0,"max_hp_loss":0.0,"gold_gain":0.0,"event_name":"Masked Bandits","player_choice":"Paid Fearfully","floor":20.0,"gold_loss":43.0,"damage_taken":0.0},{"damage_healed":0.0,"max_hp_gain":0.0,"max_hp_loss":0.0,"gold_gain":0.0,"event_name":"Match and Keep!","player_choice":"2 cards matched","floor":21.0,"gold_loss":0.0,"damage_taken":0.0,"cards_obtained":["Hello World","Flash of Steel"]},{"damage_healed":0.0,"max_hp_gain":0.0,"max_hp_loss":0.0,"gold_gain":0.0,"event_name":"The Library","player_choice":"Read","floor":29.0,"gold_loss":0.0,"damage_taken":0.0,"cards_obtained":["BootSequence"]},{"damage_healed":0,"gold_gain":0,"player_choice":"2 cards matched","damage_taken":0,"max_hp_gain":0,"max_hp_loss":0,"event_name":"Match and Keep!","floor":31,"gold_loss":0,"cards_obtained":["Reboot","Impatience"]}],"is_beta":false,"boss_relics":[{"not_picked":["Calling Bell","Lizard Tail"],"picked":"FrozenCore"}],"items_purged_floors":[14],"is_endless":false,"potions_floor_spawned":[5,11,18,25],"killed_by":"Automaton","ascension_level":8}