{"gold_per_floor":[117,392,45,45,45,45,60,72,72,72,72,72,98,110,110,186,186,202,12,32,44,44,44,76,76,148,148,175,188,206,206,206,285,285,300,317,367,367],"floor_reached":38,"playtime":1569,"items_purged":["Regret","Strike_G"],"score":874,"play_id":"0cb86f82-e426-4fc4-920a-6955e7b8f9c8","local_time":"20190429132854","is_ascension_mode":true,"campfire_choices":[{"data":"Apotheosis","floor":6,"key":"SMITH"},{"data":"Deadly Poison","floor":10,"key":"SMITH"},{"data":"Neutralize","floor":12,"key":"SMITH"},{"data":"Poisoned Stab","floor":15,"key":"SMITH"},{"floor":23,"key":"REST"},{"floor":25,"key":"REST"},{"floor":27,"key":"REST"},{"floor":32,"key":"REST"}],"neow_cost":"NONE","seed_source_timestamp":268760954995410,"circlet_count":0,"master_deck":["AscendersBane","Defend_G","Defend_G","Defend_G","Defend_G","Defend_G","Strike_G","Survivor","Neutralize+1","Apotheosis+1","Deadly Poison+1","Bane","Poisoned Stab+1","All Out Attack","Corpse Explosion","PiercingWail","Dash","Leg Sweep","Die Die Die","Caltrops","Footwork","Escape Plan","Leg Sweep","Backflip","Acrobatics","Poisoned Stab","Prepared","Catalyst","Riddle With Holes","Blur"],"relics":["Ring of the Snake","NeowsBlessing","Ninja Scroll","Centennial Puzzle","Orrery","The Specimen","Blue Candle","Ginger","Runic Pyramid"],"potions_floor_usage":[20,21,21,28,28,28,30,33],"damage_taken":[{"damage":0,"enemies":"Small Slimes","floor":1,"turns":1},{"damage":0,"enemies":"Cultist","floor":7,"turns":1},{"damage":0,"enemies":"2 Louse","floor":8,"turns":1},{"damage":6,"enemies":"3 Sentries","floor":13,"turns":9},{"damage":0,"enemies":"Large Slime","floor":14,"turns":4},{"damage":21,"enemies":"Slime Boss","floor":16,"turns":9},{"damage":6,"enemies":"3 Byrds","floor":18,"turns":2},{"damage":1,"enemies":"Chosen","floor":20,"turns":4},{"damage":13,"enemies":"Snecko","floor":21,"turns":6},{"damage":55,"enemies":"Gremlin Leader","floor":24,"turns":8},{"damage":6,"enemies":"Slavers","floor":28,"turns":4},{"damage":8,"enemies":"Snake Plant","floor":29,"turns":4},{"damage":6,"enemies":"Centurion and Healer","floor":30,"turns":7},{"damage":49,"enemies":"Champ","floor":33,"turns":15},{"damage":6,"enemies":"3 Darklings","floor":35,"turns":5},{"damage":0,"enemies":"3 Shapes","floor":36,"turns":5},{"damage":49,"enemies":"Jaw Worm Horde","floor":38,"turns":4}],"seed_played":"-78329508875524501","potions_obtained":[{"floor":7,"key":"EntropicBrew"},{"floor":20,"key":"EntropicBrew"},{"floor":24,"key":"Dexterity Potion"},{"floor":30,"key":"Energy Potion"},{"floor":33,"key":"EssenceOfSteel"},{"floor":36,"key":"Dexterity Potion"}],"is_trial":false,"path_per_floor":["M","?","$","?","?","R","M","M","T","R","?","R","E","M","R","B",null,"M","$","M","M","?","R","E","R","T","R","E","M","M","?","R","B",null,"M","M","?","M"],"character_chosen":"THE_SILENT","items_purchased":["Apotheosis","GhostInAJar","Footwork"],"campfire_rested":4,"item_purchase_floors":[3,3,19],"current_hp_per_floor":[59,59,59,64,64,64,64,64,64,64,64,64,58,58,58,37,63,57,57,56,43,43,64,9,30,30,51,45,37,31,31,52,3,54,48,48,41,0],"gold":367,"neow_bonus":"THREE_ENEMY_KILL","is_prod":false,"is_daily":false,"chose_seed":false,"campfire_upgraded":4,"win_rate":0,"timestamp":1556537334,"path_taken":["M","?","?","?","?","R","?","M","T","R","?","R","E","M","R","BOSS","M","$","M","M","?","R","E","R","T","R","E","M","M","?","R","BOSS","M","M","?","M"],"build_version":"2019-01-23","purchased_purges":2,"victory":false,"max_hp_per_floor":[66,66,66,71,71,71,71,71,71,71,71,71,71,71,71,71,71,71,71,71,71,71,71,71,71,71,71,71,71,71,71,71,71,71,71,71,71,71],"card_choices":[{"not_picked":["Slice","Deflect","Dodge and Roll"],"picked":"SKIP","floor":1},{"not_picked":["Finisher","Poisoned Stab"],"picked":"Deadly Poison","floor":7},{"not_picked":["Dodge and Roll","Expertise"],"picked":"Bane","floor":8},{"not_picked":["Dagger Throw","Endless Agony"],"picked":"Poisoned Stab","floor":13},{"not_picked":["Poisoned Stab","Slice"],"picked":"All Out Attack","floor":14},{"not_picked":["Glass Knife","Doppelganger"],"picked":"Corpse Explosion","floor":16},{"not_picked":["Sucker Punch","Quick Slash"],"picked":"PiercingWail","floor":17},{"not_picked":["Riddle With Holes","Deflect"],"picked":"Dash","floor":17},{"not_picked":["All Out Attack","Choke"],"picked":"Leg Sweep","floor":17},{"not_picked":["Blade Dance","PiercingWail"],"picked":"Die Die Die","floor":17},{"not_picked":["Dodge and Roll","Acrobatics"],"picked":"Caltrops","floor":17},{"not_picked":["Slice","Cloak And Dagger","Dagger Throw"],"picked":"SKIP","floor":18},{"not_picked":["Quick Slash","Bane"],"picked":"Escape Plan","floor":20},{"not_picked":["Unload","Sucker Punch"],"picked":"Leg Sweep","floor":21},{"not_picked":["Flying Knee","Deflect+1"],"picked":"Backflip","floor":24},{"not_picked":["Deadly Poison+1","Backflip"],"picked":"Acrobatics","floor":28},{"not_picked":["Dagger Spray","Backflip"],"picked":"Poisoned Stab","floor":29},{"not_picked":["Setup+1","Burst"],"picked":"Prepared","floor":30},{"not_picked":["Acrobatics","Cloak And Dagger+1"],"picked":"Blur","floor":35},{"not_picked":["Sucker Punch","Endless Agony","Quick Slash"],"picked":"SKIP","floor":36}],"player_experience":1459982,"relics_obtained":[{"floor":9,"key":"Ninja Scroll"},{"floor":13,"key":"Centennial Puzzle"},{"floor":24,"key":"The Specimen"},{"floor":26,"key":"Blue Candle"},{"floor":28,"key":"Ginger"}],"event_choices":[{"damage_healed":0,"gold_gain":275,"player_choice":"Desecrate","damage_taken":0,"max_hp_gain":0,"max_hp_loss":0,"event_name":"Golden Shrine","floor":2,"gold_loss":0,"cards_obtained":["Regret"]},{"damage_healed":0,"gold_gain":0,"player_choice":"Donut","damage_taken":0,"max_hp_gain":5,"max_hp_loss":0,"event_name":"Big Fish","floor":4,"gold_loss":0},{"damage_healed":0,"gold_gain":0,"player_choice":"Leave","damage_taken":0,"max_hp_gain":0,"max_hp_loss":0,"event_name":"The Cleric","floor":5,"gold_loss":0},{"cards_removed":["Strike_G"],"damage_healed":0,"gold_gain":0,"player_choice":"Offered Basic","damage_taken":0,"max_hp_gain":0,"max_hp_loss":0,"event_name":"Bonfire Elementals","floor":11,"gold_loss":0},{"damage_healed":0,"gold_gain":0,"cards_transformed":["Strike_G","Strike_G"],"player_choice":"Became Test Subject","damage_taken":0,"max_hp_gain":0,"max_hp_loss":0,"event_name":"Drug Dealer","floor":31,"gold_loss":0,"cards_obtained":["Catalyst","Riddle With Holes"]},{"damage_healed":0,"gold_gain":50,"player_choice":"Touch","damage_taken":7,"max_hp_gain":0,"max_hp_loss":0,"event_name":"FaceTrader","floor":37,"gold_loss":0}],"is_beta":false,"boss_relics":[{"not_picked":["Ectoplasm","Busted Crown"],"picked":"Orrery"},{"not_picked":["Tiny House","Eternal Feather"],"picked":"Runic Pyramid"}],"items_purged_floors":[3,19],"is_endless":false,"potions_floor_spawned":[7,8,14,20,24,30,33,36],"killed_by":"Jaw Worm Horde","ascension_level":20}