{"gold_per_floor":[114,114,114,166,53,83,83,101,126,155,155,171,171,205,205,280,280,297,347,347,71,87,87,100,100,100,50,63,123,137,149,149,149],"floor_reached":33,"playtime":1440,"items_purged":["Strike_R"],"score":509,"play_id":"45876557-5478-47cb-a902-49378a41508d","local_time":"20190411033442","is_ascension_mode":true,"campfire_choices":[{"floor":7,"key":"REST"},{"data":"Whirlwind","floor":15,"key":"SMITH"},{"data":"Bash","floor":23,"key":"SMITH"},{"data":"True Grit","floor":25,"key":"SMITH"},{"floor":32,"key":"REST"}],"neow_cost":"NONE","seed_source_timestamp":42189802124515,"circlet_count":0,"master_deck":["AscendersBane","Strike_R","Strike_R","Defend_R","Defend_R","Defend_R","Defend_R","Bash+1","Whirlwind+1","Inflame","Shrug It Off","Anger","Flame Barrier","Headbutt","Impervious","Spot Weakness","Pummel","True Grit+1","Clothesline"],"relics":["Burning Blood","Art of War","Omamori","Ancient Tea Set","Centennial Puzzle","Happy Flower","Smiling Mask","Black Star","Kunai","Du-Vu Doll","Tiny Chest","Bottled Tornado"],"potions_floor_usage":[16,18,29,30],"damage_taken":[{"damage":5,"enemies":"2 Louse","floor":1,"turns":4},{"damage":58,"enemies":"Gremlin Nob","floor":6,"turns":6},{"damage":0,"enemies":"Jaw Worm","floor":8,"turns":2},{"damage":17,"enemies":"3 Sentries","floor":10,"turns":7},{"damage":0,"enemies":"Small Slimes","floor":12,"turns":4},{"damage":20,"enemies":"Lagavulin","floor":14,"turns":6},{"damage":19,"enemies":"The Guardian","floor":16,"turns":15},{"damage":8,"enemies":"Chosen","floor":18,"turns":5},{"damage":13,"enemies":"Spheric Guardian","floor":22,"turns":4},{"damage":17,"enemies":"Centurion and Healer","floor":24,"turns":6},{"damage":11,"enemies":"Shelled Parasite and Fungi","floor":28,"turns":8},{"damage":30,"enemies":"Book of Stabbing","floor":29,"turns":5},{"damage":0,"enemies":"Cultist and Chosen","floor":30,"turns":4},{"damage":18,"enemies":"Centurion and Healer","floor":31,"turns":6},{"damage":55,"enemies":"Champ","floor":33,"turns":13}],"seed_played":"1441802698423228519","potions_obtained":[{"floor":10,"key":"Weak Potion"},{"floor":16,"key":"Block Potion"},{"floor":22,"key":"EssenceOfSteel"},{"floor":28,"key":"SteroidPotion"},{"floor":31,"key":"Block Potion"}],"is_trial":false,"path_per_floor":["M","$","?","T","$","E","R","M","T","E","?","M","?","E","R","B",null,"M","?","?","$","M","R","M","R","T","$","M","E","M","M","R","B"],"character_chosen":"IRONCLAD","items_purchased":["Inflame","Shrug It Off","Kunai"],"campfire_rested":2,"item_purchase_floors":[5,5,21],"current_hp_per_floor":[69,69,69,69,69,17,39,45,45,34,27,33,38,24,24,11,63,61,61,61,61,54,54,43,43,43,43,38,14,20,8,32,0],"gold":149,"neow_bonus":"RANDOM_COMMON_RELIC","is_prod":false,"is_daily":false,"chose_seed":false,"campfire_upgraded":3,"win_rate":0,"timestamp":1554964482,"path_taken":["M","$","?","?","$","E","R","M","T","E","?","M","?","E","R","BOSS","M","?","?","$","M","R","?","R","T","$","?","E","M","M","R","BOSS"],"build_version":"2019-01-23","purchased_purges":1,"victory":false,"max_hp_per_floor":[75,75,75,75,75,75,75,75,75,75,75,75,80,80,80,80,80,80,80,80,80,80,80,80,80,80,80,80,80,80,80,80,80],"card_choices":[{"not_picked":["Cleave","Body Slam"],"picked":"Whirlwind","floor":1},{"not_picked":["Body Slam","Sever Soul"],"picked":"Anger","floor":6},{"not_picked":["Anger","Combust","Power Through"],"picked":"SKIP","floor":8},{"not_picked":["Rupture","Clash"],"picked":"Flame Barrier","floor":10},{"not_picked":["Seeing Red","Clash","Combust"],"picked":"SKIP","floor":12},{"not_picked":["Pummel","Reckless Charge"],"picked":"Headbutt","floor":14},{"not_picked":["Feed","Bludgeon"],"picked":"Impervious","floor":16},{"not_picked":["Twin Strike","Seeing Red"],"picked":"Spot Weakness","floor":18},{"not_picked":["Cleave","Rage"],"picked":"Pummel","floor":22},{"not_picked":["Metallicize","Bloodletting"],"picked":"True Grit","floor":24},{"not_picked":["Pommel Strike","Havoc","Berserk"],"picked":"SKIP","floor":28},{"not_picked":["Iron Wave","Pommel Strike","Perfected Strike"],"picked":"SKIP","floor":29},{"not_picked":["Twin Strike","Bloodletting","Anger"],"picked":"SKIP","floor":30},{"not_picked":["Wild Strike","Anger+1"],"picked":"Clothesline","floor":31}],"player_experience":601552,"relics_obtained":[{"floor":4,"key":"Omamori"},{"floor":6,"key":"Ancient Tea Set"},{"floor":9,"key":"Centennial Puzzle"},{"floor":10,"key":"Happy Flower"},{"floor":14,"key":"Smiling Mask"},{"floor":26,"key":"Du-Vu Doll"},{"floor":29,"key":"Tiny Chest"},{"floor":29,"key":"Bottled Tornado"}],"event_choices":[{"damage_healed":0,"gold_gain":0,"player_choice":"Ignored","damage_taken":0,"max_hp_gain":0,"max_hp_loss":0,"event_name":"Shining Light","floor":3,"gold_loss":0},{"cards_removed":["Strike_R"],"damage_healed":0,"gold_gain":0,"player_choice":"Card Removal","damage_taken":7,"max_hp_gain":0,"max_hp_loss":0,"event_name":"Golden Wing","floor":11,"gold_loss":0},{"damage_healed":0,"gold_gain":0,"player_choice":"Donut","damage_taken":0,"max_hp_gain":5,"max_hp_loss":0,"event_name":"Big Fish","floor":13,"gold_loss":0},{"damage_healed":0,"gold_gain":50,"player_choice":"Stole From Cult","damage_taken":0,"max_hp_gain":0,"max_hp_loss":0,"event_name":"Nest","floor":19,"gold_loss":0},{"cards_removed":["Strike_R"],"damage_healed":0,"gold_gain":0,"player_choice":"Offered Basic","damage_taken":0,"max_hp_gain":0,"max_hp_loss":0,"event_name":"Bonfire Elementals","floor":20,"gold_loss":0}],"is_beta":false,"boss_relics":[{"not_picked":["Lizard Tail","White Beast Statue"],"picked":"Black Star"}],"items_purged_floors":[27],"is_endless":false,"potions_floor_spawned":[10,16,22,28,31],"killed_by":"Champ","ascension_level":16}