{"gold_per_floor":[110,120,120,130,130,130,144,144,198,229,241,256,356,411,411,488,488,503,514,351,351,351,351,385,385,385,385,385],"floor_reached":28,"playtime":1084,"items_purged":["Strike_G"],"score":542,"play_id":"18b9686e-13d2-44b2-8ea1-c3166e47858d","local_time":"20190115145312","is_ascension_mode":true,"campfire_choices":[{"data":"Dagger Spray","floor":6,"key":"SMITH"},{"data":"Die Die Die","floor":8,"key":"SMITH"},{"data":"Noxious Fumes","floor":15,"key":"SMITH"},{"data":"Adrenaline","floor":23,"key":"SMITH"},{"data":"Neutralize","floor":27,"key":"SMITH"}],"neow_cost":"TEN_PERCENT_HP_LOSS","seed_source_timestamp":513307071119575,"circlet_count":0,"master_deck":["AscendersBane","Defend_G","Defend_G","Defend_G","Defend_G","Defend_G","Strike_G","Strike_G","Strike_G","Strike_G","Survivor","Neutralize+1","Glass Knife","Backflip","Dagger Spray+1","PiercingWail","Die Die Die+1","Footwork","Dash","Noxious Fumes+1","Adrenaline+1","Footwork","Terror","Blur"],"relics":["Ring of the Snake","Vajra","Bag of Preparation","Tiny Chest","Runic Dome","Oddly Smooth Stone","Torii"],"potions_floor_usage":[24,24,28],"damage_taken":[{"damage":8,"enemies":"Small Slimes","floor":1,"turns":4},{"damage":0,"enemies":"Cultist","floor":2,"turns":4},{"damage":0,"enemies":"Jaw Worm","floor":4,"turns":4},{"damage":0,"enemies":"Lots of Slimes","floor":7,"turns":1},{"damage":5,"enemies":"3 Sentries","floor":10,"turns":3},{"damage":6,"enemies":"Exordium Wildlife","floor":11,"turns":2},{"damage":7,"enemies":"3 Louse","floor":12,"turns":2},{"damage":6,"enemies":"Gremlin Nob","floor":14,"turns":3},{"damage":13,"enemies":"The Guardian","floor":16,"turns":13},{"damage":17,"enemies":"Shell Parasite","floor":18,"turns":5},{"damage":15,"enemies":"Chosen","floor":19,"turns":5},{"damage":0,"enemies":"Slavers","floor":24,"turns":5},{"damage":33,"enemies":"Gremlin Leader","floor":28,"turns":4}],"seed_played":"-1918607453403024595","potions_obtained":[{"floor":1,"key":"FearPotion"},{"floor":4,"key":"AttackPotion"},{"floor":7,"key":"GhostInAJar"},{"floor":24,"key":"GamblersBrew"}],"is_trial":false,"path_per_floor":["M","M","?","M","$","R","M","R","T","E","M","M","?","E","R","B",null,"M","M","$","?","?","R","E","?","T","R","E"],"character_chosen":"THE_SILENT","items_purchased":["Blur"],"campfire_rested":0,"item_purchase_floors":[20],"current_hp_per_floor":[51,51,51,51,51,51,51,51,51,46,40,33,33,27,27,14,49,32,17,17,17,29,29,29,29,29,29,0],"gold":385,"neow_bonus":"THREE_RARE_CARDS","is_prod":false,"is_daily":false,"chose_seed":false,"campfire_upgraded":5,"win_rate":0,"timestamp":1547560392,"path_taken":["M","M","?","?","$","R","M","R","T","E","M","M","?","E","R","BOSS","M","?","$","?","?","R","E","?","T","R","E"],"build_version":"2019-01-10","purchased_purges":1,"victory":false,"max_hp_per_floor":[60,60,60,60,60,60,60,60,60,60,60,60,60,60,60,60,60,60,60,60,60,60,60,60,60,60,60,60],"card_choices":[{"not_picked":["Venomology","After Image"],"picked":"Glass Knife","floor":0},{"not_picked":["Flechettes","Flying Knee"],"picked":"Backflip","floor":1},{"not_picked":["Crippling Poison","Dagger Throw"],"picked":"Dagger Spray","floor":2},{"not_picked":["Reflex","Sucker Punch"],"picked":"PiercingWail","floor":4},{"not_picked":["Underhanded Strike","Acrobatics"],"picked":"Die Die Die","floor":7},{"not_picked":["Deflect","Cloak And Dagger"],"picked":"Footwork","floor":10},{"not_picked":["PiercingWail","Dagger Spray"],"picked":"Dash","floor":11},{"not_picked":["Acrobatics","Sucker Punch"],"picked":"Noxious Fumes","floor":12},{"not_picked":["Acrobatics","Flying Knee","Prepared"],"picked":"SKIP","floor":14},{"not_picked":["A Thousand Cuts","Night Terror"],"picked":"Adrenaline","floor":16},{"not_picked":["Dagger Throw","Accuracy"],"picked":"Footwork","floor":18},{"not_picked":["Dagger Spray","Cloak And Dagger"],"picked":"Terror","floor":19},{"not_picked":["Poisoned Stab","Bullet Time","Blade Dance+1"],"picked":"SKIP","floor":24}],"player_experience":1207570,"relics_obtained":[{"floor":9,"key":"Vajra"},{"floor":10,"key":"Bag of Preparation"},{"floor":14,"key":"Tiny Chest"},{"floor":24,"key":"Oddly Smooth Stone"},{"floor":26,"key":"Torii"}],"event_choices":[{"damage_healed":0,"gold_gain":0,"player_choice":"0 cards matched","damage_taken":0,"max_hp_gain":0,"max_hp_loss":0,"event_name":"Match and Keep!","floor":3,"gold_loss":0,"cards_obtained":[]},{"damage_healed":0,"gold_gain":100,"player_choice":"Gold","damage_taken":0,"max_hp_gain":0,"max_hp_loss":0,"event_name":"Wheel of Change","floor":13,"gold_loss":0},{"damage_healed":0,"gold_gain":0,"player_choice":"Ignored","damage_taken":0,"max_hp_gain":0,"max_hp_loss":0,"event_name":"Vampires","floor":21,"gold_loss":0},{"damage_healed":12,"gold_gain":0,"player_choice":"Heal","damage_taken":0,"max_hp_gain":0,"max_hp_loss":0,"event_name":"The Library","floor":22,"gold_loss":0},{"damage_healed":0,"gold_gain":0,"player_choice":"Ignored","damage_taken":0,"max_hp_gain":0,"max_hp_loss":0,"event_name":"Beggar","floor":25,"gold_loss":0}],"is_beta":false,"boss_relics":[{"not_picked":["WristBlade","Runic Pyramid"],"picked":"Runic Dome"}],"items_purged_floors":[20],"is_endless":false,"potions_floor_spawned":[1,4,7,10,24],"killed_by":"Gremlin Leader","ascension_level":20}