{"path_per_floor":["M","?","M","M","$","E","R","M","T","?","E","M","E","?","R","B",null,"M","?","M","$","?","M","R","E","T","R","E","R","M","?","R"],"character_chosen":"IRONCLAD","items_purchased":["Rupture","Mind Blast","Master of Strategy"],"gold_per_floor":[115,115,126,141,67,98,98,108,108,108,140,158,187,362,362,465,465,479,479,489,126,41,54,54,85,85,85,116,116,129,129,129,129],"floor_reached":33,"campfire_rested":2,"playtime":2487,"current_hp_per_floor":[80,80,80,74,74,30,30,25,25,9,10,16,17,17,41,29,80,71,56,44,44,44,56,56,21,21,21,14,30,32,32,32,0],"items_purged":["Doubt"],"gold":129,"score":328,"play_id":"57ffc9cb-f973-43da-b307-8f1852e7ced7","local_time":"20180509233021","is_prod":false,"is_daily":false,"chose_seed":false,"is_ascension_mode":false,"campfire_upgraded":1,"timestamp":1525933821,"path_taken":["M","?","M","M","$","E","R","?","T","?","E","M","E","?","R","BOSS","M","?","M","$","?","M","R","E","T","R","E","R","M","?","R","BOSS"],"build_version":"2018-05-03","seed_source_timestamp":1225776836301645,"purchased_purges":1,"victory":false,"master_deck":["Defend_R+1","Defend_R","Defend_R","Defend_R","Bash","Fire Breathing","Bludgeon","Combust","Fire Breathing+1","Rupture","Shrug It Off","Thunderclap","Shrug It Off","Spot Weakness","Limit Break","Sword Boomerang","Bite","Bite","Bite","Bite","Bite","Pommel Strike","Mind Blast","Master of Strategy","Flex","Infernal Blade+1","Iron Wave+1","Heavy Blade"],"max_hp_per_floor":[80,80,80,80,80,80,80,80,80,80,80,80,80,80,80,80,80,80,56,56,56,56,56,56,56,56,56,56,56,56,56,56,56],"relics":["Burning Blood","Thread and Needle","Torii","Girya","Champion Belt","Black Star","Blue Candle","Prayer Wheel","Bag of Preparation","Orichalcum","Ornamental Fan","Smiling Mask","Centennial Puzzle"],"card_choices":[{"not_picked":["Thunderclap","Rage"],"picked":"Fire Breathing","floor":1},{"not_picked":["Burning Pact","Body Slam"],"picked":"Combust","floor":3},{"not_picked":["Heavy Blade","Havoc"],"picked":"Fire Breathing","floor":4},{"not_picked":["Sever Soul","Dual Wield"],"picked":"Shrug It Off","floor":8},{"not_picked":["Clothesline","Iron Wave"],"picked":"Thunderclap","floor":11},{"not_picked":["Heavy Blade","Clash"],"picked":"Shrug It Off","floor":12},{"not_picked":["Rampage","Clothesline"],"picked":"Spot Weakness","floor":13},{"not_picked":["Feed","Juggernaut"],"picked":"Limit Break","floor":16},{"not_picked":["Perfected Strike","Clash"],"picked":"Sword Boomerang","floor":18},{"not_picked":["Havoc","Sever Soul"],"picked":"Pommel Strike","floor":20},{"not_picked":["Carnage","Heavy Blade"],"picked":"Flex","floor":23},{"not_picked":["Sentinel","Havoc"],"picked":"Infernal Blade","floor":25},{"not_picked":["Wild Strike","Sever Soul"],"picked":"Iron Wave","floor":26},{"not_picked":["Perfected Strike","Clothesline"],"picked":"Heavy Blade","floor":28}],"player_experience":382344,"potions_floor_usage":[6,12,16,18,20,28,30],"damage_taken":[{"damage":1,"enemies":"Cultist","floor":1,"turns":4},{"damage":0,"enemies":"Small Slimes","floor":3,"turns":2},{"damage":12,"enemies":"Jaw Worm","floor":4,"turns":2},{"damage":50,"enemies":"Lagavulin","floor":6,"turns":7},{"damage":11,"enemies":"Exordium Wildlife","floor":8,"turns":3},{"damage":5,"enemies":"Gremlin Nob","floor":11,"turns":4},{"damage":0,"enemies":"Gremlin Gang","floor":12,"turns":3},{"damage":5,"enemies":"3 Sentries","floor":13,"turns":6},{"damage":18,"enemies":"Hexaghost","floor":16,"turns":10},{"damage":15,"enemies":"3 Byrds","floor":18,"turns":3},{"damage":20,"enemies":"2 Thieves","floor":20,"turns":4},{"damage":10,"enemies":"Centurion and Healer","floor":23,"turns":11},{"damage":49,"enemies":"Slavers","floor":25,"turns":6},{"damage":19,"enemies":"Book of Stabbing","floor":28,"turns":5},{"damage":12,"enemies":"Cultist and Chosen","floor":30,"turns":5},{"damage":65,"enemies":"Automaton","floor":33,"turns":6}],"event_choices":[{"event_name":"Transmorgrifier","player_choice":"Transform","floor":2,"damage_taken":0},{"event_name":"Shining Light","player_choice":"Entered Light","floor":10,"damage_taken":0},{"event_name":"Liars Game","player_choice":"agreed","floor":14,"damage_taken":0},{"event_name":"Vampires","player_choice":"Became a vampire","floor":19,"damage_taken":0},{"event_name":"Addict","player_choice":"Obtained Relic","floor":22,"damage_taken":0},{"event_name":"The Mausoleum","player_choice":"Yes","floor":31,"damage_taken":0}],"boss_relics":[{"not_picked":["Velvet Choker","Lizard Tail"],"picked":"Black Star"}],"potions_floor_spawned":[4,11,13,16,18,25,28,30],"seed_played":"-7580570191791058832","killed_by":"Automaton","ascension_level":0,"is_trial":false}