{"gold_per_floor":[118,135,135,85,185,185,216,231,255,274,305,325,325,400,400,400],"floor_reached":16,"playtime":670,"items_purged":[],"score":121,"play_id":"8a526285-0135-4fdc-8aa3-dade4cfe4222","local_time":"20190404020501","is_ascension_mode":true,"campfire_choices":[{"data":"Dualcast","floor":6,"key":"SMITH"},{"data":"Streamline","floor":13,"key":"SMITH"},{"floor":15,"key":"REST"}],"neow_cost":"NONE","seed_source_timestamp":129879043784,"circlet_count":0,"master_deck":["Strike_B","Strike_B","Strike_B","Defend_B","Defend_B","Defend_B","Zap+1","Dualcast+1","Double Energy","Self Repair","Streamline+1","Sweeping Beam","Barrage","Conserve Battery"],"relics":["Cracked Core","Potion Belt","Happy Flower","Frozen Egg 2"],"potions_floor_usage":[11,16,16],"damage_taken":[{"damage":0,"enemies":"Jaw Worm","floor":1,"turns":3},{"damage":0,"enemies":"Small Slimes","floor":2,"turns":2},{"damage":25,"enemies":"Lagavulin","floor":7,"turns":7},{"damage":1,"enemies":"Cultist","floor":8,"turns":3},{"damage":2,"enemies":"3 Louse","floor":10,"turns":3},{"damage":20,"enemies":"3 Sentries","floor":11,"turns":5},{"damage":2,"enemies":"2 Fungi Beasts","floor":12,"turns":2},{"damage":65,"enemies":"The Guardian","floor":16,"turns":9}],"seed_played":"-6797233769659018485","potions_obtained":[{"floor":7,"key":"SkillPotion"},{"floor":8,"key":"Poison Potion"},{"floor":11,"key":"SmokeBomb"},{"floor":12,"key":"Regen Potion"}],"is_trial":false,"path_per_floor":["?","?","?","M","?"],"character_chosen":"DEFECT","items_purchased":[],"campfire_rested":1,"item_purchase_floors":[],"current_hp_per_floor":[75,75,68,68,68,68,43,49,49,54,41,39,39,28,50,0],"gold":400,"neow_bonus":"UPGRADE_CARD","is_prod":false,"is_daily":false,"chose_seed":false,"campfire_upgraded":2,"win_rate":0,"timestamp":1554318301,"path_taken":["M","M","?","?","?","R","E","M","T","?","E","M","R","?","R","BOSS"],"build_version":"2019-01-23","purchased_purges":0,"victory":false,"max_hp_per_floor":[75,75,75,75,75,75,75,75,75,75,75,75,75,75,75,75],"card_choices":[{"not_picked":["Rebound","Barrage","Blizzard"],"picked":"SKIP","floor":1},{"not_picked":["Aggregate","Barrage"],"picked":"Double Energy","floor":2},{"not_picked":["Compile Driver","Meteor Strike"],"picked":"Self Repair","floor":7},{"not_picked":["Melter","Hologram"],"picked":"Streamline","floor":8},{"not_picked":["Loop","Conserve Battery"],"picked":"Sweeping Beam","floor":10},{"not_picked":["Stack","Scrape"],"picked":"Barrage","floor":11},{"not_picked":["Compile Driver","Go for the Eyes"],"picked":"Conserve Battery","floor":12}],"player_experience":162509,"relics_obtained":[{"floor":7,"key":"Potion Belt"},{"floor":9,"key":"Happy Flower"},{"floor":11,"key":"Frozen Egg 2"}],"event_choices":[{"cards_removed":["Strike_B"],"damage_healed":0,"gold_gain":0,"player_choice":"Card Removal","damage_taken":7,"max_hp_gain":0,"max_hp_loss":0,"event_name":"Golden Wing","floor":3,"gold_loss":0},{"cards_removed":["Defend_B"],"damage_healed":0,"gold_gain":0,"player_choice":"Card Removal","damage_taken":0,"max_hp_gain":0,"max_hp_loss":0,"event_name":"The Cleric","floor":4,"gold_loss":50},{"damage_healed":0,"gold_gain":100,"player_choice":"Pray","damage_taken":0,"max_hp_gain":0,"max_hp_loss":0,"event_name":"Golden Shrine","floor":5,"gold_loss":0},{"damage_healed":0,"gold_gain":75,"player_choice":"Gather Gold","damage_taken":11,"max_hp_gain":0,"max_hp_loss":0,"event_name":"World of Goop","floor":14,"gold_loss":0}],"is_beta":false,"boss_relics":[],"items_purged_floors":[],"is_endless":false,"potions_floor_spawned":[7,8,11,12],"killed_by":"The Guardian","ascension_level":2}