{"gold_per_floor":[112,128,78,95,95,129,129,162,162,162,162,177,211,228,228,332,332,350,350,109,109],"floor_reached":21,"playtime":759,"items_purged":["Strike_B"],"score":296,"play_id":"cbf95210-6e78-417a-b8ee-ea14b04747d2","local_time":"20181008141015","is_ascension_mode":true,"campfire_choices":[{"data":"Zap","floor":7,"key":"SMITH"},{"floor":10,"key":"REST"},{"floor":15,"key":"REST"}],"neow_cost":"","seed_source_timestamp":596147336745909,"circlet_count":0,"master_deck":["Strike_B","Strike_B","Defend_B","Defend_B","Defend_B","Zap+1","Dualcast+1","AscendersBane","BootSequence","Cold Snap","Ball Lightning","Static Discharge","Rip and Tear","Go for the Eyes+1","Steam","Leap","Self Repair","Core Surge","Auto Shields","Scrape","Rebound","Static Discharge","Heatsinks+1","Bandage Up","Melter"],"relics":["Cracked Core","Cables","Strawberry","Kunai","DataDisk","Orrery","Bag of Marbles"],"potions_floor_usage":[13,14,14,21],"damage_taken":[{"damage":4,"enemies":"Small Slimes","floor":1,"turns":5},{"damage":0,"enemies":"2 Louse","floor":2,"turns":2},{"damage":0,"enemies":"Cultist","floor":4,"turns":3},{"damage":15,"enemies":"Gremlin Nob","floor":6,"turns":4},{"damage":26,"enemies":"Lagavulin","floor":8,"turns":5},{"damage":0,"enemies":"Red Slaver","floor":12,"turns":2},{"damage":9,"enemies":"Gremlin Nob","floor":13,"turns":3},{"damage":16,"enemies":"3 Louse","floor":14,"turns":3},{"damage":26,"enemies":"The Guardian","floor":16,"turns":11},{"damage":36,"enemies":"2 Thieves","floor":18,"turns":4},{"damage":42,"enemies":"3 Byrds","floor":21,"turns":3}],"seed_played":"-1913771772142718627","potions_obtained":[{"floor":2,"key":"SkillPotion"},{"floor":4,"key":"Block Potion"},{"floor":8,"key":"SpeedPotion"},{"floor":13,"key":"SteroidPotion"}],"is_trial":false,"path_per_floor":["M","M","?","M","?","E","R","E","T","R","?","M","E","M","R","B",null,"M","?","$"],"character_chosen":"DEFECT","items_purchased":["Bandage Up","Melter"],"campfire_rested":2,"item_purchase_floors":[20,20],"current_hp_per_floor":[64,64,64,64,64,49,49,30,30,54,38,38,29,13,37,18,66,37,37,37,0],"gold":109,"neow_bonus":"","is_prod":false,"is_daily":false,"chose_seed":false,"campfire_upgraded":1,"win_rate":0,"timestamp":1539000615,"path_taken":["M","M","?","M","?","E","R","E","T","R","?","M","E","M","R","BOSS","M","?","$","M"],"build_version":"2018-10-04v2","purchased_purges":1,"victory":false,"max_hp_per_floor":[75,75,75,75,75,75,75,82,82,82,82,82,82,82,82,82,82,82,82,82,82],"card_choices":[{"not_picked":["Redo","Auto Shields"],"picked":"BootSequence","floor":1},{"not_picked":["Coolheaded","Barrage"],"picked":"Cold Snap","floor":2},{"not_picked":["Compile Driver","Coolheaded"],"picked":"Ball Lightning","floor":4},{"not_picked":["Steam","Stack"],"picked":"Rip and Tear","floor":6},{"not_picked":["Gash","Beam Cell"],"picked":"Go for the Eyes","floor":8},{"not_picked":["Chaos","Compile Driver"],"picked":"Steam","floor":12},{"not_picked":["Meteor Strike","Stack"],"picked":"Leap","floor":13},{"not_picked":["Loop","Force Field"],"picked":"Self Repair","floor":14},{"not_picked":["Biased Cognition","Meteor Strike"],"picked":"Core Surge","floor":16},{"not_picked":["Compile Driver","Chaos"],"picked":"Auto Shields","floor":17},{"not_picked":["Steam","Stack"],"picked":"Scrape","floor":17},{"not_picked":["Reinforced Body","Hologram"],"picked":"Rebound","floor":17},{"not_picked":["Compile Driver","Fusion"],"picked":"Static Discharge","floor":17},{"not_picked":["Redo","Go for the Eyes"],"picked":"Heatsinks+1","floor":18}],"player_experience":521758,"relics_obtained":[{"floor":6,"key":"Cables"},{"floor":8,"key":"Strawberry"},{"floor":9,"key":"Kunai"},{"floor":13,"key":"DataDisk"}],"event_choices":[{"event_name":"The Cleric","player_choice":"Card Removal","floor":3,"damage_taken":0},{"event_name":"Transmorgrifier","player_choice":"Transform","floor":5,"damage_taken":0},{"event_name":"Shining Light","player_choice":"Entered Light","floor":11,"damage_taken":0},{"event_name":"The Mausoleum","player_choice":"Yes","floor":19,"damage_taken":0}],"is_beta":false,"boss_relics":[{"not_picked":["Coffee Dripper","FrozenCore"],"picked":"Orrery"}],"items_purged_floors":[20],"is_endless":false,"potions_floor_spawned":[2,4,8,13],"killed_by":"3 Byrds","ascension_level":10}