{"path_per_floor":["M","?","$","M","?","R","E","R","T","M","M","?","M","M","R","B",null,"M","?","M","M","?","R","$","R","T","M","M","R","E","?","R"],"character_chosen":"THE_SILENT","items_purchased":["Unceasing Top"],"gold_per_floor":[10,10,10,28,203,203,244,244,271,286,299,299,324,324,324,454,454,478,478,503,519,519,519,212,212,212,236,259,259,290,321,321,321],"floor_reached":33,"campfire_rested":3,"playtime":1975,"item_purchase_floors":[24],"current_hp_per_floor":[68,51,51,50,50,50,4,25,25,23,23,23,17,17,38,27,70,50,50,38,19,42,50,50,58,58,39,33,64,37,30,40,0],"items_purged":[],"gold":321,"score":267,"play_id":"87c7b253-fa93-43e4-af19-f9bf924f211c","local_time":"20180624185828","is_prod":false,"is_daily":false,"chose_seed":false,"is_ascension_mode":false,"campfire_upgraded":4,"win_rate":0,"timestamp":1529891908,"campfire_choices":[{"data":"Neutralize","floor":6,"key":"SMITH"},{"floor":8,"key":"REST"},{"floor":15,"key":"REST"},{"data":"Sucker Punch","floor":23,"key":"SMITH"},{"data":"Adrenaline","floor":25,"key":"SMITH"},{"floor":29,"key":"REST"},{"data":"Envenom","floor":32,"key":"SMITH"}],"path_taken":["M","?","$","M","?","R","E","R","T","M","?","?","M","M","R","BOSS","M","?","M","M","?","R","$","R","T","?","M","R","E","?","R","BOSS"],"build_version":"2018-06-21","seed_source_timestamp":812560638893906,"purchased_purges":0,"circlet_count":0,"victory":false,"master_deck":["Defend_G","Defend_G+1","Defend_G","Defend_G","Defend_G","Strike_G","Strike_G","Strike_G","Strike_G","Strike_G","Survivor","Neutralize+1","Caltrops","Endless Agony","Doubt","Quick Slash","Noxious Fumes","Outmaneuver+1","Leg Sweep","Adrenaline+1","Heel Hook","Panacea","Sucker Punch+1","Cloak And Dagger+1","Dash","Prepared+1","Quick Slash+1","Envenom+1"],"max_hp_per_floor":[70,70,70,70,70,70,70,70,70,70,70,70,70,70,70,70,70,70,70,70,70,70,70,70,70,70,70,70,70,70,70,70,70],"relics":["Ring of the Snake","Incense Burner","Golden Idol","Letter Opener","Snake Skull","Eternal Feather","Unceasing Top","War Paint","Prayer Wheel","Red Mask"],"card_choices":[{"not_picked":["Poisoned Stab","Slice"],"picked":"Caltrops","floor":1},{"not_picked":["Choke","Poisoned Stab"],"picked":"Endless Agony","floor":4},{"not_picked":["Blade Dance","Slice"],"picked":"Quick Slash","floor":7},{"not_picked":["Dodge and Roll","Expertise"],"picked":"Noxious Fumes","floor":10},{"not_picked":["Acrobatics","Poisoned Stab"],"picked":"Outmaneuver","floor":11},{"not_picked":["Tools of the Trade","Sucker Punch"],"picked":"Leg Sweep","floor":13},{"not_picked":["Phantasmal Killer","Burst"],"picked":"Adrenaline","floor":16},{"not_picked":["Poisoned Stab","Backflip+1"],"picked":"Heel Hook","floor":18},{"not_picked":["Prepared","PiercingWail+1"],"picked":"Sucker Punch","floor":20},{"not_picked":["Riddle With Holes","Finisher"],"picked":"Cloak And Dagger+1","floor":21},{"not_picked":["Quick Slash","Setup"],"picked":"Dash","floor":27},{"not_picked":["Slice","Acrobatics"],"picked":"Prepared+1","floor":28},{"not_picked":["Outmaneuver+1","Blade Dance"],"picked":"Quick Slash+1","floor":30},{"not_picked":["Prepared","Slice"],"picked":"Envenom","floor":31}],"player_experience":187589,"potions_floor_usage":[13,13,13,14,14,16,16,16,16,27,28],"damage_taken":[{"damage":2,"enemies":"Small Slimes","floor":1,"turns":4},{"damage":1,"enemies":"Jaw Worm","floor":4,"turns":4},{"damage":46,"enemies":"Lagavulin","floor":7,"turns":10},{"damage":2,"enemies":"2 Louse","floor":10,"turns":3},{"damage":0,"enemies":"2 Fungi Beasts","floor":11,"turns":4},{"damage":6,"enemies":"Exordium Wildlife","floor":13,"turns":5},{"damage":0,"enemies":"Blue Slaver","floor":14,"turns":3},{"damage":11,"enemies":"The Guardian","floor":16,"turns":10},{"damage":20,"enemies":"Spheric Guardian","floor":18,"turns":8},{"damage":12,"enemies":"3 Byrds","floor":20,"turns":3},{"damage":19,"enemies":"Slaver and Parasite","floor":21,"turns":7},{"damage":19,"enemies":"Snecko","floor":27,"turns":6},{"damage":6,"enemies":"Centurion and Healer","floor":28,"turns":8},{"damage":27,"enemies":"Gremlin Leader","floor":30,"turns":8},{"damage":7,"floor":31,"turns":4},{"damage":71,"enemies":"Automaton","floor":33,"turns":12}],"relics_obtained":[{"floor":7,"key":"Letter Opener"},{"floor":9,"key":"Snake Skull"},{"floor":26,"key":"War Paint"},{"floor":30,"key":"Prayer Wheel"},{"floor":31,"key":"Red Mask"}],"event_choices":[{"event_name":"Golden Idol","player_choice":"Take Damage","floor":2,"damage_taken":0},{"event_name":"Liars Game","player_choice":"agreed","floor":5,"damage_taken":0},{"event_name":"The Lab","player_choice":"Got Potions","floor":12,"damage_taken":0},{"event_name":"Match and Keep!","player_choice":"1 cards matched","floor":19,"damage_taken":0},{"event_name":"The Library","player_choice":"Heal","floor":22,"damage_taken":0},{"event_name":"Masked Bandits","player_choice":"Fought over 290 gold","floor":31,"damage_taken":0}],"boss_relics":[{"not_picked":["Empty Cage","Pandora\u0027s Box"],"picked":"Eternal Feather"}],"items_purged_floors":[],"is_endless":true,"potions_floor_spawned":[7,13,16,20,21],"seed_played":"2814353999922324422","killed_by":"Automaton","ascension_level":0,"potions_obtained":[{"floor":7,"key":"LiquidBronze"},{"floor":12,"key":"EntropicBrew"},{"floor":12,"key":"EntropicBrew"},{"floor":13,"key":"AttackPotion"},{"floor":16,"key":"FairyPotion"},{"floor":20,"key":"Strength Potion"},{"floor":21,"key":"PowerPotion"}],"is_trial":false}