{"gold_per_floor":[112,123,142,152,164,164,197,197,197,228,238,127,127,127,127,230,230,245,245,259,28,47,47],"floor_reached":23,"playtime":1573,"items_purged":["Strike_R","Defend_R"],"score":279,"play_id":"e22ea7d6-5837-4f85-8417-f00dbab52214","local_time":"20180919182655","is_ascension_mode":true,"campfire_choices":[{"data":"Anger","floor":6.0,"key":"SMITH"},{"data":"Feed","floor":8.0,"key":"SMITH"},{"data":"Evolve","floor":13.0,"key":"SMITH"},{"data":"Metallicize","floor":15.0,"key":"SMITH"}],"neow_cost":"NONE","seed_source_timestamp":519507064968231,"circlet_count":0,"master_deck":["Strike_R","Strike_R","Strike_R","Strike_R","Defend_R+1","Defend_R","Defend_R","Bash+1","Rage+1","Anger+1","Metallicize+1","Evolve+1","Wild Strike","Feed+1","Dark Embrace","Burning Pact","Whirlwind","Double Tap","Wild Strike","J.A.X.","Wild Strike","Armaments","Fire Breathing","Flex+1"],"special_seed":0,"relics":["Burning Blood","Vajra","Question Card","War Paint","StoneCalendar","White Beast Statue"],"potions_floor_usage":[22,22,22,23],"damage_taken":[{"damage":7.0,"enemies":"Small Slimes","floor":1.0,"turns":3.0},{"damage":2.0,"enemies":"Jaw Worm","floor":2.0,"turns":3.0},{"damage":6.0,"enemies":"Cultist","floor":3.0,"turns":3.0},{"damage":16.0,"enemies":"2 Fungi Beasts","floor":4.0,"turns":4.0},{"damage":5.0,"enemies":"3 Louse","floor":5.0,"turns":4.0},{"damage":18.0,"enemies":"Gremlin Nob","floor":7.0,"turns":4.0},{"damage":11.0,"enemies":"3 Sentries","floor":10.0,"turns":7.0},{"damage":5.0,"enemies":"Exordium Wildlife","floor":11.0,"turns":4.0},{"damage":28.0,"enemies":"The Guardian","floor":16.0,"turns":9.0},{"damage":20.0,"enemies":"Shell Parasite","floor":18.0,"turns":6.0},{"damage":31.0,"enemies":"2 Thieves","floor":20.0,"turns":3.0},{"damage":27,"enemies":"Snake Plant","floor":22,"turns":3},{"damage":33,"enemies":"Gremlin Leader","floor":23,"turns":4}],"seed_played":"281437018014153703","potions_obtained":[{"floor":4.0,"key":"Fire Potion"},{"floor":5.0,"key":"LiquidBronze"},{"floor":7.0,"key":"Explosive Potion"},{"floor":16.0,"key":"Weak Potion"},{"floor":18.0,"key":"Fire Potion"},{"floor":20.0,"key":"Energy Potion"},{"floor":22,"key":"Dexterity Potion"}],"is_trial":false,"path_per_floor":["M","M","M","M","M","R","E","R","T","E","M","$","R","?","R","B",null,"M","?","M","$","M"],"character_chosen":"IRONCLAD","items_purchased":["Whirlwind","Armaments","Fire Breathing"],"campfire_rested":0,"item_purchase_floors":[12,21,21],"current_hp_per_floor":[79,80,80,70,71,71,59,59,59,58,63,63,63,56,56,38,79,69,69,48,48,27,0],"gold":47,"neow_bonus":"UPGRADE_CARD","is_prod":false,"is_daily":false,"chose_seed":false,"campfire_upgraded":4,"win_rate":0,"timestamp":1537406815,"path_taken":["M","M","M","M","M","R","E","R","T","E","M","$","R","?","R","BOSS","M","?","M","?","M","E"],"build_version":"2018-09-06","purchased_purges":2,"victory":false,"max_hp_per_floor":[80,80,80,80,80,80,80,80,80,84,88,88,88,88,88,92,92,96,96,100,100,100,100],"card_choices":[{"not_picked":["Heavy Blade","Warcry"],"picked":"Rage","floor":1.0},{"not_picked":["Perfected Strike","Reckless Charge"],"picked":"Anger","floor":2.0},{"not_picked":["Heavy Blade","Pommel Strike"],"picked":"Metallicize","floor":3.0},{"not_picked":["Corruption","Flex"],"picked":"Evolve","floor":4.0},{"not_picked":["Twin Strike","Pommel Strike"],"picked":"Wild Strike","floor":5.0},{"not_picked":["Thunderclap","Twin Strike"],"picked":"Feed","floor":7.0},{"not_picked":["Heavy Blade","Clash","Clothesline"],"picked":"Dark Embrace","floor":10.0},{"not_picked":["Sword Boomerang","Thunderclap","Heavy Blade"],"picked":"Burning Pact","floor":11.0},{"not_picked":["Limit Break","Brutality","Offering"],"picked":"Double Tap","floor":16.0},{"not_picked":["Corruption","Feel No Pain","Bloodletting"],"picked":"Wild Strike","floor":18.0},{"not_picked":["Rage","Hemokinesis+1","Body Slam"],"picked":"Wild Strike","floor":20.0},{"not_picked":["Evolve","Body Slam","Twin Strike+1"],"picked":"Flex+1","floor":22}],"player_experience":791245,"relics_obtained":[{"floor":7.0,"key":"Vajra"},{"floor":9.0,"key":"Question Card"},{"floor":10.0,"key":"War Paint"}],"event_choices":[{"event_name":"Scrap Ooze","player_choice":"success","floor":14.0,"damage_taken":7.0},{"event_name":"Drug Dealer","player_choice":"Got JAX","floor":19.0,"damage_taken":0.0}],"is_beta":false,"boss_relics":[{"not_picked":["Calling Bell","Astrolabe"],"picked":"White Beast Statue"}],"items_purged_floors":[12,21],"is_endless":false,"potions_floor_spawned":[4,5,7,16,18,20,22],"killed_by":"Gremlin Leader","ascension_level":5}