{"gold_per_floor":[99,99,99,99,99,99,99,99,99,99,99,99,99,3,3,3,3,3,3,3,3,3,3,3,3,3,3,3,3,3],"floor_reached":30,"playtime":2388,"items_purged":[],"score":258,"play_id":"448b1978-85ea-407c-9105-7b6a78d4a75a","local_time":"20190322052916","is_ascension_mode":true,"campfire_choices":[{"data":"Tools of the Trade","floor":7,"key":"SMITH"},{"floor":10,"key":"REST"},{"data":"Neutralize","floor":13,"key":"SMITH"},{"data":"Bandage Up","floor":15,"key":"SMITH"},{"floor":23,"key":"REST"},{"floor":27,"key":"REST"}],"neow_cost":"NONE","seed_source_timestamp":13083803594309,"circlet_count":0,"master_deck":["Defend_G","Defend_G","Defend_G","Defend_G","Strike_G","Strike_G","Strike_G","Strike_G","Strike_G","Survivor","Neutralize+1","Catalyst","Prepared","Backflip","Prepared","Tools of the Trade+1","Flying Knee","Bandage Up+1","Envenom","Bouncing Flask+1","Escape Plan+1","Blade Dance"],"relics":["Ectoplasm","Shuriken","Singing Bowl","WristBlade","Nloth\u0027s Gift","Ancient Tea Set"],"potions_floor_usage":[6,6,6,20,20,22,29,30],"damage_taken":[{"damage":0,"enemies":"Small Slimes","floor":1,"turns":4},{"damage":0,"enemies":"Cultist","floor":2,"turns":5},{"damage":4,"enemies":"Jaw Worm","floor":3,"turns":5},{"damage":0,"enemies":"3 Louse","floor":4,"turns":5},{"damage":2,"enemies":"Blue Slaver","floor":5,"turns":4},{"damage":36,"enemies":"Gremlin Nob","floor":6,"turns":4},{"damage":0,"enemies":"Exordium Wildlife","floor":8,"turns":5},{"damage":9,"enemies":"3 Sentries","floor":12,"turns":7},{"damage":23,"enemies":"Hexaghost","floor":16,"turns":9},{"damage":15,"enemies":"Spheric Guardian","floor":18,"turns":5},{"damage":9,"enemies":"Shell Parasite","floor":19,"turns":8},{"damage":44,"enemies":"3 Cultists","floor":20,"turns":6},{"damage":25,"enemies":"Cultist and Chosen","floor":22,"turns":6},{"damage":13,"enemies":"Centurion and Healer","floor":24,"turns":7},{"damage":22,"enemies":"3 Cultists","floor":28,"turns":6},{"damage":34,"enemies":"Shelled Parasite and Fungi","floor":29,"turns":5},{"damage":14,"enemies":"Sentry and Sphere","floor":30,"turns":3}],"seed_played":"-5367747943597810284","potions_obtained":[{"floor":1,"key":"Regen Potion"},{"floor":2,"key":"LiquidBronze"},{"floor":5,"key":"SkillPotion"},{"floor":8,"key":"Strength Potion"},{"floor":16,"key":"Regen Potion"},{"floor":19,"key":"SpeedPotion"},{"floor":20,"key":"Ancient Potion"},{"floor":22,"key":"Explosive Potion"}],"is_trial":false,"path_per_floor":["?","?","M","?"],"character_chosen":"THE_SILENT","items_purchased":["Bandage Up"],"campfire_rested":3,"item_purchase_floors":[14],"current_hp_per_floor":[70,70,66,66,64,40,40,40,40,61,61,54,54,54,54,37,72,59,58,29,29,10,32,25,25,25,47,33,7,0],"gold":3,"neow_bonus":"BOSS_RELIC","is_prod":false,"is_daily":false,"chose_seed":false,"campfire_upgraded":3,"win_rate":0,"timestamp":1553207356,"path_taken":["M","M","M","M","M","E","R","M","T","R","?","E","R","$","R","BOSS","M","M","M","?","M","R","?","?","T","R","M","M","M"],"build_version":"2019-01-23","purchased_purges":0,"victory":false,"max_hp_per_floor":[70,70,70,70,70,70,70,70,70,70,70,72,72,72,72,72,72,74,76,76,76,76,76,76,76,76,76,78,80,80],"card_choices":[{"not_picked":["Setup","Slice"],"picked":"Catalyst","floor":1},{"not_picked":["Dodge and Roll","Dagger Throw"],"picked":"Prepared","floor":2},{"not_picked":["Predator","Accuracy"],"picked":"Backflip","floor":3},{"not_picked":["Blade Dance","Slice","Dodge and Roll"],"picked":"SKIP","floor":4},{"not_picked":["Catalyst","Slice"],"picked":"Prepared","floor":5},{"not_picked":["Outmaneuver","Reflex"],"picked":"Tools of the Trade","floor":6},{"not_picked":["Sucker Punch","PiercingWail"],"picked":"Flying Knee","floor":8},{"not_picked":["Concentrate","Quick Slash","Slice"],"picked":"Singing Bowl","floor":12},{"not_picked":["Bullet Time","Venomology"],"picked":"Envenom","floor":16},{"not_picked":["Caltrops+1","Underhanded Strike","Acrobatics"],"picked":"Singing Bowl","floor":18},{"not_picked":["Eviscerate","Accuracy","Underhanded Strike+1"],"picked":"Singing Bowl","floor":19},{"not_picked":["Bane","Endless Agony+1"],"picked":"Bouncing Flask+1","floor":20},{"not_picked":["Prepared","Acrobatics"],"picked":"Escape Plan+1","floor":22},{"not_picked":["After Image","Slice+1"],"picked":"Blade Dance","floor":24},{"not_picked":["Quick Slash","Slice","Sucker Punch+1"],"picked":"Singing Bowl","floor":28},{"not_picked":["Dodge and Roll","Deflect+1","Tools of the Trade"],"picked":"Singing Bowl","floor":29}],"player_experience":97125,"relics_obtained":[{"floor":6,"key":"Bronze Scales"},{"floor":9,"key":"Shuriken"},{"floor":12,"key":"Singing Bowl"}],"event_choices":[{"cards_removed":["Defend_G"],"damage_healed":0,"gold_gain":0,"player_choice":"Forget","damage_taken":0,"max_hp_gain":0,"max_hp_loss":0,"event_name":"Living Wall","floor":11,"gold_loss":0},{"damage_healed":0,"gold_gain":0,"player_choice":"Traded Relic","damage_taken":0,"relics_obtained":["Nloth\u0027s Gift"],"max_hp_gain":0,"max_hp_loss":0,"event_name":"N\u0027loth","floor":21,"relics_lost":["Bronze Scales"],"gold_loss":0},{"damage_healed":0,"gold_gain":0,"player_choice":"Opened","damage_taken":0,"relics_obtained":["Ancient Tea Set"],"max_hp_gain":0,"max_hp_loss":0,"event_name":"The Mausoleum","floor":25,"gold_loss":0}],"is_beta":false,"boss_relics":[{"not_picked":["Velvet Choker","Calling Bell"],"picked":"WristBlade"}],"items_purged_floors":[],"is_endless":false,"potions_floor_spawned":[1,2,5,8,16,19,20,22],"killed_by":"Sentry and Sphere","ascension_level":1}