{"gold_per_floor":[116,216,228,81,81,111,111,140,165,177,208,208,228,243,243,340,340,359,66,86,186,203,236,311,328,328,353,353,383,383,60,60,160,160,175,50,68,92,392,417,417,433,433,444,475,498,510,165,165,165,165,165,4,29,29],"floor_reached":56,"playtime":1856,"items_purged":["Strike_R","Strike_R"],"score":1512,"play_id":"e1a327c4-9817-41b0-992b-686d41f6f45b","local_time":"20190217175401","is_ascension_mode":true,"campfire_choices":[{"data":"Rampage","floor":7,"key":"SMITH"},{"data":"Disarm","floor":15,"key":"SMITH"},{"data":"Whirlwind","floor":28,"key":"SMITH"},{"data":"Double Tap","floor":30,"key":"SMITH"},{"data":"Flame Barrier","floor":32,"key":"SMITH"},{"data":"Limit Break","floor":41,"key":"SMITH"},{"floor":49,"key":"RECALL"},{"data":"Shockwave","floor":52,"key":"SMITH"}],"neow_cost":"NONE","seed_source_timestamp":14775176504670,"circlet_count":0,"master_deck":["Strike_R","Strike_R","Defend_R","Defend_R","Defend_R","Defend_R","Bash","Pommel Strike","Rampage+1","Shockwave+1","Immolate+1","Flame Barrier+1","Double Tap+1","Disarm+1","Feed","Pommel Strike","Whirlwind+1","True Grit+1","Limit Break+1","Inflame+1","Pommel Strike+1","Sword Boomerang+1","Evolve+1","Shrug It Off+1","Shrug It Off","Reaper+1","Corruption+1","Feel No Pain+1","Shrug It Off","Metallicize+1"],"relics":["Burning Blood","NeowsBlessing","Oddly Smooth Stone","Self Forming Clay","Ancient Tea Set","Shuriken","Philosopher\u0027s Stone","Pen Nib","Magic Flower","Mummified Hand","Regal Pillow","Pantograph","Molten Egg 2","Bronze Scales","Membership Card","Ornamental Fan","Mark of Pain","Frozen Egg 2","Dead Branch","Darkstone Periapt","MawBank","Potion Belt","Gremlin Horn","Chemical X","Bottled Tornado"],"potions_floor_usage":[11,11,13,16,27,27,27,27,33,35,37,42,54,55,55],"damage_taken":[{"damage":0,"enemies":"Jaw Worm","floor":1,"turns":1},{"damage":0,"enemies":"Cultist","floor":3,"turns":1},{"damage":0,"enemies":"Lagavulin","floor":6,"turns":1},{"damage":10,"enemies":"Gremlin Nob","floor":8,"turns":3},{"damage":1,"enemies":"Small Slimes","floor":10,"turns":3},{"damage":4,"enemies":"Lagavulin","floor":11,"turns":5},{"damage":2,"enemies":"Gremlin Gang","floor":13,"turns":2},{"damage":0,"enemies":"Looter","floor":14,"turns":2},{"damage":7,"enemies":"The Guardian","floor":16,"turns":13},{"damage":0,"enemies":"Spheric Guardian","floor":18,"turns":3},{"damage":13,"enemies":"Chosen","floor":20,"turns":6},{"damage":16,"enemies":"Colosseum Slavers","floor":21,"turns":4},{"damage":0,"enemies":"Colosseum Nobs","floor":21,"turns":2},{"damage":4,"enemies":"Centurion and Healer","floor":22,"turns":4},{"damage":0,"enemies":"Slavers","floor":23,"turns":1},{"damage":18,"enemies":"Snake Plant","floor":25,"turns":3},{"damage":31,"enemies":"Book of Stabbing","floor":27,"turns":5},{"damage":0,"enemies":"Gremlin Leader","floor":29,"turns":3},{"damage":55,"enemies":"Collector","floor":33,"turns":8},{"damage":0,"enemies":"3 Darklings","floor":35,"turns":1},{"damage":6,"enemies":"Orb Walker","floor":37,"turns":2},{"damage":37,"enemies":"Reptomancer","floor":40,"turns":3},{"damage":8,"enemies":"Sphere and 2 Shapes","floor":42,"turns":2},{"damage":15,"enemies":"Maw","floor":44,"turns":5},{"damage":13,"enemies":"Giant Head","floor":45,"turns":5},{"damage":13,"enemies":"Spire Growth","floor":46,"turns":3},{"damage":23,"enemies":"Donu and Deca","floor":50,"turns":4},{"damage":3,"enemies":"Shield and Spear","floor":54,"turns":2},{"damage":53,"enemies":"The Heart","floor":55,"turns":5}],"seed_played":"-2166985121098861428","potions_obtained":[{"floor":1,"key":"Block Potion"},{"floor":3,"key":"Energy Potion"},{"floor":6,"key":"Poison Potion"},{"floor":11,"key":"GamblersBrew"},{"floor":21,"key":"Swift Potion"},{"floor":22,"key":"FearPotion"},{"floor":23,"key":"EntropicBrew"},{"floor":27,"key":"Energy Potion"},{"floor":33,"key":"Energy Potion"},{"floor":35,"key":"SkillPotion"},{"floor":42,"key":"Strength Potion"},{"floor":45,"key":"GamblersBrew"}],"is_trial":false,"path_per_floor":["M","?","M","$","?","E","R","E","T","M","E","?","M","M","R","B",null,"M","$","M","?","M","E","?","M","T","E","R","E","R","$","R","B",null,"M","$","M","T","?","E","R","M","T","M","E","M","?","$","R","B",null,"R","$","E","B",null],"character_chosen":"IRONCLAD","items_purchased":["Rampage","Shockwave","Whirlwind","Pen Nib","Membership Card","Ornamental Fan","Frozen Egg 2","Potion Belt","Corruption+1","Gremlin Horn","AttackPotion","Regen Potion","Chemical X","Feel No Pain+1","Shrug It Off"],"campfire_rested":0,"item_purchase_floors":[4,4,19,19,31,31,36,48,48,48,48,48,53,53,53],"current_hp_per_floor":[80,80,80,80,80,80,80,76,76,80,80,80,80,80,80,79,80,83,83,76,75,80,86,78,69,69,52,52,61,61,61,61,43,89,89,89,89,89,89,61,61,62,62,61,57,53,53,53,53,90,92,92,92,92,62],"gold":29,"neow_bonus":"THREE_ENEMY_KILL","is_prod":false,"is_daily":false,"chose_seed":false,"campfire_upgraded":7,"win_rate":0,"timestamp":1550451241,"path_taken":["M","?","M","?","?","E","R","E","T","?","E","?","M","?","R","BOSS","M","$","M","?","M","E","?","M","T","E","R","E","R","$","R","BOSS","M","$","M","?","?","E","R","M","T","?","E","M","?","$","R","BOSS","R","$","E","BOSS"],"build_version":"2019-01-23","purchased_purges":2,"victory":true,"max_hp_per_floor":[80,80,80,80,80,80,80,80,80,80,80,80,80,80,80,80,80,83,83,83,86,86,86,86,86,86,89,89,89,89,89,89,89,89,89,89,89,89,89,89,89,89,89,92,92,92,92,92,92,92,92,92,92,92,92],"card_choices":[{"not_picked":["Rupture","Pummel","Intimidate"],"picked":"SKIP","floor":1},{"not_picked":["Headbutt","Flex"],"picked":"Pommel Strike","floor":3},{"not_picked":["Infernal Blade","Clothesline","Clash"],"picked":"SKIP","floor":6},{"not_picked":["Combust","Clothesline","Wild Strike"],"picked":"SKIP","floor":8},{"not_picked":["Clash","Sword Boomerang"],"picked":"Immolate","floor":10},{"not_picked":["Clothesline","Perfected Strike"],"picked":"Flame Barrier","floor":11},{"not_picked":["Perfected Strike","Clash"],"picked":"Double Tap","floor":13},{"not_picked":["Searing Blow","Twin Strike"],"picked":"Disarm","floor":14},{"not_picked":["Double Tap","Exhume"],"picked":"Feed","floor":16},{"not_picked":["Corruption","True Grit"],"picked":"Pommel Strike","floor":18},{"not_picked":["Thunderclap","Havoc+1","Seeing Red"],"picked":"SKIP","floor":20},{"not_picked":["Sever Soul","Demon Form"],"picked":"True Grit+1","floor":22},{"not_picked":["Power Through","Whirlwind","Sword Boomerang"],"picked":"SKIP","floor":23},{"not_picked":["Sword Boomerang","Twin Strike","Havoc+1"],"picked":"SKIP","floor":25},{"not_picked":["Havoc","Thunderclap","Dropkick"],"picked":"SKIP","floor":27},{"not_picked":["Thunderclap+1","Reckless Charge+1","Brutality"],"picked":"SKIP","floor":29},{"not_picked":["Double Tap","Bludgeon+1"],"picked":"Limit Break","floor":33},{"not_picked":["Wild Strike+1","Cleave+1"],"picked":"Inflame+1","floor":35},{"not_picked":["Rage+1","Ghostly Armor+1"],"picked":"Pommel Strike+1","floor":37},{"not_picked":["Cleave+1","Rage"],"picked":"Sword Boomerang+1","floor":40},{"not_picked":["Headbutt+1","Perfected Strike+1","Evolve+1"],"picked":"SKIP","floor":42},{"not_picked":["Headbutt+1","Perfected Strike+1"],"picked":"Evolve+1","floor":42},{"not_picked":["Disarm","Iron Wave+1"],"picked":"Shrug It Off+1","floor":44},{"not_picked":["Thunderclap+1","Cleave+1"],"picked":"Shrug It Off","floor":45},{"not_picked":["Immolate+1","Sentinel+1","Blood for Blood+1"],"picked":"SKIP","floor":46},{"not_picked":["Rupture+1","Warcry"],"picked":"Metallicize+1","floor":54}],"player_experience":763443,"relics_obtained":[{"floor":6,"key":"Oddly Smooth Stone"},{"floor":8,"key":"Self Forming Clay"},{"floor":9,"key":"Ancient Tea Set"},{"floor":11,"key":"Shuriken"},{"floor":21,"key":"Magic Flower"},{"floor":21,"key":"Mummified Hand"},{"floor":23,"key":"Regal Pillow"},{"floor":26,"key":"Pantograph"},{"floor":27,"key":"Molten Egg 2"},{"floor":29,"key":"Bronze Scales"},{"floor":40,"key":"Dead Branch"},{"floor":43,"key":"Darkstone Periapt"},{"floor":45,"key":"MawBank"},{"floor":54,"key":"Bottled Tornado"}],"event_choices":[{"damage_healed":0,"gold_gain":100,"player_choice":"Pray","damage_taken":0,"max_hp_gain":0,"max_hp_loss":0,"event_name":"Golden Shrine","floor":2,"gold_loss":0},{"damage_healed":0,"gold_gain":0,"player_choice":"Ignored","damage_taken":0,"max_hp_gain":0,"max_hp_loss":0,"event_name":"NoteForYourself","floor":5,"gold_loss":0},{"damage_healed":0,"gold_gain":0,"player_choice":"Upgraded","damage_taken":0,"max_hp_gain":0,"max_hp_loss":0,"event_name":"Upgrade Shrine","floor":12,"gold_loss":0,"cards_upgraded":["Immolate"]},{"damage_healed":0,"gold_gain":0,"player_choice":"Fight","damage_taken":0,"max_hp_gain":0,"max_hp_loss":0,"event_name":"Colosseum","floor":21,"gold_loss":0},{"damage_healed":0,"gold_gain":0,"player_choice":"Fought Nobs","damage_taken":0,"max_hp_gain":0,"max_hp_loss":0,"event_name":"Colosseum","floor":21,"gold_loss":0},{"damage_healed":0,"gold_gain":75,"player_choice":"Touch","damage_taken":8,"max_hp_gain":0,"max_hp_loss":0,"event_name":"FaceTrader","floor":24,"gold_loss":0},{"damage_healed":0,"gold_gain":300,"player_choice":"Gold","damage_taken":0,"max_hp_gain":0,"max_hp_loss":0,"event_name":"Wheel of Change","floor":39,"gold_loss":0},{"damage_healed":0,"gold_gain":0,"cards_transformed":["Strike_R"],"player_choice":"Transformed","damage_taken":0,"max_hp_gain":0,"max_hp_loss":0,"event_name":"Transmorgrifier","floor":47,"gold_loss":0,"cards_obtained":["Reaper"]}],"is_beta":false,"boss_relics":[{"not_picked":["Black Blood","Calling Bell"],"picked":"Philosopher\u0027s Stone"},{"not_picked":["Eternal Feather","White Beast Statue"],"picked":"Mark of Pain"}],"items_purged_floors":[19,48],"is_endless":false,"potions_floor_spawned":[1,3,6,11,21,22,23,27,33,35,42,45],"ascension_level":1}