{"gold_per_floor":[116,116,136,136,136,136,167,167,167,191,191,207,6,26,26,149,149,167,117,136,61,74,74,173,173,222,172,172,195,195,210,210,333,333,353,353,55,480,480,480,514,103,103,103,119,155,0,25,25,25],"floor_reached":51,"playtime":1197,"items_purged":["Strike_R","Bash","Reckless Charge","Intimidate+1","Uppercut+1"],"score":979,"play_id":"46310323-b3ce-42ea-bf1b-214d870734e9","local_time":"20190324224001","is_ascension_mode":true,"campfire_choices":[{"data":"Dual Wield","floor":6,"key":"SMITH"},{"floor":8,"key":"REST"},{"data":"Body Slam","floor":11,"key":"SMITH"},{"data":"Defend_R","floor":15,"key":"SMITH"},{"data":"Entrench","floor":23,"key":"SMITH"},{"data":"Barricade","floor":28,"key":"SMITH"},{"data":"Shrug It Off","floor":32,"key":"SMITH"},{"floor":40,"key":"RECALL"},{"floor":44,"key":"REST"},{"floor":49,"key":"REST"}],"neow_cost":"NONE","seed_source_timestamp":0,"circlet_count":0,"master_deck":["Defend_R+1","Dual Wield+1","Body Slam+1","Barricade+1","Entrench+1","Shrug It Off+1"],"special_seed":0,"relics":["Burning Blood","Oddly Smooth Stone","Golden Idol","Odd Mushroom","Smiling Mask","Anchor","Astrolabe","Ice Cream","Empty Cage","Dodecahedron","Old Coin","Gremlin Horn","Membership Card","Calipers","Red Skull","Orichalcum","Red Mask"],"potions_floor_usage":[16,16,33,33],"damage_taken":[{"damage":9,"enemies":"Cultist","floor":1,"turns":4},{"damage":8,"enemies":"Small Slimes","floor":3,"turns":4},{"damage":27,"enemies":"The Mushroom Lair","floor":7,"turns":7},{"damage":0,"enemies":"Jaw Worm","floor":10,"turns":5},{"damage":0,"enemies":"Exordium Wildlife","floor":12,"turns":3},{"damage":0,"enemies":"2 Fungi Beasts","floor":14,"turns":3},{"damage":52,"enemies":"Slime Boss","floor":16,"turns":12},{"damage":12,"enemies":"Spheric Guardian","floor":18,"turns":4},{"damage":6,"enemies":"Chosen","floor":20,"turns":6},{"damage":2,"enemies":"Shelled Parasite and Fungi","floor":22,"turns":5},{"damage":9,"enemies":"Snake Plant","floor":29,"turns":6},{"damage":0,"enemies":"Centurion and Healer","floor":31,"turns":4},{"damage":21,"enemies":"Collector","floor":33,"turns":7},{"damage":0,"enemies":"Orb Walker","floor":35,"turns":3},{"damage":0,"enemies":"Mind Bloom Boss Battle","floor":38,"turns":3},{"damage":0,"enemies":"Nemesis","floor":41,"turns":3},{"damage":0,"enemies":"3 Darklings","floor":45,"turns":2},{"damage":0,"enemies":"Reptomancer","floor":46,"turns":2},{"damage":0,"enemies":"Transient","floor":48,"turns":3},{"damage":0,"enemies":"Awakened One","floor":50,"turns":4}],"seed_played":"5275542401072023296","potions_obtained":[{"floor":3,"key":"Energy Potion"},{"floor":7,"key":"Ancient Potion"},{"floor":14,"key":"Block Potion"},{"floor":18,"key":"FearPotion"},{"floor":31,"key":"SteroidPotion"},{"floor":35,"key":"SteroidPotion"},{"floor":41,"key":"Ancient Potion"},{"floor":46,"key":"EntropicBrew"}],"is_trial":false,"path_per_floor":["M","?","M","$","?","R","?","R","T","M","R","M","$","M","R","B",null,"M","$","M","?","M","R","?","?","T","$","R","M","T","M","R","B",null,"M","?","$","?","?","R","E","$","T","R","M","E","?","M","R","B",null],"character_chosen":"IRONCLAD","items_purchased":["Anchor","Dodecahedron","Membership Card","Calipers"],"campfire_rested":3,"item_purchase_floors":[13,37,42,42],"current_hp_per_floor":[77,57,55,55,39,39,18,42,42,48,48,54,54,60,60,14,80,74,74,74,74,78,78,78,78,78,78,78,75,75,80,80,65,80,80,80,80,80,80,80,80,80,80,80,80,80,80,80,80,80],"gold":25,"neow_bonus":"RANDOM_COMMON_RELIC","is_prod":false,"is_daily":false,"chose_seed":false,"campfire_upgraded":6,"win_rate":0,"timestamp":1553492401,"path_taken":["M","?","M","$","?","R","?","R","T","M","R","M","$","M","R","BOSS","M","$","M","?","M","R","?","?","T","$","R","?","?","M","R","BOSS","M","?","$","?","?","R","E","$","T","R","M","E","?","M","R","BOSS"],"build_version":"2019-01-23","purchased_purges":5,"victory":true,"max_hp_per_floor":[80,80,80,80,80,80,80,80,80,80,80,80,80,80,80,80,80,80,80,80,80,80,80,80,80,80,80,80,80,80,80,80,80,80,80,80,80,80,80,80,80,80,80,80,80,80,80,80,80,80],"card_choices":[{"not_picked":["True Grit","Anger"],"picked":"Dual Wield","floor":1},{"not_picked":["Hemokinesis","Sever Soul","Pummel"],"picked":"SKIP","floor":3},{"not_picked":["Flex","Clash"],"picked":"Body Slam","floor":10},{"not_picked":["Havoc","Headbutt","Armaments"],"picked":"SKIP","floor":12},{"not_picked":["Clothesline","Warcry","Blood for Blood"],"picked":"SKIP","floor":14},{"not_picked":["Offering","Feed"],"picked":"Barricade","floor":16},{"not_picked":["Sword Boomerang","Spot Weakness+1","Thunderclap"],"picked":"SKIP","floor":18},{"not_picked":["Reckless Charge","Perfected Strike"],"picked":"Entrench","floor":20},{"not_picked":["Searing Blow","Whirlwind+1"],"picked":"Shrug It Off","floor":22},{"not_picked":["Twin Strike","Rage+1","Second Wind"],"picked":"SKIP","floor":29},{"not_picked":["Iron Wave","Flex","Wild Strike+1"],"picked":"SKIP","floor":31},{"not_picked":["Evolve","Rage+1","Rupture"],"picked":"SKIP","floor":35},{"not_picked":["Twin Strike+1","Thunderclap+1","Blood for Blood+1"],"picked":"SKIP","floor":41},{"not_picked":["Perfected Strike+1","Wild Strike+1","Metallicize+1"],"picked":"SKIP","floor":45},{"not_picked":["Warcry","Wild Strike+1","Body Slam"],"picked":"SKIP","floor":46},{"not_picked":["Twin Strike","Clash+1","Pommel Strike"],"picked":"SKIP","floor":48}],"player_experience":831398,"relics_obtained":[{"floor":7,"key":"Odd Mushroom"},{"floor":9,"key":"Smiling Mask"},{"floor":30,"key":"Ice Cream"},{"floor":38,"key":"Old Coin"},{"floor":41,"key":"Gremlin Horn"},{"floor":43,"key":"Red Skull"},{"floor":46,"key":"Orichalcum"}],"event_choices":[{"damage_healed":0,"gold_gain":0,"player_choice":"Take Damage","damage_taken":20,"relics_obtained":["Golden Idol"],"max_hp_gain":0,"max_hp_loss":0,"event_name":"Golden Idol","floor":2,"gold_loss":0},{"damage_healed":0,"gold_gain":0,"player_choice":"Entered Light","damage_taken":16,"max_hp_gain":0,"max_hp_loss":0,"event_name":"Shining Light","floor":5,"gold_loss":0,"cards_upgraded":["Strike_R","Strike_R"]},{"damage_healed":0,"gold_gain":0,"player_choice":"Fought Mushrooms","damage_taken":0,"max_hp_gain":0,"max_hp_loss":0,"event_name":"Mushrooms","floor":7,"gold_loss":0},{"cards_removed":["Strike_R"],"damage_healed":0,"gold_gain":0,"player_choice":"Gave Gold","damage_taken":0,"max_hp_gain":0,"max_hp_loss":0,"event_name":"Beggar","floor":21,"gold_loss":75},{"damage_healed":0,"gold_gain":99,"player_choice":"Stole From Cult","damage_taken":0,"max_hp_gain":0,"max_hp_loss":0,"event_name":"Nest","floor":24,"gold_loss":0},{"damage_healed":0,"gold_gain":0,"cards_transformed":["Carnage","Defend_R"],"player_choice":"Became Test Subject","damage_taken":0,"max_hp_gain":0,"max_hp_loss":0,"event_name":"Drug Dealer","floor":25,"gold_loss":0,"cards_obtained":["Reckless Charge","Rampage"]},{"cards_removed":["Defend_R"],"damage_healed":0,"gold_gain":0,"player_choice":"Removed Skill","damage_taken":0,"max_hp_gain":0,"max_hp_loss":0,"event_name":"Falling","floor":36,"gold_loss":0},{"damage_healed":0,"gold_gain":0,"player_choice":"Fight","damage_taken":0,"max_hp_gain":0,"max_hp_loss":0,"event_name":"MindBloom","floor":38,"gold_loss":0},{"damage_healed":0,"gold_gain":0,"player_choice":"Memory 1","damage_taken":0,"max_hp_gain":0,"max_hp_loss":0,"event_name":"SensoryStone","floor":39,"gold_loss":0},{"damage_healed":0,"gold_gain":0,"player_choice":"Paid","damage_taken":0,"relics_obtained":["Red Mask"],"max_hp_gain":0,"max_hp_loss":0,"event_name":"Tomb of Lord Red Mask","floor":47,"gold_loss":155}],"is_beta":false,"boss_relics":[{"not_picked":["Runic Pyramid","Runic Cube"],"picked":"Astrolabe"},{"not_picked":["Tiny House","Eternal Feather"],"picked":"Empty Cage"}],"items_purged_floors":[13,19,27,37,42],"is_endless":false,"potions_floor_spawned":[3,7,14,18,31,35,41,46],"ascension_level":1}