{"gold_per_floor":[112,122,134,150,164,192,117,137,137,137,149,166,166,179,179,275,275,288,306,324,249,266,266,276,64,64,64,83,83,110,135,147,259,271,298,329,341,59,71,71,83,83,106,106],"floor_reached":44,"playtime":3298,"items_purged":["Strike_G","Strike_G"],"score":440,"play_id":"8997a44e-2851-413e-94eb-8fbb02346d2a","local_time":"20190306014938","is_ascension_mode":false,"campfire_choices":[{"data":"Bane","floor":10,"key":"SMITH"},{"floor":13,"key":"REST"},{"data":"Reflex","floor":15,"key":"SMITH"},{"data":"Noxious Fumes","floor":23,"key":"SMITH"},{"floor":29,"key":"REST"},{"floor":32,"key":"REST"},{"floor":40,"key":"REST"},{"floor":42,"key":"REST"}],"neow_cost":"NONE","seed_source_timestamp":248174899673777,"circlet_count":0,"master_deck":["Defend_G","Defend_G+1","Defend_G+1","Defend_G","Defend_G","Strike_G","Strike_G","Survivor","Neutralize","Deadly Poison","Bane+1","Sucker Punch","Escape Plan","Quick Slash","Unload","Poisoned Stab","Reflex+1","Die Die Die","Bane+1","Backflip+1","Dagger Throw","Noxious Fumes+1","Unload","Corpse Explosion","Reflex+1","After Image","Flying Knee+1","Catalyst","Bane+1"],"relics":["Ring of the Snake","Oddly Smooth Stone","Omamori","Tingsha","Cursed Key","War Paint","Nunchaku","MawBank","Black Star","Strange Spoon","Ancient Tea Set"],"potions_floor_usage":[6,16,19,33,33,44],"damage_taken":[{"damage":0,"enemies":"Cultist","floor":1,"turns":4},{"damage":3,"enemies":"2 Louse","floor":2,"turns":3},{"damage":0,"enemies":"Small Slimes","floor":3,"turns":3},{"damage":1,"enemies":"Looter","floor":4,"turns":3},{"damage":0,"enemies":"2 Fungi Beasts","floor":5,"turns":4},{"damage":12,"enemies":"Lagavulin","floor":6,"turns":6},{"damage":4,"enemies":"3 Louse","floor":8,"turns":3},{"damage":4,"enemies":"Gremlin Gang","floor":11,"turns":5},{"damage":8,"enemies":"Exordium Wildlife","floor":12,"turns":3},{"damage":1,"enemies":"2 Fungi Beasts","floor":14,"turns":3},{"damage":43,"enemies":"Slime Boss","floor":16,"turns":8},{"damage":3,"enemies":"Shell Parasite","floor":18,"turns":4},{"damage":2,"enemies":"2 Thieves","floor":19,"turns":4},{"damage":11,"enemies":"Centurion and Healer","floor":20,"turns":5},{"damage":6,"enemies":"Chosen and Byrds","floor":22,"turns":3},{"damage":2,"enemies":"Snecko","floor":24,"turns":5},{"damage":1,"enemies":"Cultist and Chosen","floor":28,"turns":4},{"damage":21,"enemies":"Book of Stabbing","floor":30,"turns":5},{"damage":0,"enemies":"Snake Plant","floor":31,"turns":4},{"damage":47,"enemies":"Collector","floor":33,"turns":7},{"damage":21,"enemies":"Orb Walker","floor":35,"turns":4},{"damage":17,"enemies":"3 Shapes","floor":36,"turns":3},{"damage":8,"enemies":"Transient","floor":39,"turns":5},{"damage":30,"enemies":"4 Shapes","floor":41,"turns":4},{"damage":41,"enemies":"Nemesis","floor":44,"turns":3}],"seed_played":"892656671938376200","potions_obtained":[{"floor":3,"key":"PowerPotion"},{"floor":4,"key":"PowerPotion"},{"floor":8,"key":"LiquidBronze"},{"floor":12,"key":"FearPotion"},{"floor":28,"key":"SkillPotion"},{"floor":30,"key":"GamblersBrew"},{"floor":33,"key":"EssenceOfSteel"},{"floor":35,"key":"Dexterity Potion"}],"is_trial":false,"path_per_floor":["$","?","?","?"],"character_chosen":"THE_SILENT","items_purchased":["War Paint","Unload","Strange Spoon"],"campfire_rested":5,"item_purchase_floors":[25,25,38],"current_hp_per_floor":[70,67,67,66,66,54,54,50,50,50,46,38,59,58,58,15,70,67,65,54,54,48,48,46,46,46,33,32,54,33,33,55,8,75,54,37,37,37,29,50,20,41,41,0],"gold":106,"neow_bonus":"RANDOM_COMMON_RELIC","is_prod":false,"is_daily":false,"chose_seed":false,"campfire_upgraded":3,"win_rate":0.0,"timestamp":1551811778,"path_taken":["M","M","M","M","M","E","?","M","T","R","M","M","R","M","R","BOSS","M","M","M","?","M","R","M","$","T","?","M","R","E","M","R","BOSS","M","M","?","$","M","R","M","R","T","E"],"build_version":"2019-01-23","purchased_purges":2,"victory":false,"max_hp_per_floor":[70,70,70,70,70,70,70,70,70,70,70,70,70,70,70,70,70,70,70,70,70,70,70,70,70,70,75,75,75,75,75,75,75,75,75,75,71,71,71,71,71,71,71,71],"card_choices":[{"not_picked":["PiercingWail","Crippling Poison"],"picked":"Deadly Poison","floor":1},{"not_picked":["PiercingWail","Underhanded Strike"],"picked":"Bane","floor":2},{"not_picked":["Heel Hook","A Thousand Cuts"],"picked":"Sucker Punch","floor":3},{"not_picked":["Dodge and Roll","Choke"],"picked":"Escape Plan","floor":4},{"not_picked":["Heel Hook","Endless Agony","Underhanded Strike"],"picked":"SKIP","floor":5},{"not_picked":["Infinite Blades","PiercingWail"],"picked":"Quick Slash","floor":6},{"not_picked":["Cloak And Dagger","Dagger Spray","Leg Sweep"],"picked":"SKIP","floor":8},{"not_picked":["Dagger Throw","Dodge and Roll"],"picked":"Unload","floor":11},{"not_picked":["Quick Slash","Slice"],"picked":"Poisoned Stab","floor":12},{"not_picked":["Backstab","Slice"],"picked":"Reflex","floor":14},{"not_picked":["After Image","Malaise"],"picked":"Die Die Die","floor":16},{"not_picked":["Deflect","Calculated Gamble"],"picked":"Bane+1","floor":18},{"not_picked":["Acrobatics+1","Outmaneuver"],"picked":"Backflip+1","floor":19},{"not_picked":["Quick Slash","Deadly Poison+1"],"picked":"Dagger Throw","floor":20},{"not_picked":["Blade Dance","Prepared"],"picked":"Noxious Fumes","floor":22},{"not_picked":["Sucker Punch","Bouncing Flask","Flying Knee"],"picked":"SKIP","floor":24},{"not_picked":["Cloak And Dagger","Quick Slash"],"picked":"Corpse Explosion","floor":28},{"not_picked":["Cloak And Dagger","Dagger Throw"],"picked":"Reflex+1","floor":30},{"not_picked":["Finisher","Dagger Spray","Blade Dance"],"picked":"SKIP","floor":31},{"not_picked":["Wraith Form v2","Burst"],"picked":"After Image","floor":33},{"not_picked":["Outmaneuver+1","Flechettes"],"picked":"Flying Knee+1","floor":35},{"not_picked":["Prepared","Deadly Poison+1"],"picked":"Catalyst","floor":36},{"not_picked":["Prepared","Sucker Punch+1"],"picked":"Bane+1","floor":39},{"not_picked":["Flechettes+1","Masterful Stab+1","Flying Knee+1"],"picked":"SKIP","floor":41}],"player_experience":50790,"relics_obtained":[{"floor":6,"key":"Omamori"},{"floor":9,"key":"Tingsha"},{"floor":26,"key":"Nunchaku"},{"floor":30,"key":"MawBank"},{"floor":43,"key":"Ancient Tea Set"}],"event_choices":[{"cards_removed":["Strike_G"],"damage_healed":0,"gold_gain":0,"player_choice":"Gave Gold","damage_taken":0,"max_hp_gain":0,"max_hp_loss":0,"event_name":"Beggar","floor":21,"gold_loss":75},{"damage_healed":0,"gold_gain":0,"player_choice":"Shed Blood","damage_taken":18,"max_hp_gain":5,"max_hp_loss":0,"event_name":"Forgotten Altar","floor":27,"gold_loss":0},{"damage_healed":0,"gold_gain":0,"player_choice":"Max HP","damage_taken":0,"max_hp_gain":0,"max_hp_loss":4,"event_name":"Winding Halls","floor":37,"gold_loss":0}],"is_beta":false,"boss_relics":[{"not_picked":["WristBlade","Fusion Hammer"],"picked":"Cursed Key"},{"not_picked":["Lizard Tail","Runic Dome"],"picked":"Black Star"}],"items_purged_floors":[7,38],"is_endless":false,"potions_floor_spawned":[3,4,8,12,14,28,30,33,35,41],"killed_by":"Nemesis","ascension_level":0}