{"gold_per_floor":[11,24,24,24,24,55,55,55,82,82,126,145,169,203,203,334,334,348,149,165,165,15,58,58,101,101,136,235,258,258,281,281,402,402,423,176,195,195,195,238,238,282,282,407,407,422,342,136,136,136],"floor_reached":50,"playtime":4440,"items_purged":["Strike_B","Strike_B","Strike_B"],"score":983,"play_id":"fd656755-02b1-49e7-9188-312136de31c2","local_time":"20190415181809","is_ascension_mode":true,"campfire_choices":[{"data":"Zap","floor":8,"key":"SMITH"},{"data":"Go for the Eyes","floor":10,"key":"SMITH"},{"data":"Dualcast","floor":15,"key":"SMITH"},{"data":"Seek","floor":24,"key":"SMITH"},{"data":"Thunder Strike","floor":30,"key":"SMITH"},{"floor":32,"key":"REST"},{"data":"Biased Cognition","floor":41,"key":"SMITH"},{"data":"Creative AI","floor":45,"key":"SMITH"},{"floor":49,"key":"REST"}],"neow_cost":"NO_GOLD","seed_source_timestamp":6120176307562,"circlet_count":0,"master_deck":["AscendersBane","Strike_B","Defend_B","Defend_B","Defend_B","Defend_B","Zap+1","Dualcast+1","Go for the Eyes+1","Melter","Conserve Battery","FTL","Doom and Gloom","Barrage","Seek+1","Electrodynamics","Capacitor+1","Glacier","Ball Lightning","Double Energy+1","Hologram","Thunder Strike+1","Ball Lightning+1","Cold Snap+1","Biased Cognition+1","Hologram+1","Ball Lightning","Leap","Stack","Tempest+1","Redo+1","Creative AI+1","Cold Snap+1","Coolheaded+1","Defragment","Coolheaded+1"],"relics":["Cracked Core","Golden Idol","Orichalcum","Gremlin Horn","Oddly Smooth Stone","Lantern","Bag of Preparation","Velvet Choker","Centennial Puzzle","Happy Flower","Pocketwatch","Bottled Tornado","Question Card","Sozu","Dream Catcher","Omamori","Vajra","Thread and Needle","Chemical X"],"potions_floor_usage":[6,16,31,33],"damage_taken":[{"damage":8,"enemies":"Jaw Worm","floor":1,"turns":4},{"damage":1,"enemies":"Small Slimes","floor":2,"turns":3},{"damage":28,"enemies":"Gremlin Nob","floor":6,"turns":4},{"damage":17,"enemies":"Lagavulin","floor":11,"turns":5},{"damage":0,"enemies":"Cultist","floor":12,"turns":2},{"damage":0,"enemies":"Exordium Thugs","floor":13,"turns":3},{"damage":10,"enemies":"3 Sentries","floor":14,"turns":5},{"damage":10,"enemies":"Hexaghost","floor":16,"turns":9},{"damage":10,"enemies":"Shell Parasite","floor":18,"turns":4},{"damage":4,"enemies":"Chosen","floor":20,"turns":3},{"damage":5,"enemies":"Gremlin Leader","floor":23,"turns":6},{"damage":22,"enemies":"Book of Stabbing","floor":25,"turns":5},{"damage":0,"enemies":"Gremlin Leader","floor":27,"turns":5},{"damage":0,"enemies":"Sentry and Sphere","floor":29,"turns":2},{"damage":1,"enemies":"Centurion and Healer","floor":31,"turns":5},{"damage":38,"enemies":"Automaton","floor":33,"turns":6},{"damage":1,"enemies":"Orb Walker","floor":35,"turns":2},{"damage":0,"enemies":"3 Shapes","floor":37,"turns":1},{"damage":18,"enemies":"Giant Head","floor":40,"turns":6},{"damage":0,"enemies":"Nemesis","floor":42,"turns":3},{"damage":3,"enemies":"Mind Bloom Boss Battle","floor":44,"turns":5},{"damage":2,"enemies":"3 Darklings","floor":46,"turns":3},{"damage":80,"enemies":"Awakened One","floor":50,"turns":9}],"seed_played":"7193202596144441934","potions_obtained":[{"floor":2,"key":"SteroidPotion"},{"floor":6,"key":"SteroidPotion"},{"floor":14,"key":"Fruit Juice"},{"floor":16,"key":"Poison Potion"},{"floor":18,"key":"AttackPotion"},{"floor":33,"key":"LiquidBronze"}],"is_trial":false,"path_per_floor":["M","M","$","?","?","E","T","R","T","R","E","M","M","E","R","B",null,"M","$","M","?","$","E","R","E","T","E","?","M","R","M","R","B",null,"M","$","M","?","?","E","R","E","T","?","R","M","$","$","R","B"],"character_chosen":"DEFECT","items_purchased":["Glacier","Ball Lightning","Block Potion","Ball Lightning","Leap","Stack","Defragment","Chemical X"],"campfire_rested":2,"item_purchase_floors":[19,19,22,36,36,36,47,48],"current_hp_per_floor":[74,73,73,73,73,45,45,45,45,45,28,28,28,18,18,13,69,59,59,55,55,55,50,50,28,28,28,28,28,28,27,53,15,69,68,68,68,68,68,50,50,50,50,47,47,45,45,45,69,0],"gold":136,"neow_bonus":"TWENTY_PERCENT_HP_BONUS","is_prod":false,"is_daily":false,"chose_seed":false,"campfire_upgraded":7,"win_rate":0,"timestamp":1555363089,"path_taken":["M","M","$","?","?","E","?","R","T","R","E","M","?","E","R","BOSS","M","$","M","?","?","E","R","E","T","E","?","M","R","M","R","BOSS","M","$","M","?","?","E","R","E","T","?","R","M","?","$","R","BOSS"],"build_version":"2019-01-23","purchased_purges":3,"victory":false,"max_hp_per_floor":[89,89,89,82,82,82,82,82,82,82,82,82,82,82,82,87,87,87,87,87,87,87,87,87,87,87,87,87,87,87,87,87,87,87,87,87,87,87,83,83,83,83,83,83,83,83,83,83,83,83],"card_choices":[{"not_picked":["Leap","Barrage"],"picked":"Go for the Eyes","floor":1},{"not_picked":["Barrage","Leap"],"picked":"Melter","floor":2},{"not_picked":["Redo","Double Energy"],"picked":"Conserve Battery","floor":6},{"not_picked":["Gash","Go for the Eyes"],"picked":"FTL","floor":11},{"not_picked":["Cold Snap","Core Surge"],"picked":"Doom and Gloom","floor":12},{"not_picked":["Doom and Gloom","Redo"],"picked":"Barrage","floor":13},{"not_picked":["Rebound","Barrage"],"picked":"Seek","floor":14},{"not_picked":["Amplify","Machine Learning"],"picked":"Electrodynamics","floor":16},{"not_picked":["Ball Lightning","Double Energy+1"],"picked":"Capacitor+1","floor":18},{"not_picked":["Redo+1","Leap"],"picked":"Double Energy+1","floor":20},{"not_picked":["Storm+1","Beam Cell"],"picked":"Hologram","floor":23},{"not_picked":["Hologram","Streamline","Redo"],"picked":"SKIP","floor":25},{"not_picked":["Aggregate","Gash"],"picked":"Thunder Strike","floor":27},{"not_picked":["Hologram+1","Streamline","Sunder"],"picked":"Ball Lightning+1","floor":29},{"not_picked":["Blizzard","Hologram","Steam"],"picked":"Cold Snap+1","floor":31},{"not_picked":["Echo Form","Creative AI","Rainbow"],"picked":"Biased Cognition","floor":33},{"not_picked":["Heatsinks","Steam","FTL+1"],"picked":"Hologram+1","floor":35},{"not_picked":["Conserve Battery+1","Reinforced Body","Compile Driver"],"picked":"Tempest+1","floor":37},{"not_picked":["Reprogram","Hello World+1","Blizzard"],"picked":"Redo+1","floor":40},{"not_picked":["Conserve Battery+1","Rebound+1","Streamline"],"picked":"Creative AI","floor":42},{"not_picked":["Self Repair","Beam Cell","Lockon"],"picked":"Cold Snap+1","floor":44},{"not_picked":["Barrage","Reprogram+1","Go for the Eyes"],"picked":"Coolheaded+1","floor":46},{"not_picked":["Double Energy+1","Darkness+1","Turbo"],"picked":"Coolheaded+1","floor":49}],"player_experience":632253,"relics_obtained":[{"floor":6,"key":"Orichalcum"},{"floor":7,"key":"Gremlin Horn"},{"floor":9,"key":"Oddly Smooth Stone"},{"floor":11,"key":"Lantern"},{"floor":14,"key":"Bag of Preparation"},{"floor":23,"key":"Happy Flower"},{"floor":25,"key":"Pocketwatch"},{"floor":26,"key":"Bottled Tornado"},{"floor":27,"key":"Question Card"},{"floor":40,"key":"Dream Catcher"},{"floor":42,"key":"Omamori"},{"floor":43,"key":"Vajra"},{"floor":44,"key":"Thread and Needle"}],"event_choices":[{"damage_healed":0,"gold_gain":0,"player_choice":"Lose Max HP","damage_taken":0,"relics_obtained":["Golden Idol"],"max_hp_gain":0,"max_hp_loss":7,"event_name":"Golden Idol","floor":4,"gold_loss":0},{"damage_healed":0,"gold_gain":0,"player_choice":"Leave","damage_taken":0,"max_hp_gain":0,"max_hp_loss":0,"event_name":"The Cleric","floor":5,"gold_loss":0},{"damage_healed":0,"gold_gain":0,"player_choice":"Gave Potion","damage_taken":0,"relics_obtained":["Centennial Puzzle"],"max_hp_gain":0,"max_hp_loss":0,"event_name":"WeMeetAgain","floor":21,"gold_loss":0},{"damage_healed":0,"gold_gain":99,"player_choice":"Stole From Cult","damage_taken":0,"max_hp_gain":0,"max_hp_loss":0,"event_name":"Nest","floor":28,"gold_loss":0},{"damage_healed":0,"gold_gain":0,"player_choice":"Ignored","damage_taken":0,"max_hp_gain":0,"max_hp_loss":0,"event_name":"Tomb of Lord Red Mask","floor":38,"gold_loss":0},{"damage_healed":0,"gold_gain":0,"player_choice":"Max HP","damage_taken":0,"max_hp_gain":0,"max_hp_loss":4,"event_name":"Winding Halls","floor":39,"gold_loss":0},{"damage_healed":0,"gold_gain":0,"player_choice":"Fight","damage_taken":0,"max_hp_gain":0,"max_hp_loss":0,"event_name":"MindBloom","floor":44,"gold_loss":0}],"is_beta":false,"boss_relics":[{"not_picked":["Black Star","Nuclear Battery"],"picked":"Velvet Choker"},{"not_picked":["Astrolabe","Calling Bell"],"picked":"Sozu"}],"items_purged_floors":[19,22,36],"is_endless":false,"potions_floor_spawned":[2,6,14,16,18,27,33,35,42,46],"killed_by":"Awakened One","ascension_level":10}