{"gold_per_floor":[14,26,46,46,62,62,87,35,35,48,48,48,48,5,5,5],"floor_reached":16,"playtime":543,"items_purged":[],"score":200,"play_id":"91aae81d-8760-484b-a0ef-21730ace3706","local_time":"20181231141901","is_ascension_mode":true,"campfire_choices":[{"data":"Machine Learning","floor":6,"key":"SMITH"},{"floor":11,"key":"REST"},{"data":"Dualcast","floor":15,"key":"SMITH"}],"neow_cost":"NO_GOLD","seed_source_timestamp":332976905519639,"circlet_count":0,"master_deck":["AscendersBane","Strike_B","Strike_B","Strike_B","Strike_B","Defend_B","Defend_B","Defend_B","Defend_B","Zap+1","Dualcast+1","Machine Learning+1","Go for the Eyes+1","Core Surge","Darkness+1","Rebound+1","Conserve Battery","FTL"],"relics":["Cracked Core","Lantern","Whetstone","Meat on the Bone"],"potions_floor_usage":[7,10,16,16],"damage_taken":[{"damage":7,"enemies":"Cultist","floor":1,"turns":4},{"damage":6,"enemies":"Small Slimes","floor":2,"turns":4},{"damage":2,"enemies":"Jaw Worm","floor":3,"turns":3},{"damage":0,"enemies":"Large Slime","floor":5,"turns":4},{"damage":30,"enemies":"3 Sentries","floor":7,"turns":9},{"damage":19,"enemies":"Gremlin Gang","floor":10,"turns":5},{"damage":43,"enemies":"Slime Boss","floor":16,"turns":8}],"seed_played":"689759710028146399","potions_obtained":[{"floor":3,"key":"Dexterity Potion"},{"floor":5,"key":"Explosive Potion"},{"floor":7,"key":"Regen Potion"},{"floor":10,"key":"Weak Potion"}],"is_trial":false,"path_per_floor":["M","M","M","?","M","R","E","$","T","M","R","?","?","$","R","B"],"character_chosen":"DEFECT","items_purchased":["Conserve Battery","FTL"],"campfire_rested":1,"item_purchase_floors":[8,14],"current_hp_per_floor":[57,51,49,49,49,49,19,19,19,14,35,35,35,35,35,0],"gold":5,"neow_bonus":"THREE_RARE_CARDS","is_prod":false,"is_daily":false,"chose_seed":false,"campfire_upgraded":2,"win_rate":0,"timestamp":1546262341,"path_taken":["M","?","M","?","M","R","E","?","T","M","R","?","?","$","R","BOSS"],"build_version":"2018-12-20","purchased_purges":0,"victory":false,"max_hp_per_floor":[71,71,71,71,71,71,71,71,71,71,71,71,71,71,71,71],"card_choices":[{"not_picked":["Meteor Strike","Creative AI"],"picked":"Machine Learning","floor":0},{"not_picked":["Rebound","Force Field"],"picked":"Go for the Eyes","floor":1},{"not_picked":["Leap","Rebound"],"picked":"Core Surge","floor":2},{"not_picked":["Cold Snap","Turbo"],"picked":"Darkness","floor":3},{"not_picked":["Blizzard","Steam"],"picked":"Rebound","floor":5},{"not_picked":["Reinforced Body","Capacitor","Streamline"],"picked":"SKIP","floor":7},{"not_picked":["Go for the Eyes","Stack","Conserve Battery"],"picked":"SKIP","floor":10}],"player_experience":1078255,"relics_obtained":[{"floor":7,"key":"Lantern"},{"floor":9,"key":"Whetstone"}],"event_choices":[{"damage_healed":0,"gold_gain":0,"player_choice":"Forge","damage_taken":0,"max_hp_gain":0,"max_hp_loss":0,"event_name":"Accursed Blacksmith","floor":4,"gold_loss":0,"cards_upgraded":["Darkness"]},{"damage_healed":0,"gold_gain":0,"player_choice":"Searched \u00271\u0027 times","damage_taken":0,"relics_obtained":["Meat on the Bone"],"max_hp_gain":0,"max_hp_loss":0,"event_name":"Dead Adventurer","floor":12,"gold_loss":0},{"damage_healed":0,"gold_gain":0,"player_choice":"Upgraded","damage_taken":0,"max_hp_gain":0,"max_hp_loss":0,"event_name":"Upgrade Shrine","floor":13,"gold_loss":0,"cards_upgraded":["Zap"]}],"is_beta":false,"boss_relics":[],"items_purged_floors":[],"is_endless":false,"potions_floor_spawned":[3,5,7,10],"killed_by":"Slime Boss","ascension_level":20}