{"gold_per_floor":[115,126,146,146,246,246,289,304,304,325,349,27,65,83,83,208,208,231,255,270,270,289,289,313,313,313,348,348,97,111,129,129,129],"floor_reached":33,"playtime":1404,"items_purged":["Strike_R","Writhe"],"score":396,"play_id":"baaaef1b-0143-43d6-a76e-13882795d142","local_time":"20180907124954","is_ascension_mode":true,"campfire_choices":[{"data":"Thunderclap","floor":6,"key":"SMITH"},{"floor":15,"key":"REST"},{"floor":23,"key":"REST"},{"floor":32,"key":"REST"}],"neow_cost":"NONE","seed_source_timestamp":236072373294326,"circlet_count":0,"master_deck":["Strike_R+1","Strike_R+1","Strike_R+1","Strike_R+1","Defend_R+1","Defend_R+1","Defend_R+1","Defend_R+1","Bash","Whirlwind","Thunderclap+1","Evolve","Shrug It Off","Uppercut","Spot Weakness","Bandage Up","Dropkick","Flex","Bludgeon","Thunderclap+1","Pommel Strike+1","Limit Break","Carnage+1","Seeing Red","Rage+1"],"relics":["Burning Blood","Golden Idol","Happy Flower","Kunai","Vajra","Pear","Mark of Pain","Boot","Gremlin Horn","Art of War","Juzu Bracelet"],"potions_floor_usage":[7,11,16,24,27,33,33],"damage_taken":[{"damage":8,"enemies":"Jaw Worm","floor":1,"turns":4},{"damage":0,"enemies":"Small Slimes","floor":2,"turns":3},{"damage":3,"enemies":"2 Louse","floor":3,"turns":3},{"damage":40,"enemies":"Gremlin Nob","floor":7,"turns":5},{"damage":21,"enemies":"Blue Slaver","floor":8,"turns":5},{"damage":9,"enemies":"Gremlin Gang","floor":10,"turns":2},{"damage":0,"enemies":"3 Louse","floor":11,"turns":3},{"damage":25,"enemies":"3 Sentries","floor":13,"turns":6},{"damage":7,"enemies":"Blue Slaver","floor":14,"turns":3},{"damage":50,"enemies":"The Guardian","floor":16,"turns":10},{"damage":14,"enemies":"Shell Parasite","floor":18,"turns":3},{"damage":21,"enemies":"2 Thieves","floor":19,"turns":3},{"damage":42,"enemies":"Centurion and Healer","floor":20,"turns":4},{"damage":27,"enemies":"Snake Plant","floor":22,"turns":3},{"damage":0,"enemies":"Chosen and Byrds","floor":24,"turns":4},{"damage":43,"enemies":"Book of Stabbing","floor":27,"turns":4},{"damage":1,"enemies":"Centurion and Healer","floor":30,"turns":4},{"damage":16,"enemies":"Sentry and Sphere","floor":31,"turns":4},{"damage":78,"enemies":"Champ","floor":33,"turns":8}],"seed_played":"940464526062108778","potions_obtained":[{"floor":1,"key":"Regen Potion"},{"floor":10,"key":"SkillPotion"},{"floor":14,"key":"SkillPotion"},{"floor":19,"key":"FearPotion"},{"floor":24,"key":"Dexterity Potion"},{"floor":30,"key":"GamblersBrew"},{"floor":31,"key":"FearPotion"}],"is_trial":false,"path_per_floor":["M","M","M","?","?","R","E","M","T","M","M","$","E","M","R","B",null,"M","M","M","?","M","R","M","?","T","E","?","$","M","M","R"],"character_chosen":"IRONCLAD","items_purchased":["Vajra","Bandage Up","Juzu Bracelet"],"campfire_rested":3,"item_purchase_floors":[12,12,29],"current_hp_per_floor":[70,76,79,59,59,59,39,24,24,21,27,27,22,25,52,12,71,67,52,20,50,33,60,70,70,70,37,37,37,46,40,67,0],"gold":129,"neow_bonus":"THREE_CARDS","is_prod":false,"is_daily":false,"chose_seed":false,"campfire_upgraded":1,"win_rate":0,"timestamp":1536317394,"path_taken":["M","M","M","?","?","R","E","M","T","M","M","$","E","M","R","BOSS","M","M","M","?","?","R","M","?","T","E","?","$","M","M","R","BOSS"],"build_version":"2018-08-30","purchased_purges":2,"victory":false,"max_hp_per_floor":[80,80,80,80,80,80,80,80,80,80,80,80,90,90,90,90,90,90,90,90,90,90,90,90,90,90,90,90,90,90,90,90,90],"card_choices":[{"not_picked":["Sword Boomerang","Iron Wave"],"picked":"Whirlwind","floor":0},{"not_picked":["Entrench","Cleave"],"picked":"Thunderclap","floor":1},{"not_picked":["Clash","Perfected Strike","Wild Strike"],"picked":"SKIP","floor":2},{"not_picked":["Entrench","Body Slam"],"picked":"Evolve","floor":3},{"not_picked":["Carnage","Havoc","Evolve"],"picked":"SKIP","floor":7},{"not_picked":["Corruption","Rage"],"picked":"Shrug It Off","floor":8},{"not_picked":["Thunderclap","Infernal Blade"],"picked":"Uppercut","floor":10},{"not_picked":["Clash","Body Slam"],"picked":"Spot Weakness","floor":11},{"not_picked":["Anger","Hemokinesis"],"picked":"Dropkick","floor":13},{"not_picked":["Wild Strike","Searing Blow"],"picked":"Flex","floor":14},{"not_picked":["Barricade","Impervious"],"picked":"Bludgeon","floor":16},{"not_picked":["Clothesline","Pommel Strike+1"],"picked":"Thunderclap+1","floor":18},{"not_picked":["Rage","Perfected Strike"],"picked":"Pommel Strike+1","floor":19},{"not_picked":["Perfected Strike","Blood for Blood"],"picked":"Limit Break","floor":20},{"not_picked":["Twin Strike","Perfected Strike"],"picked":"Carnage+1","floor":22},{"not_picked":["Rage","True Grit"],"picked":"Seeing Red","floor":24},{"not_picked":["Body Slam","Thunderclap","Rage"],"picked":"SKIP","floor":27},{"not_picked":["Intimidate","Hemokinesis"],"picked":"Rage+1","floor":30},{"not_picked":["Barricade","Heavy Blade","Headbutt"],"picked":"SKIP","floor":31}],"player_experience":316855,"relics_obtained":[{"floor":7,"key":"Happy Flower"},{"floor":9,"key":"Kunai"},{"floor":13,"key":"Pear"},{"floor":26,"key":"Gremlin Horn"},{"floor":27,"key":"Art of War"}],"event_choices":[{"event_name":"Golden Idol","player_choice":"Take Damage","floor":4,"damage_taken":0},{"event_name":"Golden Shrine","player_choice":"Pray","floor":5,"damage_taken":0},{"event_name":"The Library","player_choice":"Heal","floor":21,"damage_taken":0},{"event_name":"The Mausoleum","player_choice":"Yes","floor":25,"damage_taken":0},{"event_name":"Back to Basics","player_choice":"Simplicity","floor":28,"damage_taken":0}],"is_beta":false,"boss_relics":[{"not_picked":["Coffee Dripper","Pandora\u0027s Box"],"picked":"Mark of Pain"}],"items_purged_floors":[12,29],"is_endless":false,"potions_floor_spawned":[1,10,14,19,24,30,31],"killed_by":"Champ","ascension_level":8}