{"path_per_floor":["M","?","?","M","M","R","?","R","T","?","M","M","$","E","R","B",null,"M","?","?","M","$","R","E","R","T","E","R","?","M","M","R","B",null,"M","?","M","$","M"],"character_chosen":"DEFECT","items_purchased":["Art of War","Cold Snap","Trip","Panache","Flash of Steel"],"gold_per_floor":[119,119,194,218,242,242,242,242,242,242,257,282,2,46,46,169,169,182,182,97,121,32,32,76,76,76,119,119,119,144,158,158,278,278,299,299,320,22,42,42],"floor_reached":40,"campfire_rested":3,"playtime":1913,"item_purchase_floors":[13,13,22,38,38],"current_hp_per_floor":[70,52,41,40,39,39,44,44,54,47,43,33,33,29,56,22,90,75,75,82,77,77,77,37,37,37,6,35,67,39,39,68,26,99,94,86,73,73,47,0],"items_purged":["Strike_B"],"gold":42,"score":449,"play_id":"592757dc-cb92-4a4d-b294-c2a607b4dce1","local_time":"20180531230738","is_prod":false,"is_daily":false,"chose_seed":false,"is_ascension_mode":false,"campfire_upgraded":4,"win_rate":0.0,"timestamp":1527833258,"campfire_choices":[{"data":"Zap","floor":6,"key":"SMITH"},{"data":"Loop","floor":8,"key":"SMITH"},{"floor":15,"key":"REST"},{"data":"Trip","floor":23,"key":"SMITH"},{"data":"Buffer","floor":25,"key":"SMITH"},{"floor":28,"key":"REST"},{"floor":32,"key":"REST"}],"path_taken":["M","?","?","M","?","R","?","R","T","?","M","M","$","E","R","BOSS","M","?","?","M","$","R","E","R","T","E","R","?","M","M","R","BOSS","M","?","M","$","M","E"],"build_version":"2018-05-31","seed_source_timestamp":50951855561125,"purchased_purges":1,"victory":false,"master_deck":["Strike_B","Strike_B+1","Strike_B+1","Defend_B","Defend_B","Defend_B","Zap+1","Dualcast","Hologram","Darkness","Loop+1","Hologram","Storm","Cold Snap","Sweeping Beam","Electrodynamics","Sweeping Beam+1","Redo","Trip+1","Buffer+1","Glacier","Storm","FTL+1","Tempest+1","Panacea","Panache","Beam Cell+1","Panache","Flash of Steel"],"max_hp_per_floor":[75,75,75,75,75,75,80,80,90,90,90,90,90,90,90,90,90,90,90,97,97,97,97,97,97,97,97,97,97,97,97,97,99,99,99,101,101,101,103,103],"relics":["Cracked Core","Golden Idol","Pear","Art of War","Whetstone","Sozu","Strawberry","Singing Bowl","Bottled Tornado","Boot","Nuclear Battery"],"card_choices":[{"not_picked":["Stack","Streamline"],"picked":"Hologram","floor":1},{"not_picked":["Conserve Battery","Redo"],"picked":"Darkness","floor":4},{"not_picked":["Stack","Steam"],"picked":"Loop","floor":5},{"not_picked":["Redo","Gash"],"picked":"Hologram","floor":11},{"not_picked":["Reprogram","Conserve Battery"],"picked":"Storm","floor":12},{"not_picked":["Gash","Amplify"],"picked":"Sweeping Beam","floor":14},{"not_picked":["Biased Cognition","Amplify"],"picked":"Electrodynamics","floor":16},{"not_picked":["Leap","Skim"],"picked":"Sweeping Beam+1","floor":18},{"not_picked":["Barrage","Steam"],"picked":"Redo","floor":21},{"not_picked":["Leap","Blizzard"],"picked":"Buffer","floor":24},{"not_picked":["Scrape","Lockon"],"picked":"Glacier","floor":27},{"not_picked":["Doom and Gloom+1","Conserve Battery"],"picked":"Storm","floor":30},{"not_picked":["Compile Driver+1","Glacier"],"picked":"FTL+1","floor":31},{"not_picked":["Thunder Strike","Multi-Cast","Biased Cognition"],"picked":"Singing Bowl","floor":33},{"not_picked":["Streamline+1","Chaos"],"picked":"Tempest+1","floor":35},{"not_picked":["Madness","Enlightenment"],"picked":"Panacea","floor":36},{"not_picked":["Enlightenment","Madness","Transmutation"],"picked":"Singing Bowl","floor":36},{"not_picked":["Bandage Up","Master of Strategy"],"picked":"Panache","floor":36},{"not_picked":["Gash","Steam+1"],"picked":"Beam Cell+1","floor":37},{"not_picked":["Steam+1","Streamline+1","Doom and Gloom"],"picked":"Singing Bowl","floor":39}],"player_experience":441624,"potions_floor_usage":[12,14,14,21],"damage_taken":[{"damage":5,"enemies":"Small Slimes","floor":1,"turns":4},{"damage":1,"enemies":"Jaw Worm","floor":4,"turns":4},{"damage":1,"enemies":"2 Louse","floor":5,"turns":2},{"damage":4,"enemies":"Blue Slaver","floor":11,"turns":3},{"damage":10,"enemies":"Looter","floor":12,"turns":3},{"damage":4,"enemies":"Gremlin Nob","floor":14,"turns":3},{"damage":34,"enemies":"Hexaghost","floor":16,"turns":8},{"damage":15,"enemies":"Chosen","floor":18,"turns":4},{"damage":5,"enemies":"3 Byrds","floor":21,"turns":3},{"damage":40,"enemies":"Book of Stabbing","floor":24,"turns":5},{"damage":31,"enemies":"Gremlin Leader","floor":27,"turns":5},{"damage":28,"enemies":"Snake Plant","floor":30,"turns":3},{"damage":0,"enemies":"Snecko","floor":31,"turns":4},{"damage":44,"enemies":"Collector","floor":33,"turns":10},{"damage":5,"enemies":"Orb Walker","floor":35,"turns":3},{"damage":13,"enemies":"3 Shapes","floor":37,"turns":2},{"damage":28,"enemies":"Maw","floor":39,"turns":6},{"damage":47,"enemies":"Giant Head","floor":40,"turns":7}],"relics_obtained":[{"floor":9,"key":"Pear"},{"floor":14,"key":"Whetstone"},{"floor":24,"key":"Singing Bowl"},{"floor":26,"key":"Bottled Tornado"},{"floor":27,"key":"Boot"}],"event_choices":[{"event_name":"Golden Idol","player_choice":"Take Damage","floor":2,"damage_taken":0},{"event_name":"World of Goop","player_choice":"Gather Gold","floor":3,"damage_taken":0},{"event_name":"Big Fish","player_choice":"Donut","floor":7,"damage_taken":0},{"event_name":"Golden Wing","player_choice":"Card Removal","floor":10,"damage_taken":0},{"event_name":"Ghosts","player_choice":"Ignored","floor":19,"damage_taken":0},{"event_name":"Addict","player_choice":"Obtained Relic","floor":20,"damage_taken":0},{"event_name":"The Library","player_choice":"Heal","floor":29,"damage_taken":0},{"event_name":"SensoryStone","player_choice":"Memory 3","floor":36,"damage_taken":0}],"boss_relics":[{"not_picked":["Orrery","Cursed Key"],"picked":"Sozu"},{"not_picked":["Lizard Tail","Eternal Feather"],"picked":"Nuclear Battery"}],"items_purged_floors":[13],"potions_floor_spawned":[4,5,11,16,21,24,30,33,35,39],"seed_played":"-135742151904835962","killed_by":"Giant Head","ascension_level":0,"potions_obtained":[{"floor":4,"key":"Swift Potion"},{"floor":5,"key":"PowerPotion"},{"floor":11,"key":"Dexterity Potion"},{"floor":16,"key":"LiquidBronze"}],"is_trial":false}