{"gold_per_floor":[115,135,151,166,182,208,222,254,277,277,294,343,343,121,121,217,217,230,249,264,164,164],"floor_reached":22,"playtime":3435,"items_purged":["Strike_R","Strike_R"],"score":250,"play_id":"7394e56b-8be7-4edc-aac9-17ead57734bf","local_time":"20180922094831","is_ascension_mode":true,"campfire_choices":[{"data":"Searing Blow","floor":10.0,"key":"SMITH"},{"data":"Searing Blow+1","floor":13.0,"key":"SMITH"},{"floor":15,"key":"REST"}],"neow_cost":"NONE","seed_source_timestamp":0,"circlet_count":0,"master_deck":["Strike_R","Strike_R","Strike_R","Defend_R+1","Defend_R","Defend_R","Defend_R+1","Bash","Berserk","Carnage","Iron Wave","Fiend Fire","Searing Blow+2","Iron Wave","Dropkick","Rupture","Corruption","Feed","Inflame"],"special_seed":0,"relics":["Burning Blood","Art of War","War Paint","Ancient Tea Set","Anchor","Blood Vial","Runic Cube"],"potions_floor_usage":[16,16],"damage_taken":[{"damage":6.0,"enemies":"Cultist","floor":1.0,"turns":3.0},{"damage":2.0,"enemies":"Jaw Worm","floor":2.0,"turns":4.0},{"damage":5.0,"enemies":"Small Slimes","floor":3.0,"turns":3.0},{"damage":8.0,"enemies":"Red Slaver","floor":4.0,"turns":3.0},{"damage":6.0,"enemies":"Looter","floor":5.0,"turns":2.0},{"damage":33.0,"enemies":"Lagavulin","floor":6.0,"turns":6.0},{"damage":26.0,"enemies":"Exordium Thugs","floor":7.0,"turns":4.0},{"damage":15.0,"enemies":"3 Sentries","floor":8.0,"turns":7.0},{"damage":1.0,"enemies":"Red Slaver","floor":11.0,"turns":2.0},{"damage":27,"enemies":"Hexaghost","floor":16,"turns":9},{"damage":5,"enemies":"Chosen","floor":18,"turns":5},{"damage":3,"enemies":"Spheric Guardian","floor":19,"turns":3},{"damage":79,"enemies":"Shelled Parasite and Fungi","floor":20,"turns":8},{"damage":13,"enemies":"Snake Plant","floor":22,"turns":2}],"seed_played":"-6918698768135504269","potions_obtained":[{"floor":1.0,"key":"LiquidBronze"},{"floor":5.0,"key":"SkillPotion"},{"floor":6.0,"key":"Weak Potion"},{"floor":7.0,"key":"SkillPotion"},{"floor":19,"key":"FearPotion"}],"is_trial":false,"path_per_floor":["M","M","M","M","M","E","M","E","T","R","M","T","R","$","R","B",null,"M","M","M","$"],"character_chosen":"IRONCLAD","items_purchased":["Blood Vial"],"campfire_rested":1,"item_purchase_floors":[14],"current_hp_per_floor":[80,80,80,78,78,51,31,22,22,22,27,27,27,27,51,32,68,74,79,8,8,0],"gold":164,"neow_bonus":"ONE_RANDOM_RARE_CARD","is_prod":false,"is_daily":false,"chose_seed":false,"campfire_upgraded":2,"win_rate":0,"timestamp":1537634911,"path_taken":["M","M","M","?","?","E","M","E","T","R","M","?","R","$","R","BOSS","M","M","M","$","M"],"build_version":"2018-09-20","purchased_purges":2,"victory":false,"max_hp_per_floor":[80,80,80,80,80,80,80,80,80,80,80,80,80,80,80,80,80,83,83,83,83,83],"card_choices":[{"not_picked":["Warcry","Shrug It Off"],"picked":"Carnage","floor":1.0},{"not_picked":["Flame Barrier","Shockwave"],"picked":"Iron Wave","floor":2.0},{"not_picked":["Power Through","True Grit"],"picked":"Fiend Fire","floor":3.0},{"not_picked":["Heavy Blade","Body Slam"],"picked":"Searing Blow","floor":4.0},{"not_picked":["Havoc","Wild Strike"],"picked":"Iron Wave","floor":5.0},{"not_picked":["Sword Boomerang","Ghostly Armor"],"picked":"Dropkick","floor":6.0},{"not_picked":["Clash","Warcry","Clothesline"],"picked":"SKIP","floor":7.0},{"not_picked":["Bludgeon","Bloodletting"],"picked":"Rupture","floor":8.0},{"not_picked":["Combust","Battle Trance"],"picked":"Corruption","floor":11.0},{"not_picked":["Exhume","Reaper"],"picked":"Feed","floor":16},{"not_picked":["Entrench","Warcry","Battle Trance"],"picked":"SKIP","floor":18},{"not_picked":["Shrug It Off","Body Slam","Havoc"],"picked":"SKIP","floor":19},{"not_picked":["Clash","Pommel Strike"],"picked":"Inflame","floor":20}],"player_experience":797156,"relics_obtained":[{"floor":6.0,"key":"Art of War"},{"floor":8.0,"key":"War Paint"},{"floor":9.0,"key":"Ancient Tea Set"},{"floor":12.0,"key":"Anchor"}],"event_choices":[],"is_beta":false,"boss_relics":[{"not_picked":["Eternal Feather","Orrery"],"picked":"Runic Cube"}],"items_purged_floors":[14,21],"is_endless":false,"potions_floor_spawned":[1,5,6,7,19],"killed_by":"Snake Plant","ascension_level":5}