{"gold_per_floor":[109,109,127,202,77,77,47,47,47,75,86,96,106,119,119,218,218,229,229],"floor_reached":19,"playtime":521,"items_purged":["Defend_R"],"score":194,"play_id":"bbdb49de-7c24-467b-ae50-c42a1943728c","local_time":"20190418021411","is_ascension_mode":false,"campfire_choices":[{"data":"Shrug It Off","floor":6,"key":"SMITH"},{"data":"Pommel Strike","floor":8,"key":"SMITH"},{"data":"Perfected Strike","floor":15,"key":"SMITH"}],"neow_cost":"NONE","seed_source_timestamp":120509270208804,"circlet_count":0,"master_deck":["Strike_R+1","Strike_R","Strike_R","Strike_R","Strike_R","Defend_R","Defend_R","Defend_R","Bash+1","Pommel Strike+1","Shrug It Off+1","Shrug It Off","Inflame","Thunderclap","Perfected Strike+1","Disarm","Battle Trance"],"relics":["Burning Blood","NeowsBlessing","Bottled Flame","Potion Belt","Philosopher\u0027s Stone"],"potions_floor_usage":[12,12,16,18],"damage_taken":[{"damage":0,"enemies":"Small Slimes","floor":1,"turns":1},{"damage":0,"enemies":"Jaw Worm","floor":3,"turns":1},{"damage":0,"enemies":"Gremlin Nob","floor":10,"turns":1},{"damage":0,"enemies":"2 Louse","floor":11,"turns":2},{"damage":13,"enemies":"Lots of Slimes","floor":12,"turns":4},{"damage":7,"enemies":"Blue Slaver","floor":13,"turns":3},{"damage":0,"enemies":"Large Slime","floor":14,"turns":3},{"damage":43,"enemies":"The Guardian","floor":16,"turns":10},{"damage":7,"enemies":"3 Byrds","floor":18,"turns":5}],"seed_played":"3227385598452884835","potions_obtained":[{"floor":3,"key":"SpeedPotion"},{"floor":7,"key":"BloodPotion"},{"floor":7,"key":"AttackPotion"},{"floor":11,"key":"LiquidBronze"},{"floor":12,"key":"EntropicBrew"},{"floor":16,"key":"Fire Potion"}],"is_trial":false,"path_per_floor":["?","?","$","?"],"character_chosen":"IRONCLAD","items_purchased":["Shrug It Off"],"campfire_rested":0,"item_purchase_floors":[5],"current_hp_per_floor":[80,64,70,59,59,59,59,59,59,65,71,64,63,69,69,40,80,79,79],"gold":229,"neow_bonus":"THREE_ENEMY_KILL","is_prod":false,"is_daily":false,"chose_seed":false,"campfire_upgraded":3,"win_rate":0,"timestamp":1555528451,"path_taken":["M","?","M","?","?","R","?","R","T","E","M","M","M","M","R","BOSS","M","$"],"build_version":"2019-01-23","purchased_purges":1,"victory":false,"max_hp_per_floor":[80,80,80,80,80,80,80,80,80,80,80,80,80,80,80,80,80,80,80],"card_choices":[{"not_picked":["Clothesline","Feel No Pain"],"picked":"Pommel Strike","floor":1},{"not_picked":["Cleave","Hemokinesis","Havoc"],"picked":"SKIP","floor":3},{"not_picked":["Rupture","Thunderclap"],"picked":"Shrug It Off","floor":10},{"not_picked":["Body Slam","Clash"],"picked":"Inflame","floor":11},{"not_picked":["Blood for Blood","Corruption"],"picked":"Thunderclap","floor":12},{"not_picked":["Anger","Shrug It Off"],"picked":"Perfected Strike","floor":13},{"not_picked":["Heavy Blade","Clothesline"],"picked":"Disarm","floor":14},{"not_picked":["Headbutt","Flame Barrier"],"picked":"Battle Trance","floor":18}],"player_experience":259481,"relics_obtained":[{"floor":9,"key":"Bottled Flame"},{"floor":10,"key":"Potion Belt"}],"event_choices":[{"damage_healed":0,"gold_gain":0,"player_choice":"Entered Light","damage_taken":16,"max_hp_gain":0,"max_hp_loss":0,"event_name":"Shining Light","floor":2,"gold_loss":0,"cards_upgraded":["Bash","Strike_R"]},{"damage_healed":0,"gold_gain":75,"player_choice":"Gather Gold","damage_taken":11,"max_hp_gain":0,"max_hp_loss":0,"event_name":"World of Goop","floor":4,"gold_loss":0},{"damage_healed":0,"gold_gain":0,"player_choice":"Bought 2 Potions","damage_taken":0,"max_hp_gain":0,"max_hp_loss":0,"event_name":"The Woman in Blue","floor":7,"gold_loss":0}],"is_beta":false,"boss_relics":[{"not_picked":["White Beast Statue","Calling Bell"],"picked":"Philosopher\u0027s Stone"}],"items_purged_floors":[5],"is_endless":false,"potions_floor_spawned":[3,11,12,16],"ascension_level":0}