{"gold_per_floor":[118,136,136,148,67,95,95,120,194,220,238,238,238,254,254,326,326,343,343,362,381,396,459,459,472,472,67,67,119,145,145,145,222,222,238,238,338,351,370,370,399,399,399,47,47,79,106,153,165,177,189,201,213,4,34,34],"floor_reached":57,"playtime":5171,"items_purged":["Strike_G","Strike_G","Strike_G"],"score":2746,"play_id":"554390a8-3a86-4d52-b084-7081922ecd26","local_time":"20190403142929","is_ascension_mode":true,"campfire_choices":[{"data":"Noxious Fumes","floor":7.0,"key":"SMITH"},{"floor":12.0,"key":"REST"},{"floor":15.0,"key":"REST"},{"floor":24.0,"key":"REST"},{"data":"Wraith Form v2","floor":28.0,"key":"SMITH"},{"data":"Bouncing Flask","floor":32.0,"key":"SMITH"},{"data":"Calculated Gamble","floor":40.0,"key":"SMITH"},{"floor":42.0,"key":"RECALL"},{"floor":49.0,"key":"REST"},{"floor":53,"key":"REST"}],"neow_cost":"NONE","seed_source_timestamp":0,"circlet_count":0,"master_deck":["AscendersBane","Defend_G","Defend_G","Defend_G","Defend_G","Defend_G","Strike_G","Survivor","Neutralize","Dagger Throw+1","Caltrops+1","Dagger Spray","Noxious Fumes+1","Leg Sweep+1","Bouncing Flask+1","Glass Knife","Wraith Form v2+1","Leg Sweep+1","PiercingWail","Deadly Poison+1","Footwork+1","Night Terror","Catalyst","Calculated Gamble+1","Acrobatics","Dash","After Image+1","Footwork+1","Reflex+1"],"special_seed":0,"relics":["Ring of the Snake","NeowsBlessing","Gambling Chip","Pen Nib","Singing Bowl","Anchor","Snecko Eye","Tiny Chest","Frozen Egg 2","Tingsha","Smiling Mask","Regal Pillow","Ornamental Fan","HoveringKite","WingedGreaves","Turnip","Membership Card","Blood Vial","MawBank","Darkstone Periapt","TwistedFunnel","Paper Crane"],"potions_floor_usage":[56],"damage_taken":[{"damage":0.0,"enemies":"Small Slimes","floor":1.0,"turns":1.0},{"damage":0.0,"enemies":"Jaw Worm","floor":2.0,"turns":1.0},{"damage":0.0,"enemies":"Cultist","floor":4.0,"turns":1.0},{"damage":11.0,"enemies":"3 Sentries","floor":6.0,"turns":6.0},{"damage":6.0,"enemies":"Gremlin Nob","floor":8.0,"turns":3.0},{"damage":13.0,"enemies":"Lagavulin","floor":10.0,"turns":6.0},{"damage":8.0,"enemies":"Blue Slaver","floor":11.0,"turns":4.0},{"damage":3.0,"enemies":"Looter","floor":14.0,"turns":4.0},{"damage":35.0,"enemies":"Slime Boss","floor":16.0,"turns":13.0},{"damage":0.0,"enemies":"Spheric Guardian","floor":18.0,"turns":4.0},{"damage":0.0,"enemies":"Chosen","floor":20.0,"turns":4.0},{"damage":22.0,"enemies":"3 Cultists","floor":21.0,"turns":5.0},{"damage":8.0,"enemies":"Snake Plant","floor":22.0,"turns":4.0},{"damage":9.0,"enemies":"Slavers","floor":23.0,"turns":5.0},{"damage":1.0,"enemies":"Snecko","floor":25.0,"turns":5.0},{"damage":4.0,"enemies":"Gremlin Leader","floor":30.0,"turns":5.0},{"damage":14.0,"enemies":"Collector","floor":33.0,"turns":9.0},{"damage":0.0,"enemies":"Orb Walker","floor":35.0,"turns":4.0},{"damage":0.0,"enemies":"Mind Bloom Boss Battle","floor":37.0,"turns":5.0},{"damage":0.0,"enemies":"3 Darklings","floor":38.0,"turns":3.0},{"damage":0.0,"enemies":"4 Shapes","floor":39.0,"turns":4.0},{"damage":37.0,"enemies":"Giant Head","floor":41.0,"turns":10.0},{"damage":1.0,"enemies":"Nemesis","floor":46.0,"turns":5.0},{"damage":0.0,"enemies":"Writhing Mass","floor":47.0,"turns":6.0},{"damage":6.0,"enemies":"Giant Head","floor":48.0,"turns":8.0},{"damage":59.0,"enemies":"Awakened One","floor":50.0,"turns":27.0},{"damage":7,"enemies":"Time Eater","floor":51,"turns":19},{"damage":1,"enemies":"Shield and Spear","floor":55,"turns":8},{"damage":75,"enemies":"The Heart","floor":56,"turns":11}],"seed_played":"-7066182646099239495","potions_obtained":[{"floor":1.0,"key":"Block Potion"},{"floor":2.0,"key":"EssenceOfSteel"},{"floor":6.0,"key":"SteroidPotion"},{"floor":10.0,"key":"AttackPotion"},{"floor":11.0,"key":"SkillPotion"},{"floor":18.0,"key":"Energy Potion"},{"floor":22.0,"key":"Strength Potion"},{"floor":23.0,"key":"Weak Potion"},{"floor":33.0,"key":"SteroidPotion"},{"floor":47.0,"key":"Dexterity Potion"}],"is_trial":false,"path_per_floor":["M","M","?","M","$","E","R","E","T","E","M","R","?","M","R","B",null,"M","?","M","M","M","E","R","M","T","$","R","T","E","T","R","B",null,"M","?","?","M","M","R","E","R","T","$","?","E","M","E","R","B","B",null,"R","$","E","B",null],"character_chosen":"THE_SILENT","items_purchased":["Noxious Fumes","Tingsha","Membership Card","Blood Vial","TwistedFunnel","Fire Potion","Weak Potion"],"campfire_rested":5,"item_purchase_floors":[5,27,44,44,54,54,54],"current_hp_per_floor":[59,59,39,39,39,28,28,22,22,11,5,26,26,23,44,9,55,55,55,55,35,29,20,42,43,43,43,43,43,39,39,39,25,63,63,59,59,59,61,61,24,24,24,24,24,25,29,25,65,8,3,65,86,86,85,11],"gold":34,"neow_bonus":"THREE_ENEMY_KILL","is_prod":false,"is_daily":false,"chose_seed":false,"campfire_upgraded":4,"win_rate":0,"timestamp":1554294569,"path_taken":["M","M","?","M","$","E","R","E","T","E","M","R","?","M","R","BOSS","M","?","M","M","M","E","R","M","T","?","R","?","E","?","R","BOSS","M","?","?","M","M","R","E","R","T","$","?","E","?","E","R","BOSS","BOSS","R","$","E","BOSS"],"build_version":"2019-01-23","purchased_purges":3,"victory":true,"max_hp_per_floor":[66,66,66,66,66,66,66,66,66,68,70,70,70,70,70,70,70,70,70,70,72,74,74,74,76,76,76,76,76,76,76,76,76,76,76,82,82,82,84,84,84,84,84,84,84,84,86,86,86,86,86,86,86,86,86,86],"card_choices":[{"not_picked":["Infinite Blades","Underhanded Strike"],"picked":"Dagger Throw","floor":1.0},{"not_picked":["Endless Agony","Prepared"],"picked":"Caltrops","floor":2.0},{"not_picked":["Blade Dance","Setup"],"picked":"Dagger Spray","floor":4.0},{"not_picked":["Dodge and Roll","Blade Dance"],"picked":"Leg Sweep","floor":6.0},{"not_picked":["Acrobatics","Leg Sweep"],"picked":"Bouncing Flask","floor":8.0},{"not_picked":["Accuracy","Flechettes","Poisoned Stab"],"picked":"Singing Bowl","floor":10.0},{"not_picked":["Dodge and Roll","Terror","Finisher"],"picked":"Singing Bowl","floor":11.0},{"not_picked":["Deflect","Sucker Punch"],"picked":"Glass Knife","floor":14.0},{"not_picked":["Bullet Time","A Thousand Cuts"],"picked":"Wraith Form v2","floor":16.0},{"not_picked":["Cloak And Dagger","Dagger Throw"],"picked":"Leg Sweep+1","floor":18.0},{"not_picked":["Backflip","Outmaneuver"],"picked":"PiercingWail","floor":20.0},{"not_picked":["Quick Slash","Prepared","Dagger Spray"],"picked":"Singing Bowl","floor":21.0},{"not_picked":["Poisoned Stab","All Out Attack","Dagger Throw"],"picked":"Singing Bowl","floor":22.0},{"not_picked":["Storm of Steel","Blade Dance"],"picked":"Deadly Poison+1","floor":23.0},{"not_picked":["Underhanded Strike+1","Outmaneuver+1","Blade Dance"],"picked":"Singing Bowl","floor":25.0},{"not_picked":["Dagger Throw","Dodge and Roll+1"],"picked":"Footwork+1","floor":30.0},{"not_picked":["Glass Knife","Tools of the Trade+1"],"picked":"Night Terror","floor":33.0},{"not_picked":["Outmaneuver","Backflip"],"picked":"Catalyst","floor":35.0},{"not_picked":["Blind","Sadistic Nature+1","Finesse"],"picked":"Singing Bowl","floor":36.0},{"not_picked":["Finesse","Sadistic Nature+1","Forethought"],"picked":"Singing Bowl","floor":36.0},{"not_picked":["Madness","Blind","Deep Breath"],"picked":"Singing Bowl","floor":36.0},{"not_picked":["Acrobatics","Backstab"],"picked":"Calculated Gamble","floor":37.0},{"not_picked":["Endless Agony","Quick Slash+1"],"picked":"Acrobatics","floor":38.0},{"not_picked":["Prepared","Flechettes","Dagger Spray+1"],"picked":"Singing Bowl","floor":39.0},{"not_picked":["Heel Hook","Setup+1"],"picked":"Dash","floor":41.0},{"not_picked":["Prepared","Backflip"],"picked":"After Image+1","floor":46.0},{"not_picked":["Deflect+1","Outmaneuver","Endless Agony"],"picked":"Singing Bowl","floor":47.0},{"not_picked":["All Out Attack+1","Poisoned Stab"],"picked":"Footwork+1","floor":48.0},{"not_picked":["Setup","Cloak And Dagger"],"picked":"Reflex+1","floor":55}],"player_experience":1409762,"relics_obtained":[{"floor":6.0,"key":"Gambling Chip"},{"floor":8.0,"key":"Pen Nib"},{"floor":9.0,"key":"Singing Bowl"},{"floor":10.0,"key":"Anchor"},{"floor":23.0,"key":"Tiny Chest"},{"floor":26.0,"key":"Frozen Egg 2"},{"floor":29.0,"key":"Smiling Mask"},{"floor":30.0,"key":"Regal Pillow"},{"floor":31.0,"key":"Ornamental Fan"},{"floor":37.0,"key":"WingedGreaves"},{"floor":41.0,"key":"Turnip"},{"floor":46.0,"key":"MawBank"},{"floor":48.0,"key":"Darkstone Periapt"},{"floor":55,"key":"Paper Crane"}],"event_choices":[{"damage_healed":0.0,"max_hp_gain":0.0,"max_hp_loss":0.0,"gold_gain":0.0,"event_name":"Shining Light","player_choice":"Entered Light","floor":3.0,"gold_loss":0.0,"damage_taken":20.0,"cards_upgraded":["Dagger Throw","Caltrops"]},{"damage_healed":0.0,"max_hp_gain":0.0,"max_hp_loss":0.0,"gold_gain":0.0,"event_name":"Living Wall","player_choice":"Grow","floor":13.0,"gold_loss":0.0,"damage_taken":0.0,"cards_upgraded":["Leg Sweep"]},{"cards_removed":["Strike_G"],"damage_healed":0.0,"max_hp_gain":0.0,"max_hp_loss":0.0,"gold_gain":0.0,"event_name":"Purifier","player_choice":"Purged","floor":19.0,"gold_loss":0.0,"damage_taken":0.0},{"damage_healed":0.0,"max_hp_gain":0.0,"max_hp_loss":0.0,"gold_gain":0.0,"event_name":"SensoryStone","player_choice":"Memory 3","floor":36.0,"gold_loss":0.0,"damage_taken":10.0},{"damage_healed":0.0,"max_hp_gain":0.0,"max_hp_loss":0.0,"gold_gain":0.0,"event_name":"MindBloom","player_choice":"Fight","floor":37.0,"gold_loss":0.0,"damage_taken":0.0},{"damage_healed":0.0,"max_hp_gain":0.0,"max_hp_loss":0.0,"gold_gain":0.0,"event_name":"SecretPortal","player_choice":"Ignored","floor":45.0,"gold_loss":0.0,"damage_taken":0.0}],"is_beta":false,"boss_relics":[{"not_picked":["Coffee Dripper","Astrolabe"],"picked":"Snecko Eye"},{"not_picked":["Black Star","Ring of the Serpent"],"picked":"HoveringKite"}],"items_purged_floors":[27,44,54],"is_endless":false,"potions_floor_spawned":[1,2,6,10,11,18,22,23,33,37,47,48],"ascension_level":20}