{"gold_per_floor":[116,130,202,225,73,105,32,32,32,65,82,94,94,118,118,220,220,193,6,6,6,22,22,50,149,149,149,163,163,188,202,202,298,298,313,313,34,52,67,67,101,101,148,158,172,172],"floor_reached":46,"playtime":2826,"items_purged":["Writhe"],"score":883,"play_id":"4cc6d3e9-4332-4c2e-8a5b-a6fc60110319","local_time":"20190402214515","is_ascension_mode":true,"campfire_choices":[{"data":"Uppercut","floor":8.0,"key":"SMITH"},{"data":"Bash","floor":13.0,"key":"SMITH"},{"data":"Disarm","floor":15.0,"key":"SMITH"},{"floor":23.0,"key":"REST"},{"data":"Demon Form","floor":29,"key":"SMITH"},{"data":"Whirlwind","floor":32,"key":"SMITH"},{"data":"Inflame","floor":40,"key":"SMITH"},{"floor":42,"key":"REST"}],"neow_cost":"NONE","seed_source_timestamp":0,"circlet_count":0,"master_deck":["AscendersBane","Strike_R","Strike_R","Strike_R","Strike_R","Strike_R","Defend_R","Defend_R","Defend_R","Defend_R","Bash+1","Uppercut+1","Disarm+1","Shrug It Off","Inflame+1","Headbutt","Feed","Power Through+1","True Grit+1","Whirlwind+1","Shockwave+1","Carnage","Shrug It Off+1","Demon Form+1","Shrug It Off+1","Battle Trance+1","Anger+1","Offering+1","Shrug It Off+1","Metallicize","Heavy Blade+1","Pummel+1","Flame Barrier+1","True Grit+1"],"special_seed":0,"relics":["Burning Blood","Blood Vial","Bag of Preparation","Boot","Singing Bowl","Toxic Egg 2","Bronze Scales","Orrery","Ornamental Fan","Pear","Potion Belt","Runic Pyramid","Dream Catcher","Juzu Bracelet"],"potions_floor_usage":[33,33,41,46,46,46],"damage_taken":[{"damage":9.0,"enemies":"Jaw Worm","floor":1.0,"turns":3.0},{"damage":1.0,"enemies":"Cultist","floor":2.0,"turns":3.0},{"damage":47.0,"enemies":"Lagavulin","floor":6.0,"turns":8.0},{"damage":44.0,"enemies":"3 Sentries","floor":10.0,"turns":9.0},{"damage":0.0,"enemies":"2 Louse","floor":11.0,"turns":3.0},{"damage":0.0,"enemies":"Large Slime","floor":12.0,"turns":4.0},{"damage":5.0,"enemies":"Hexaghost","floor":16.0,"turns":10.0},{"damage":18.0,"enemies":"2 Thieves","floor":18.0,"turns":5.0},{"damage":16.0,"enemies":"Chosen","floor":22.0,"turns":7.0},{"damage":48.0,"enemies":"Slavers","floor":24.0,"turns":9.0},{"damage":21,"enemies":"Snecko","floor":28,"turns":10},{"damage":32,"enemies":"Book of Stabbing","floor":30,"turns":8},{"damage":15,"enemies":"Snake Plant","floor":31,"turns":5},{"damage":70,"enemies":"Automaton","floor":33,"turns":10},{"damage":11,"enemies":"3 Darklings","floor":35,"turns":4},{"damage":12,"enemies":"3 Shapes","floor":38,"turns":11},{"damage":30,"enemies":"Maw","floor":39,"turns":10},{"damage":77,"enemies":"Giant Head","floor":41,"turns":10},{"damage":28,"enemies":"4 Shapes","floor":44,"turns":9},{"damage":38,"enemies":"3 Darklings","floor":45,"turns":4},{"damage":29,"enemies":"Reptomancer","floor":46,"turns":2}],"seed_played":"-4654379952619605052","potions_obtained":[{"floor":1.0,"key":"Energy Potion"},{"floor":2.0,"key":"Weak Potion"},{"floor":12.0,"key":"SkillPotion"},{"floor":22.0,"key":"Weak Potion"},{"floor":31,"key":"Swift Potion"},{"floor":33,"key":"EssenceOfSteel"},{"floor":39,"key":"LiquidBronze"},{"floor":45,"key":"Explosive Potion"}],"is_trial":false,"path_per_floor":["M","M","?","T","$","E","$","R","T","E","M","M","R","T","R","B",null,"M","$","?","?","M","R","E","?","T","?","M","R","E","M","R","B",null,"M","?","$","M","M","R","E","R","T","M","M","E"],"character_chosen":"IRONCLAD","items_purchased":["Bag of Preparation","Inflame","Shockwave+1","Inflame","Carnage","EssenceOfSteel","Block Potion","Metallicize"],"campfire_rested":2,"item_purchase_floors":[5,7,19,19,19,37,37,37],"current_hp_per_floor":[77,82,82,82,82,43,43,43,43,9,17,27,27,27,27,30,83,73,73,53,53,45,75,38,38,48,116,104,104,80,73,73,11,92,89,119,119,116,96,96,29,66,66,49,19,0],"gold":172,"neow_bonus":"TEN_PERCENT_HP_BONUS","is_prod":false,"is_daily":false,"chose_seed":false,"campfire_upgraded":6,"win_rate":0,"timestamp":1554252315,"path_taken":["M","M","?","?","?","E","$","R","T","E","?","M","R","?","R","BOSS","M","$","?","?","M","R","E","?","T","?","?","R","E","M","R","BOSS","M","?","$","M","M","R","E","R","T","M","M","E"],"build_version":"2019-01-23","purchased_purges":1,"victory":false,"max_hp_per_floor":[88,88,88,88,88,88,88,88,88,90,90,92,92,92,92,92,98,98,98,103,103,103,103,106,106,116,116,119,119,119,119,119,119,119,119,119,119,122,124,124,126,126,126,129,129,129],"card_choices":[{"not_picked":["Entrench","Evolve"],"picked":"Uppercut","floor":1.0},{"not_picked":["Flex","Thunderclap"],"picked":"Disarm","floor":2.0},{"not_picked":["Anger","Flex"],"picked":"Shrug It Off","floor":6.0},{"not_picked":["Evolve","Bloodletting","Iron Wave"],"picked":"Singing Bowl","floor":10.0},{"not_picked":["Clothesline","Iron Wave"],"picked":"Headbutt","floor":11.0},{"not_picked":["Cleave","Flex+1","Wild Strike"],"picked":"Singing Bowl","floor":12.0},{"not_picked":["Bludgeon","Juggernaut"],"picked":"Feed","floor":16.0},{"not_picked":["Sword Boomerang","Fire Breathing","Warcry+1"],"picked":"Singing Bowl","floor":17.0},{"not_picked":["Body Slam","Clash"],"picked":"Power Through+1","floor":17.0},{"not_picked":["Iron Wave","Pummel","Havoc+1"],"picked":"Singing Bowl","floor":17.0},{"not_picked":["Cleave","Wild Strike","Clash"],"picked":"Singing Bowl","floor":17.0},{"not_picked":["Infernal Blade+1","Uppercut"],"picked":"True Grit+1","floor":17.0},{"not_picked":["Sever Soul","Clothesline"],"picked":"Whirlwind","floor":18.0},{"not_picked":["Fiend Fire","Flex+1"],"picked":"Shrug It Off+1","floor":22.0},{"not_picked":["Fire Breathing","Anger+1"],"picked":"Demon Form","floor":24.0},{"not_picked":["Havoc+1","Cleave"],"picked":"Shrug It Off+1","floor":28},{"not_picked":["Infernal Blade+1","Barricade"],"picked":"Battle Trance+1","floor":30},{"not_picked":["Carnage+1","Pommel Strike"],"picked":"Anger+1","floor":31},{"not_picked":["Barricade","Juggernaut"],"picked":"Offering+1","floor":33},{"not_picked":["Flex+1","Headbutt+1"],"picked":"Shrug It Off+1","floor":35},{"not_picked":["Clash+1","Body Slam+1"],"picked":"Heavy Blade+1","floor":38},{"not_picked":["Body Slam","Twin Strike+1","Thunderclap+1"],"picked":"Singing Bowl","floor":39},{"not_picked":["Battle Trance+1","Second Wind+1","Iron Wave+1"],"picked":"Singing Bowl","floor":41},{"not_picked":["Warcry+1","Rampage"],"picked":"Pummel+1","floor":42},{"not_picked":["Clash+1","Hemokinesis+1"],"picked":"Flame Barrier+1","floor":44},{"not_picked":["Searing Blow+1","Iron Wave"],"picked":"True Grit+1","floor":45}],"player_experience":471893,"relics_obtained":[{"floor":4.0,"key":"Blood Vial"},{"floor":6.0,"key":"Boot"},{"floor":9.0,"key":"Singing Bowl"},{"floor":10.0,"key":"Toxic Egg 2"},{"floor":14.0,"key":"Bronze Scales"},{"floor":24.0,"key":"Ornamental Fan"},{"floor":26.0,"key":"Pear"},{"floor":30,"key":"Potion Belt"},{"floor":41,"key":"Dream Catcher"},{"floor":43,"key":"Juzu Bracelet"}],"event_choices":[{"damage_healed":0.0,"max_hp_gain":0.0,"max_hp_loss":0.0,"gold_gain":72.0,"event_name":"Golden Wing","player_choice":"Gained Gold","floor":3.0,"gold_loss":0.0,"damage_taken":0.0},{"damage_healed":0.0,"max_hp_gain":5.0,"max_hp_loss":0.0,"gold_gain":0.0,"event_name":"Forgotten Altar","player_choice":"Shed Blood","floor":20.0,"gold_loss":0.0,"damage_taken":25.0},{"damage_healed":0.0,"max_hp_gain":0.0,"max_hp_loss":0.0,"gold_gain":0.0,"event_name":"Beggar","player_choice":"Ignored","floor":21.0,"gold_loss":0.0,"damage_taken":0.0},{"damage_healed":0.0,"max_hp_gain":0.0,"max_hp_loss":0.0,"gold_gain":99.0,"event_name":"Nest","player_choice":"Stole From Cult","floor":25.0,"gold_loss":0.0,"damage_taken":0.0},{"cards_removed":["Inflame"],"damage_healed":68.0,"max_hp_gain":0.0,"max_hp_loss":0.0,"gold_gain":0.0,"event_name":"Bonfire Elementals","player_choice":"Offered Uncommon","floor":27.0,"gold_loss":0.0,"damage_taken":0.0},{"damage_healed":30,"gold_gain":0,"player_choice":"Writhe","damage_taken":0,"max_hp_gain":0,"max_hp_loss":0,"event_name":"Winding Halls","floor":36,"gold_loss":0,"cards_obtained":["Writhe"]}],"is_beta":false,"boss_relics":[{"not_picked":["Runic Dome","Astrolabe"],"picked":"Orrery"},{"not_picked":["Black Blood","Philosopher\u0027s Stone"],"picked":"Runic Pyramid"}],"items_purged_floors":[37],"is_endless":false,"potions_floor_spawned":[1,2,11,12,22,31,33,39,45],"killed_by":"Reptomancer","ascension_level":11}