{"gold_per_floor":[109,124,124,199,216,216,232,232,255,255,32,59,70,96,96,201,201,216,216,216,9,28,28,28,45,45,65,99,119,119,119,119,221,221,237,237,255,555,535,535,581,598,667,667,702,720,750,770,770,770],"floor_reached":51,"playtime":1980,"items_purged":["Strike_B","Decay"],"score":825,"play_id":"f0bf7ba4-9f5b-41a3-a696-a72257ac37e9","local_time":"20181030124557","is_ascension_mode":false,"campfire_choices":[{"data":"Ball Lightning","floor":6,"key":"SMITH"},{"data":"Cold Snap","floor":8,"key":"SMITH"},{"data":"White Noise","floor":10,"key":"SMITH"},{"data":"Compile Driver","floor":15,"key":"SMITH"},{"data":"Fission","floor":23,"key":"SMITH"},{"data":"Leap","floor":30,"key":"SMITH"},{"floor":32,"key":"REST"},{"data":"Creative AI","floor":40,"key":"SMITH"},{"data":"Coolheaded","floor":44,"key":"SMITH"},{"data":"Fission","floor":49,"key":"SMITH"}],"neow_cost":"NONE","seed_source_timestamp":504937060644493,"circlet_count":0,"master_deck":["Strike_B+1","Defend_B+1","Defend_B+1","Defend_B+1","Zap+1","Dualcast+1","Self Repair","Ball Lightning+1","White Noise+1","Cold Snap+1","Beam Cell","Auto Shields","Compile Driver+1","Fission+1","Scrape+1","Loop+1","Capacitor+1","Glacier","Storm","Coolheaded+1","Self Repair","Compile Driver","Leap+1","Undo+1","Creative AI+1","Force Field+1","Biased Cognition","Conserve Battery","Conserve Battery","Storm","Coolheaded+1","Fission+1","Streamline+1"],"relics":["Cracked Core","Dream Catcher","Pen Nib","Odd Mushroom","Potion Belt","Astrolabe","Mummified Hand","Mercury Hourglass","Lantern","Nuclear Battery","Anchor","Gremlin Horn","Dodecahedron","Bottled Flame"],"potions_floor_usage":[33,33,50,50,50,50,50],"damage_taken":[{"damage":3,"enemies":"Jaw Worm","floor":1,"turns":3},{"damage":2,"enemies":"Small Slimes","floor":2,"turns":4},{"damage":9,"enemies":"2 Louse","floor":5,"turns":2},{"damage":0,"enemies":"Large Slime","floor":7,"turns":3},{"damage":8,"enemies":"The Mushroom Lair","floor":12,"turns":3},{"damage":0,"enemies":"3 Louse","floor":13,"turns":2},{"damage":8,"enemies":"Gremlin Nob","floor":14,"turns":4},{"damage":42,"enemies":"Slime Boss","floor":16,"turns":8},{"damage":8,"enemies":"Shell Parasite","floor":18,"turns":3},{"damage":33,"enemies":"2 Thieves","floor":22,"turns":4},{"damage":8,"enemies":"Cultist and Chosen","floor":25,"turns":5},{"damage":6,"enemies":"Shelled Parasite and Fungi","floor":27,"turns":5},{"damage":26,"enemies":"Slavers","floor":28,"turns":4},{"damage":18,"enemies":"3 Cultists","floor":29,"turns":6},{"damage":32,"enemies":"Automaton","floor":33,"turns":11},{"damage":20,"enemies":"3 Shapes","floor":35,"turns":3},{"damage":2,"enemies":"Orb Walker","floor":37,"turns":4},{"damage":0,"enemies":"Sphere and 2 Shapes","floor":42,"turns":4},{"damage":12,"enemies":"Giant Head","floor":45,"turns":8},{"damage":0,"enemies":"3 Darklings","floor":46,"turns":3},{"damage":0,"enemies":"Reptomancer","floor":47,"turns":3},{"damage":0,"enemies":"Jaw Worm Horde","floor":48,"turns":3},{"damage":51,"enemies":"Awakened One","floor":50,"turns":9}],"seed_played":"2507197047140898920","potions_obtained":[{"floor":1,"key":"SpeedPotion"},{"floor":2,"key":"Strength Potion"},{"floor":5,"key":"Ancient Potion"},{"floor":16,"key":"AttackPotion"},{"floor":22,"key":"Dexterity Potion"},{"floor":35,"key":"EssenceOfSteel"},{"floor":39,"key":"Regen Potion"}],"is_trial":false,"path_per_floor":["M","M","?","?","M","R","M","R","T","R","$","?","M","E","R","B",null,"M","?","?","$","M","R","T","M","T","M","E","M","R","$","R","B",null,"M","?","M","?","?","R","T","M","T","R","E","M","E","M","R","B"],"character_chosen":"DEFECT","items_purchased":["Pen Nib","Glacier","Storm"],"campfire_rested":1,"item_purchase_floors":[11,21,21],"current_hp_per_floor":[79,82,66,55,53,53,60,60,60,60,60,59,66,72,72,37,82,81,81,81,81,55,55,55,54,54,55,29,25,25,25,49,31,82,69,69,74,74,74,74,74,82,82,82,82,82,82,82,82,60],"gold":770,"neow_bonus":"TEN_PERCENT_HP_BONUS","is_prod":false,"is_daily":false,"chose_seed":false,"campfire_upgraded":9,"win_rate":0,"timestamp":1540899957,"path_taken":["M","M","?","?","M","R","?","R","T","R","?","?","M","E","R","BOSS","M","?","?","?","M","R","?","?","T","M","E","M","R","?","R","BOSS","M","?","M","?","?","R","?","?","T","R","E","M","E","M","R","BOSS"],"build_version":"2018-10-29v2","purchased_purges":2,"victory":true,"max_hp_per_floor":[82,82,82,82,82,82,82,82,82,82,82,82,82,82,82,82,82,82,82,82,82,82,82,82,82,82,82,82,82,82,82,82,82,82,82,82,82,82,82,82,82,82,82,82,82,82,82,82,82,82],"card_choices":[{"not_picked":["BootSequence","Reprogram"],"picked":"Self Repair","floor":1},{"not_picked":["Cold Snap","Sweeping Beam"],"picked":"Ball Lightning","floor":2},{"not_picked":["Lockon","Reinforced Body"],"picked":"White Noise","floor":5},{"not_picked":["Double Energy","Chill"],"picked":"Cold Snap","floor":7},{"not_picked":["Redo","Streamline"],"picked":"Beam Cell","floor":12},{"not_picked":["Steam","Aggregate"],"picked":"Auto Shields","floor":13},{"not_picked":["Rainbow","Turbo"],"picked":"Compile Driver","floor":14},{"not_picked":["Machine Learning","Core Surge"],"picked":"Fission","floor":16},{"not_picked":["Fusion","Lockon"],"picked":"Capacitor+1","floor":18},{"not_picked":["Rebound","Scrape+1"],"picked":"Coolheaded","floor":22},{"not_picked":["Hologram","Sweeping Beam"],"picked":"Self Repair","floor":25},{"not_picked":["Barrage","Hologram"],"picked":"Compile Driver","floor":27},{"not_picked":["Stack","Cold Snap","Compile Driver"],"picked":"SKIP","floor":28},{"not_picked":["Go for the Eyes","Steam"],"picked":"Leap","floor":29},{"not_picked":["Darkness","White Noise"],"picked":"Undo+1","floor":32},{"not_picked":["Meteor Strike","Multi-Cast"],"picked":"Creative AI","floor":33},{"not_picked":["Rip and Tear+1","Ball Lightning+1"],"picked":"Force Field+1","floor":35},{"not_picked":["Reinforced Body","Skim"],"picked":"Conserve Battery","floor":37},{"not_picked":["Cold Snap","Gash"],"picked":"Conserve Battery","floor":42},{"not_picked":["Go for the Eyes+1","Loop"],"picked":"Storm","floor":45},{"not_picked":["Aggregate+1","Steam"],"picked":"Coolheaded+1","floor":46},{"not_picked":["All For One","Steam"],"picked":"Fission","floor":47},{"not_picked":["Stack+1","Rip and Tear"],"picked":"Streamline+1","floor":48}],"player_experience":628468,"relics_obtained":[{"floor":9,"key":"Dream Catcher"},{"floor":12,"key":"Odd Mushroom"},{"floor":14,"key":"Potion Belt"},{"floor":24,"key":"Mummified Hand"},{"floor":26,"key":"Mercury Hourglass"},{"floor":28,"key":"Lantern"},{"floor":41,"key":"Anchor"},{"floor":43,"key":"Gremlin Horn"},{"floor":45,"key":"Dodecahedron"},{"floor":47,"key":"Bottled Flame"}],"event_choices":[{"damage_healed":0,"gold_gain":0,"player_choice":"Entered Light","damage_taken":16,"max_hp_gain":0,"max_hp_loss":0,"event_name":"Shining Light","floor":3,"gold_loss":0,"cards_upgraded":["Zap","Dualcast"]},{"damage_healed":0,"gold_gain":75,"player_choice":"Gather Gold","damage_taken":11,"max_hp_gain":0,"max_hp_loss":0,"event_name":"World of Goop","floor":4,"gold_loss":0},{"damage_healed":0,"gold_gain":0,"player_choice":"Fought Mushrooms","damage_taken":0,"max_hp_gain":0,"max_hp_loss":0,"event_name":"Mushrooms","floor":12,"gold_loss":0},{"damage_healed":0,"gold_gain":0,"player_choice":"Simplicity","damage_taken":0,"max_hp_gain":0,"max_hp_loss":0,"event_name":"Back to Basics","floor":19,"gold_loss":0,"cards_upgraded":["Strike_B","Defend_B","Defend_B","Defend_B"]},{"damage_healed":0,"gold_gain":0,"player_choice":"Smashed Altar","damage_taken":0,"max_hp_gain":0,"max_hp_loss":0,"event_name":"Forgotten Altar","floor":20,"gold_loss":0,"cards_obtained":["Decay"]},{"damage_healed":0,"gold_gain":0,"cards_transformed":["Reprogram"],"player_choice":"Transformed","damage_taken":0,"max_hp_gain":0,"max_hp_loss":0,"event_name":"Transmorgrifier","floor":36,"gold_loss":0,"cards_obtained":["Biased Cognition"]},{"damage_healed":0,"gold_gain":300,"player_choice":"Gold","damage_taken":0,"max_hp_gain":0,"max_hp_loss":0,"event_name":"Wheel of Change","floor":38,"gold_loss":0},{"damage_healed":0,"gold_gain":0,"player_choice":"Bought 1 Potion","damage_taken":0,"max_hp_gain":0,"max_hp_loss":0,"event_name":"The Woman in Blue","floor":39,"gold_loss":0}],"is_beta":true,"boss_relics":[{"not_picked":["Coffee Dripper","Velvet Choker"],"picked":"Astrolabe"},{"not_picked":["Empty Cage","Black Star"],"picked":"Nuclear Battery"}],"items_purged_floors":[11,21],"is_endless":false,"potions_floor_spawned":[1,2,5,16,22,27,29,35,46],"ascension_level":0}