{"gold_per_floor":[219,236,236,311,326,352,352,379,379,379,399,399,79,79,79,184,184,194,194,206,217,240,271,78,78,78,98,8,8,8,8,8,106,106,122,122,139,32,50,82,82,135,162,179,179,189,223,241,241,241],"floor_reached":51,"playtime":2474,"items_purged":["Strike_B","Strike_B"],"score":914,"play_id":"46109a43-97b8-401a-861d-8114fe3ed8a7","local_time":"20190406035507","is_ascension_mode":true,"campfire_choices":[{"floor":7,"key":"REST"},{"data":"Darkness","floor":10,"key":"SMITH"},{"data":"Chill","floor":12,"key":"SMITH"},{"data":"Dualcast","floor":15,"key":"SMITH"},{"data":"Defragment","floor":32,"key":"SMITH"},{"data":"Consume","floor":41,"key":"SMITH"},{"floor":45,"key":"REST"},{"data":"Capacitor","floor":49,"key":"SMITH"}],"neow_cost":"NONE","seed_source_timestamp":7056102625516,"circlet_count":0,"master_deck":["Strike_B+1","Strike_B+1","Defend_B+1","Defend_B+1","Defend_B+1","Defend_B+1","Zap","Dualcast+1","Barrage","Doom and Gloom","Chill+1","Darkness+1","Cold Snap","Compile Driver","Seek+1","Multi-Cast","Hologram+1","Reinforced Body+1","Tempest+1","Glacier","Ball Lightning","Auto Shields","Cold Snap","Capacitor+1","Defragment+1","Loop","Echo Form+1","Conserve Battery+1","Compile Driver+1","Consume+1","Coolheaded","Ball Lightning+1","Lockon+1","Defragment+1","White Noise+1","BootSequence+1"],"relics":["Cracked Core","Whetstone","Symbiotic Virus","Orichalcum","Membership Card","Sozu","Bronze Scales","Kunai","Oddly Smooth Stone","The Courier","Question Card","Dodecahedron","Eternal Feather","Runic Capacitor","Art of War","Du-Vu Doll","PreservedInsect","Omamori"],"potions_floor_usage":[],"damage_taken":[{"damage":4,"enemies":"Jaw Worm","floor":1,"turns":3},{"damage":3,"enemies":"2 Louse","floor":2,"turns":3},{"damage":1,"enemies":"Cultist","floor":5,"turns":3},{"damage":19,"enemies":"3 Sentries","floor":6,"turns":5},{"damage":18,"enemies":"Lagavulin","floor":8,"turns":5},{"damage":3,"enemies":"Exordium Wildlife","floor":11,"turns":3},{"damage":14,"enemies":"Hexaghost","floor":16,"turns":9},{"damage":5,"enemies":"Chosen","floor":18,"turns":3},{"damage":0,"enemies":"Spheric Guardian","floor":20,"turns":3},{"damage":0,"enemies":"Cultist and Chosen","floor":21,"turns":4},{"damage":7,"enemies":"Book of Stabbing","floor":23,"turns":3},{"damage":9,"enemies":"3 Cultists","floor":27,"turns":4},{"damage":22,"enemies":"Automaton","floor":33,"turns":10},{"damage":0,"enemies":"Orb Walker","floor":35,"turns":3},{"damage":3,"enemies":"3 Shapes","floor":37,"turns":5},{"damage":12,"enemies":"Writhing Mass","floor":39,"turns":6},{"damage":11,"enemies":"Giant Head","floor":40,"turns":11},{"damage":12,"enemies":"2 Orb Walkers","floor":42,"turns":6},{"damage":26,"enemies":"Transient","floor":44,"turns":5},{"damage":15,"enemies":"3 Darklings","floor":46,"turns":7},{"damage":5,"enemies":"Nemesis","floor":47,"turns":7},{"damage":0,"enemies":"Spire Growth","floor":48,"turns":4},{"damage":13,"enemies":"Time Eater","floor":50,"turns":5}],"seed_played":"-8368673571436212843","potions_obtained":[{"floor":5,"key":"Explosive Potion"},{"floor":6,"key":"SpeedPotion"},{"floor":11,"key":"SpeedPotion"}],"is_trial":false,"path_per_floor":["M","M","?","?","M","E","R","E","T","R","M","R","$","?","R","B",null,"M","?","M","M","T","E","$","?","T","M","$","T","$","T","R","B",null,"M","?","M","$","M","E","R","?","T","M","R","M","E","M","R","B",null],"character_chosen":"DEFECT","items_purchased":["Membership Card","Seek","Ball Lightning","Auto Shields","Oddly Smooth Stone","Capacitor","Defragment","Loop","Consume","Runic Capacitor"],"campfire_rested":2,"item_purchase_floors":[13,13,24,24,24,28,28,28,38,38],"current_hp_per_floor":[71,68,56,49,48,29,51,33,33,33,30,30,30,30,30,16,75,70,70,70,70,70,63,63,63,63,54,54,54,54,54,54,32,75,75,75,72,72,60,49,67,55,55,29,69,54,49,49,70,57],"gold":241,"neow_bonus":"HUNDRED_GOLD","is_prod":false,"is_daily":false,"chose_seed":false,"campfire_upgraded":6,"win_rate":0,"timestamp":1554533707,"path_taken":["M","M","?","?","?","E","R","E","T","R","M","R","$","?","R","BOSS","M","?","?","?","?","E","$","?","T","M","$","?","?","?","R","BOSS","M","?","?","$","M","E","R","?","T","M","R","M","E","M","R","BOSS"],"build_version":"2019-01-23","purchased_purges":2,"victory":true,"max_hp_per_floor":[75,75,75,75,75,75,75,75,75,75,75,75,75,75,75,75,75,75,75,75,75,75,75,75,75,75,75,75,75,75,75,75,75,75,75,75,75,75,75,75,75,75,75,75,75,75,75,75,75,75],"card_choices":[{"not_picked":["Stack","White Noise"],"picked":"Barrage","floor":1},{"not_picked":["Auto Shields","Compile Driver"],"picked":"Doom and Gloom","floor":2},{"not_picked":["Rebound","Sweeping Beam"],"picked":"Chill","floor":5},{"not_picked":["Double Energy","BootSequence"],"picked":"Darkness","floor":6},{"not_picked":["Stack","Barrage"],"picked":"Cold Snap","floor":8},{"not_picked":["Fusion","Lockon"],"picked":"Compile Driver","floor":11},{"not_picked":["Echo Form","Amplify"],"picked":"Multi-Cast","floor":16},{"not_picked":["Streamline","Undo"],"picked":"Hologram+1","floor":18},{"not_picked":["Rebound","Reprogram"],"picked":"Reinforced Body+1","floor":20},{"not_picked":["Leap","Steam"],"picked":"Tempest+1","floor":21},{"not_picked":["Cold Snap","FTL"],"picked":"Glacier","floor":23},{"not_picked":["Scrape+1","Sweeping Beam+1"],"picked":"Cold Snap","floor":27},{"not_picked":["Hyperbeam","Machine Learning","Creative AI"],"picked":"Echo Form","floor":33},{"not_picked":["Redo","Tempest","Sunder"],"picked":"Conserve Battery+1","floor":35},{"not_picked":["Stack+1","FTL+1","Rebound"],"picked":"Compile Driver+1","floor":37},{"not_picked":["Leap+1","Turbo","Rebound"],"picked":"Coolheaded","floor":39},{"not_picked":["Go for the Eyes+1","Double Energy","Auto Shields+1"],"picked":"Ball Lightning+1","floor":40},{"not_picked":["Streamline+1","Consume+1","Sweeping Beam+1"],"picked":"Lockon+1","floor":42},{"not_picked":["Hologram","Darkness","Biased Cognition"],"picked":"Defragment+1","floor":44},{"not_picked":["Doom and Gloom","Steam Power","Stack"],"picked":"White Noise+1","floor":46},{"not_picked":["Leap+1","Steam","Reprogram+1","Doom and Gloom"],"picked":"SKIP","floor":47},{"not_picked":["Stack","Doom and Gloom","Cold Snap+1"],"picked":"BootSequence+1","floor":48}],"player_experience":524411,"relics_obtained":[{"floor":6,"key":"Whetstone"},{"floor":8,"key":"Symbiotic Virus"},{"floor":9,"key":"Orichalcum"},{"floor":22,"key":"Bronze Scales"},{"floor":23,"key":"Kunai"},{"floor":26,"key":"The Courier"},{"floor":29,"key":"Question Card"},{"floor":31,"key":"Dodecahedron"},{"floor":40,"key":"Art of War"},{"floor":42,"key":"Du-Vu Doll"},{"floor":43,"key":"PreservedInsect"},{"floor":47,"key":"Omamori"}],"event_choices":[{"damage_healed":0,"gold_gain":0,"player_choice":"Fled","damage_taken":12,"max_hp_gain":0,"max_hp_loss":0,"event_name":"Scrap Ooze","floor":3,"gold_loss":0},{"damage_healed":0,"gold_gain":75,"player_choice":"Touch","damage_taken":7,"max_hp_gain":0,"max_hp_loss":0,"event_name":"FaceTrader","floor":4,"gold_loss":0},{"damage_healed":0,"gold_gain":0,"player_choice":"Grow","damage_taken":0,"max_hp_gain":0,"max_hp_loss":0,"event_name":"Living Wall","floor":14,"gold_loss":0,"cards_upgraded":["Seek"]},{"damage_healed":0,"gold_gain":0,"player_choice":"Got Potions","damage_taken":0,"max_hp_gain":0,"max_hp_loss":0,"event_name":"Lab","floor":19,"gold_loss":0},{"damage_healed":0,"gold_gain":0,"player_choice":"Simplicity","damage_taken":0,"max_hp_gain":0,"max_hp_loss":0,"event_name":"Back to Basics","floor":25,"gold_loss":0,"cards_upgraded":["Defend_B","Defend_B","Defend_B","Defend_B"]},{"damage_healed":0,"gold_gain":0,"player_choice":"Upgraded","damage_taken":0,"max_hp_gain":0,"max_hp_loss":0,"event_name":"Upgrade Shrine","floor":36,"gold_loss":0,"cards_upgraded":["Echo Form"]},{"damage_healed":0,"gold_gain":0,"player_choice":"Fight","damage_taken":0,"max_hp_gain":0,"max_hp_loss":0,"event_name":"Mysterious Sphere","floor":42,"gold_loss":0}],"is_beta":false,"boss_relics":[{"not_picked":["Calling Bell","Inserter"],"picked":"Sozu"},{"not_picked":["White Beast Statue","Tiny House"],"picked":"Eternal Feather"}],"items_purged_floors":[13,24],"is_endless":false,"potions_floor_spawned":[5,6,11,20,21,27,33,35,39,42,44,46],"ascension_level":3}