{"path_per_floor":["M","M","M","?","?","E","R","?","T","?","$","M","E","M","R","B",null,"M","M","M","M","M","$","E","R","T","$","E","M","E","M","R","B",null,"M","?","?","?","$","R","M","R","T","M","M","?","?","M","R","B"],"character_chosen":"DEFECT","items_purchased":["Heatsinks","BootSequence","Self Repair","Magnetism"],"gold_per_floor":[119,129,139,139,139,169,169,169,169,234,70,80,115,129,129,232,232,252,269,286,304,315,191,220,220,220,15,43,61,95,111,111,210,210,230,230,230,0,0,0,17,17,17,29,44,44,44,64,64,64],"floor_reached":51,"campfire_rested":3,"playtime":5541,"item_purchase_floors":[11,11,23,27],"current_hp_per_floor":[73,64,57,39,75,53,53,53,53,53,53,53,42,39,61,48,75,69,60,52,59,66,66,59,59,59,59,68,57,49,50,72,75,75,75,75,66,66,66,66,62,62,62,44,44,44,34,34,56,40],"items_purged":["Strike_B","Defend_B"],"gold":64,"score":702,"play_id":"bccfd3de-13cb-4c37-96d9-97f3da8aa746","local_time":"20180604163229","is_prod":false,"is_daily":false,"chose_seed":false,"is_ascension_mode":true,"campfire_upgraded":4,"win_rate":0.0,"timestamp":1528144349,"campfire_choices":[{"data":"Zap","floor":7,"key":"SMITH"},{"floor":15,"key":"REST"},{"data":"Static Discharge","floor":25,"key":"SMITH"},{"floor":32,"key":"REST"},{"data":"Echo Form","floor":40,"key":"SMITH"},{"data":"Magnetism","floor":42,"key":"SMITH"},{"floor":49,"key":"REST"}],"path_taken":["M","M","M","?","?","E","R","?","T","?","$","M","E","M","R","BOSS","M","M","M","M","M","$","E","R","T","$","E","M","E","M","R","BOSS","M","?","?","?","$","R","M","R","T","?","M","?","?","M","R","BOSS"],"build_version":"2018-05-31","seed_source_timestamp":62803770712205,"purchased_purges":2,"victory":true,"master_deck":["Strike_B","Strike_B","Defend_B","Defend_B","Defend_B","Zap+1","Dualcast","Coolheaded","Chill","Electrodynamics","Leap","Heatsinks","BootSequence+1","Fusion","Self Repair","Echo Form+1","Double Energy+1","Static Discharge+1","Chill","Self Repair","Echo Form","Magnetism+1","Storm+1","Conserve Battery+1","Buffer","Fission+1","Chaos+1","Madness+1","Madness+1","Mind Blast","Panacea+1","Apotheosis+1"],"max_hp_per_floor":[75,75,75,75,75,75,75,75,75,75,75,75,75,75,75,75,75,75,75,75,75,75,75,75,75,75,75,75,75,75,75,75,75,75,75,75,75,75,75,75,75,75,75,75,75,75,75,75,75,75],"relics":["Cracked Core","Smiling Mask","Mummified Hand","Gremlin Horn","Letter Opener","Du-Vu Doll","Lizard Tail","Toxic Egg 2","War Paint","Happy Flower","Oddly Smooth Stone","Runic Pyramid","Red Mask","Bottled Lightning"],"card_choices":[{"not_picked":["Cold Snap","Redo"],"picked":"Coolheaded","floor":1},{"not_picked":["Turbo","Gash"],"picked":"Tempest","floor":2},{"not_picked":["Gash","Steam Power"],"picked":"Chill","floor":3},{"not_picked":["Static Discharge","Fusion"],"picked":"Electrodynamics","floor":6},{"not_picked":["Ball Lightning","Leap"],"picked":"Fusion","floor":12},{"not_picked":["Gash","Steam Power","FTL"],"picked":"SKIP","floor":13},{"not_picked":["Stack","Cold Snap"],"picked":"Self Repair","floor":14},{"not_picked":["Fission","All For One"],"picked":"Echo Form","floor":16},{"not_picked":["Gash","Sweeping Beam"],"picked":"Double Energy","floor":18},{"not_picked":["Beam Cell","Gash","Compile Driver"],"picked":"SKIP","floor":19},{"not_picked":["Darkness+1","Barrage"],"picked":"Static Discharge","floor":20},{"not_picked":["Stack","Go for the Eyes","Sweeping Beam"],"picked":"SKIP","floor":21},{"not_picked":["Melter+1","Rebound"],"picked":"Chill","floor":22},{"not_picked":["Melter+1","Go for the Eyes+1"],"picked":"Echo Form","floor":24},{"not_picked":["Undo+1","Doom and Gloom+1"],"picked":"Storm+1","floor":28},{"not_picked":["Ball Lightning","Streamline"],"picked":"Conserve Battery+1","floor":29},{"not_picked":["Gash","Ball Lightning"],"picked":"Buffer","floor":30},{"not_picked":["Ball Lightning","Cold Snap","Stack+1"],"picked":"SKIP","floor":31},{"not_picked":["All For One","Core Surge"],"picked":"Fission+1","floor":33},{"not_picked":["Cold Snap","Gash"],"picked":"Chaos+1","floor":35},{"not_picked":["Streamline+1","Coolheaded+1","Ball Lightning+1"],"picked":"SKIP","floor":41},{"not_picked":["Beam Cell","Coolheaded+1","Stack+1"],"picked":"SKIP","floor":44},{"not_picked":["Beam Cell","Redo+1","Conserve Battery+1"],"picked":"SKIP","floor":45},{"not_picked":["Panache","Blind+1"],"picked":"Mind Blast","floor":47},{"not_picked":["Good Instincts+1","Flash of Steel"],"picked":"Panacea+1","floor":47},{"not_picked":["Panacea+1","Mind Blast"],"picked":"Apotheosis+1","floor":47},{"not_picked":["Ball Lightning+1","Lockon","Chill+1"],"picked":"SKIP","floor":48}],"player_experience":492217,"potions_floor_usage":[16,21,24,28,30,33,41,45,50,50],"damage_taken":[{"damage":2,"enemies":"Small Slimes","floor":1,"turns":3},{"damage":9,"enemies":"Jaw Worm","floor":2,"turns":4},{"damage":7,"enemies":"2 Louse","floor":3,"turns":3},{"damage":22,"enemies":"Lagavulin","floor":6,"turns":8},{"damage":0,"enemies":"3 Sentries","floor":10,"turns":7},{"damage":0,"enemies":"Exordium Thugs","floor":12,"turns":3},{"damage":11,"enemies":"3 Sentries","floor":13,"turns":3},{"damage":3,"enemies":"Looter","floor":14,"turns":3},{"damage":20,"enemies":"The Guardian","floor":16,"turns":16},{"damage":20,"enemies":"3 Byrds","floor":18,"turns":4},{"damage":16,"enemies":"Chosen","floor":19,"turns":7},{"damage":15,"enemies":"Snake Plant","floor":20,"turns":4},{"damage":0,"enemies":"Centurion and Healer","floor":21,"turns":13},{"damage":0,"enemies":"Sentry and Sphere","floor":22,"turns":4},{"damage":21,"enemies":"Gremlin Leader","floor":24,"turns":7},{"damage":12,"enemies":"Book of Stabbing","floor":28,"turns":5},{"damage":11,"enemies":"Snake Plant","floor":29,"turns":2},{"damage":22,"enemies":"Slavers","floor":30,"turns":5},{"damage":13,"enemies":"Cultist and Chosen","floor":31,"turns":4},{"damage":19,"enemies":"Automaton","floor":33,"turns":10},{"damage":0,"enemies":"3 Shapes","floor":35,"turns":3},{"damage":11,"enemies":"3 Darklings","floor":41,"turns":3},{"damage":25,"enemies":"Maw","floor":44,"turns":7},{"damage":7,"enemies":"4 Shapes","floor":45,"turns":5},{"damage":10,"enemies":"Sphere and 2 Shapes","floor":48,"turns":4},{"damage":43,"enemies":"Time Eater","floor":50,"turns":11}],"relics_obtained":[{"floor":6,"key":"Mummified Hand"},{"floor":9,"key":"Gremlin Horn"},{"floor":13,"key":"Du-Vu Doll"},{"floor":24,"key":"Toxic Egg 2"},{"floor":26,"key":"War Paint"},{"floor":28,"key":"Happy Flower"},{"floor":30,"key":"Oddly Smooth Stone"},{"floor":43,"key":"Bottled Lightning"}],"event_choices":[{"event_name":"Scrap Ooze","player_choice":"success","floor":4,"damage_taken":18},{"event_name":"Bonfire Elementals","player_choice":"UNCOMMON","floor":5,"damage_taken":0},{"event_name":"Transmorgrifier","player_choice":"Transform","floor":8,"damage_taken":0},{"event_name":"Dead Adventurer","player_choice":"Searched \u00272\u0027 times","floor":10,"damage_taken":0},{"event_name":"The Lab","player_choice":"Got Potions","floor":36,"damage_taken":0},{"event_name":"Winding Halls","player_choice":"Embrace Madness","floor":37,"damage_taken":0},{"event_name":"Tomb of Lord Red Mask","player_choice":"Paid","floor":38,"damage_taken":0},{"event_name":"Mysterious Sphere","player_choice":"Ignore","floor":46,"damage_taken":0},{"event_name":"SensoryStone","player_choice":"Memory 3","floor":47,"damage_taken":0}],"boss_relics":[{"not_picked":["Cursed Key","Pandora\u0027s Box"],"picked":"Lizard Tail"},{"not_picked":["Velvet Choker","Eternal Feather"],"picked":"Runic Pyramid"}],"items_purged_floors":[11,23],"potions_floor_spawned":[2,12,13,16,19,20,22,31,41,45],"seed_played":"-3481254871491930252","ascension_level":1,"potions_obtained":[{"floor":2,"key":"Block Potion"},{"floor":12,"key":"Ancient Potion"},{"floor":13,"key":"Block Potion"},{"floor":16,"key":"Block Potion"},{"floor":22,"key":"Ancient Potion"},{"floor":31,"key":"EssenceOfSteel"},{"floor":36,"key":"PowerPotion"},{"floor":36,"key":"PowerPotion"},{"floor":36,"key":"GamblersBrew"},{"floor":41,"key":"Dexterity Potion"},{"floor":45,"key":"AttackPotion"}],"is_trial":false}