{"gold_per_floor":[213,231,231,246,264,292,292,322,348,368,368,384,384,416,416,513,513,532,551,551,177,187,217,217,227,227,238,337,347,377,392,392,489,489,505,76,92,108,208,208,238,248,271,271,283,297,74,88,88,88],"floor_reached":51,"playtime":3235,"items_purged":["Strike_G","Well Laid Plans+1"],"score":1083,"play_id":"d975d0c7-b0e3-44a3-88b4-1f9bbff3e5cc","local_time":"20190415210009","is_ascension_mode":true,"campfire_choices":[{"floor":7,"key":"REST"},{"floor":13,"key":"REST"},{"data":"Glass Knife","floor":15,"key":"SMITH"},{"floor":24,"key":"REST"},{"data":"Glass Knife","floor":32,"key":"SMITH"},{"data":"Glass Knife","floor":40,"key":"SMITH"},{"floor":44,"key":"REST"},{"floor":49,"key":"REST"}],"neow_cost":"NONE","seed_source_timestamp":0,"circlet_count":0,"master_deck":["Defend_G+1","Defend_G","Defend_G","Defend_G","Defend_G+1","Strike_G","Strike_G","Strike_G","Strike_G","Survivor","Neutralize+1","Flying Knee","Dagger Throw","Flying Knee","Caltrops+1","Backflip","Glass Knife+1","Glass Knife+1","Backstab","PiercingWail","Noxious Fumes+1","Catalyst","Dodge and Roll+1","Backflip","After Image+1","Sucker Punch+1","Glass Knife+1","Noxious Fumes+1","PiercingWail","Dash","Deflect+1","Footwork+1","Flechettes","Leg Sweep+1","Corpse Explosion+1","Crippling Poison+1"],"special_seed":0,"relics":["Ring of the Snake","Frozen Egg 2","Oddly Smooth Stone","Omamori","War Paint","Ancient Tea Set","Velvet Choker","Bronze Scales","FossilizedHelix","Ornamental Fan","Regal Pillow","Runic Pyramid","Toxic Egg 2","Peace Pipe","Singing Bowl","Snake Skull","Pen Nib"],"potions_floor_usage":[8,23,38,38,41,50],"damage_taken":[{"damage":7,"enemies":"Small Slimes","floor":1,"turns":5},{"damage":4,"enemies":"Jaw Worm","floor":2,"turns":6},{"damage":0,"enemies":"2 Louse","floor":4,"turns":3},{"damage":0,"enemies":"Blue Slaver","floor":5,"turns":5},{"damage":24,"enemies":"Gremlin Nob","floor":6,"turns":5},{"damage":22,"enemies":"3 Sentries","floor":8,"turns":7},{"damage":1,"enemies":"2 Fungi Beasts","floor":10,"turns":4},{"damage":4,"enemies":"Gremlin Gang","floor":12,"turns":5},{"damage":13,"enemies":"Gremlin Nob","floor":14,"turns":4},{"damage":12,"enemies":"Hexaghost","floor":16,"turns":9},{"damage":3,"enemies":"Chosen","floor":18,"turns":4},{"damage":7,"enemies":"3 Byrds","floor":19,"turns":4},{"damage":0,"enemies":"Snake Plant","floor":22,"turns":2},{"damage":23,"enemies":"Gremlin Leader","floor":23,"turns":7},{"damage":0,"enemies":"3 Cultists","floor":25,"turns":6},{"damage":9,"enemies":"Shelled Parasite and Fungi","floor":27,"turns":5},{"damage":0,"enemies":"Snake Plant","floor":29,"turns":3},{"damage":1,"enemies":"Book of Stabbing","floor":30,"turns":5},{"damage":0,"enemies":"Cultist and Chosen","floor":31,"turns":6},{"damage":4,"enemies":"Automaton","floor":33,"turns":11},{"damage":0,"enemies":"3 Shapes","floor":35,"turns":5},{"damage":6,"enemies":"3 Darklings","floor":37,"turns":6},{"damage":20,"enemies":"4 Shapes","floor":38,"turns":5},{"damage":0,"enemies":"Mind Bloom Boss Battle","floor":39,"turns":6},{"damage":18,"enemies":"Reptomancer","floor":41,"turns":8},{"damage":0,"enemies":"Sphere and 2 Shapes","floor":42,"turns":7},{"damage":10,"enemies":"Spire Growth","floor":45,"turns":5},{"damage":5,"enemies":"3 Darklings","floor":46,"turns":6},{"damage":0,"enemies":"Maw","floor":48,"turns":7},{"damage":30,"enemies":"Donu and Deca","floor":50,"turns":6}],"seed_played":"-5879285165400459791","potions_obtained":[{"floor":1,"key":"Explosive Potion"},{"floor":4,"key":"Ancient Potion"},{"floor":5,"key":"GamblersBrew"},{"floor":6,"key":"Weak Potion"},{"floor":10,"key":"GhostInAJar"},{"floor":23,"key":"LiquidBronze"},{"floor":39,"key":"AttackPotion"},{"floor":41,"key":"FearPotion"},{"floor":48,"key":"Ancient Potion"}],"is_trial":false,"path_per_floor":["M","M","?","M","M","E","R","E","T","M","?","M","R","E","R","B",null,"M","M","?","$","M","E","R","M","T","M","?","M","E","M","R","B",null,"M","$","M","M","?","R","E","M","T","R","M","M","$","M","R","B",null],"character_chosen":"THE_SILENT","items_purchased":["Noxious Fumes+1","Bronze Scales","Catalyst","PiercingWail","Toxic Egg 2","Dash","Crippling Poison+1","Pen Nib"],"campfire_rested":5,"item_purchase_floors":[21,21,21,36,36,36,47,47],"current_hp_per_floor":[56,52,52,52,52,28,49,27,27,26,26,22,43,30,30,18,57,54,47,47,47,47,24,45,45,45,36,36,36,35,35,35,31,60,60,60,54,34,34,34,16,16,16,52,44,39,39,41,74,44],"gold":88,"neow_bonus":"HUNDRED_GOLD","is_prod":false,"is_daily":false,"chose_seed":false,"campfire_upgraded":3,"win_rate":0,"timestamp":1555372809,"path_taken":["M","M","?","M","M","E","R","E","T","M","?","M","R","E","R","BOSS","M","M","?","$","M","E","R","M","T","M","?","M","E","M","R","BOSS","M","$","M","M","?","R","E","M","T","R","M","M","$","M","R","BOSS"],"build_version":"2019-01-23","purchased_purges":2,"victory":true,"max_hp_per_floor":[70,70,70,70,70,70,70,70,70,70,70,70,70,70,70,70,70,70,70,70,70,70,70,70,70,70,70,70,70,70,70,70,70,70,70,70,70,70,70,70,70,70,70,70,72,72,72,74,74,74],"card_choices":[{"not_picked":["Infinite Blades","Distraction","Masterful Stab"],"picked":"SKIP","floor":1},{"not_picked":["Sucker Punch","Dash"],"picked":"Flying Knee","floor":2},{"not_picked":["Masterful Stab","Caltrops"],"picked":"Dagger Throw","floor":4},{"not_picked":["Concentrate","Outmaneuver"],"picked":"Flying Knee","floor":5},{"not_picked":["Heel Hook","Expertise","Deadly Poison"],"picked":"SKIP","floor":6},{"not_picked":["Sucker Punch","Dodge and Roll"],"picked":"Caltrops+1","floor":8},{"not_picked":["Bane","Expertise","Outmaneuver"],"picked":"SKIP","floor":10},{"not_picked":["Flying Knee","Deflect"],"picked":"Backflip","floor":12},{"not_picked":["Setup","Catalyst"],"picked":"Glass Knife","floor":14},{"not_picked":["Unload","A Thousand Cuts+1"],"picked":"Glass Knife","floor":16},{"not_picked":["Prepared+1","Dagger Spray"],"picked":"Well Laid Plans+1","floor":18},{"not_picked":["Bane","Backflip"],"picked":"Backstab","floor":19},{"not_picked":["Cloak And Dagger","Underhanded Strike+1","Eviscerate"],"picked":"SKIP","floor":22},{"not_picked":["Setup+1","Deflect"],"picked":"Dodge and Roll+1","floor":23},{"not_picked":["Heel Hook","Quick Slash+1","Dodge and Roll"],"picked":"SKIP","floor":25},{"not_picked":["Dagger Throw","Predator"],"picked":"Backflip","floor":27},{"not_picked":["Cloak And Dagger+1","Escape Plan+1"],"picked":"After Image+1","floor":29},{"not_picked":["Backflip","Deflect+1"],"picked":"Sucker Punch+1","floor":30},{"not_picked":["Tactician","Backstab","Underhanded Strike"],"picked":"SKIP","floor":31},{"not_picked":["Wraith Form v2+1","Unload"],"picked":"Glass Knife","floor":33},{"not_picked":["Quick Slash","Cloak And Dagger"],"picked":"Noxious Fumes+1","floor":35},{"not_picked":["Predator","Deadly Poison+1","All Out Attack+1"],"picked":"SKIP","floor":37},{"not_picked":["Phantasmal Killer+1","Underhanded Strike"],"picked":"Deflect+1","floor":38},{"not_picked":["Deadly Poison+1","Masterful Stab"],"picked":"Footwork+1","floor":39},{"not_picked":["Bane+1","Acrobatics+1"],"picked":"Flechettes","floor":41},{"not_picked":["Dagger Throw+1","Slice"],"picked":"Leg Sweep+1","floor":42},{"not_picked":["Quick Slash+1","Sucker Punch+1","Setup+1"],"picked":"Singing Bowl","floor":45},{"not_picked":["Cloak And Dagger+1","Distraction+1"],"picked":"Corpse Explosion+1","floor":46},{"not_picked":["Terror+1","Cloak And Dagger+1","Backflip+1"],"picked":"Singing Bowl","floor":48}],"player_experience":637126,"relics_obtained":[{"floor":6,"key":"Frozen Egg 2"},{"floor":8,"key":"Oddly Smooth Stone"},{"floor":9,"key":"Omamori"},{"floor":14,"key":"Ancient Tea Set"},{"floor":23,"key":"FossilizedHelix"},{"floor":26,"key":"Ornamental Fan"},{"floor":30,"key":"Regal Pillow"},{"floor":39,"key":"Peace Pipe"},{"floor":41,"key":"Singing Bowl"},{"floor":43,"key":"Snake Skull"}],"event_choices":[{"damage_healed":0,"gold_gain":0,"player_choice":"Grow","damage_taken":0,"max_hp_gain":0,"max_hp_loss":0,"event_name":"Living Wall","floor":3,"gold_loss":0,"cards_upgraded":["Neutralize"]},{"damage_healed":0,"gold_gain":0,"player_choice":"Searched \u00271\u0027 times","damage_taken":0,"relics_obtained":["War Paint"],"max_hp_gain":0,"max_hp_loss":0,"event_name":"Dead Adventurer","floor":11,"gold_loss":0},{"damage_healed":0,"gold_gain":0,"player_choice":"Read","damage_taken":0,"max_hp_gain":0,"max_hp_loss":0,"event_name":"The Library","floor":20,"gold_loss":0,"cards_obtained":["PiercingWail"]},{"damage_healed":0,"gold_gain":99,"player_choice":"Stole From Cult","damage_taken":0,"max_hp_gain":0,"max_hp_loss":0,"event_name":"Nest","floor":28,"gold_loss":0},{"damage_healed":0,"gold_gain":0,"player_choice":"Fight","damage_taken":0,"max_hp_gain":0,"max_hp_loss":0,"event_name":"MindBloom","floor":39,"gold_loss":0}],"is_beta":false,"boss_relics":[{"not_picked":["Ring of the Serpent","WristBlade"],"picked":"Velvet Choker"},{"not_picked":["Tiny House","Fusion Hammer"],"picked":"Runic Pyramid"}],"items_purged_floors":[21,36],"is_endless":false,"potions_floor_spawned":[1,4,5,6,10,16,22,23,27,30,39,41,48],"ascension_level":8}