{"gold_per_floor":[112,23,39,54,72,100,100,125,155,174,174,193,193,211,211,283,283,298,298,318,334,259,259,279,279,279,279,305,320,320,16,16,16],"floor_reached":33,"playtime":1739,"items_purged":["Strike_B"],"score":558,"play_id":"42b215e2-0bc3-4f6b-9923-197a524db958","local_time":"20181227160342","is_ascension_mode":true,"campfire_choices":[{"floor":7,"key":"REST"},{"data":"Defragment","floor":11,"key":"SMITH"},{"data":"Sweeping Beam","floor":13,"key":"SMITH"},{"floor":15,"key":"REST"},{"floor":23,"key":"REST"},{"floor":25,"key":"REST"},{"data":"Sweeping Beam","floor":27,"key":"SMITH"},{"floor":30,"key":"REST"},{"floor":32,"key":"REST"}],"neow_cost":"NONE","seed_source_timestamp":514631088435800,"circlet_count":0,"master_deck":["AscendersBane","Strike_B","Strike_B","Defend_B","Defend_B","Defend_B","Defend_B","Zap+1","Dualcast","Defragment+1","Loop","Sweeping Beam+1","Genetic Algorithm","Glacier","Stack","Sweeping Beam+1","Go for the Eyes","Ball Lightning","Core Surge","Hologram","Conserve Battery+1","Glacier+1","Sunder"],"relics":["Cracked Core","The Courier","Orichalcum","Tiny Chest","Inserter","Kunai","Pantograph","Matryoshka","Centennial Puzzle"],"potions_floor_usage":[8,8,16,21,28,28,33],"damage_taken":[{"damage":0,"enemies":"Cultist","floor":1,"turns":3},{"damage":9,"enemies":"Small Slimes","floor":3,"turns":3},{"damage":1,"enemies":"2 Louse","floor":4,"turns":3},{"damage":15,"enemies":"Blue Slaver","floor":5,"turns":4},{"damage":23,"enemies":"Lagavulin","floor":6,"turns":9},{"damage":14,"enemies":"3 Sentries","floor":8,"turns":6},{"damage":0,"enemies":"2 Fungi Beasts","floor":10,"turns":2},{"damage":3,"enemies":"Exordium Wildlife","floor":12,"turns":4},{"damage":0,"enemies":"Looter","floor":14,"turns":4},{"damage":31,"enemies":"Slime Boss","floor":16,"turns":10},{"damage":11,"enemies":"Shell Parasite","floor":18,"turns":9},{"damage":19,"enemies":"Chosen","floor":20,"turns":6},{"damage":21,"enemies":"Shelled Parasite and Fungi","floor":21,"turns":9},{"damage":11,"enemies":"Sentry and Sphere","floor":24,"turns":7},{"damage":35,"enemies":"Gremlin Leader","floor":28,"turns":8},{"damage":0,"enemies":"Chosen and Byrds","floor":29,"turns":7},{"damage":69,"enemies":"Collector","floor":33,"turns":15}],"seed_played":"1816848877541442697","potions_obtained":[{"floor":1,"key":"SpeedPotion"},{"floor":3,"key":"LiquidBronze"},{"floor":8,"key":"SteroidPotion"},{"floor":16,"key":"FearPotion"},{"floor":20,"key":"EssenceOfSteel"},{"floor":21,"key":"Weak Potion"}],"is_trial":false,"path_per_floor":["M","$","M","M","M","E","R","E","T","M","R","M","R","M","R","B",null,"M","T","M","M","?","R","M","R","T","R","E","M","R","$","R","B"],"character_chosen":"DEFECT","items_purchased":["Loop","Centennial Puzzle","Sunder","Fire Potion"],"campfire_rested":6,"item_purchase_floors":[2,31,31,31],"current_hp_per_floor":[64,64,55,54,39,16,37,23,23,23,23,20,20,20,41,10,56,45,45,26,5,5,26,15,36,36,36,1,1,22,22,43,0],"gold":16,"neow_bonus":"UPGRADE_CARD","is_prod":false,"is_daily":false,"chose_seed":false,"campfire_upgraded":3,"win_rate":0,"timestamp":1545923022,"path_taken":["M","$","M","M","M","E","R","E","T","M","R","M","R","M","R","BOSS","M","?","M","M","?","R","M","R","T","R","E","M","R","$","R","BOSS"],"build_version":"2018-12-20","purchased_purges":1,"victory":false,"max_hp_per_floor":[71,71,71,71,71,71,71,71,71,71,71,71,71,71,71,71,71,71,71,71,71,71,71,71,71,71,71,71,71,71,71,71,71],"card_choices":[{"not_picked":["Loop","Heatsinks"],"picked":"Defragment","floor":1},{"not_picked":["Beam Cell","Go for the Eyes"],"picked":"Sweeping Beam","floor":3},{"not_picked":["Capacitor","Turbo","Genetic Algorithm"],"picked":"SKIP","floor":4},{"not_picked":["Capacitor","Turbo"],"picked":"Genetic Algorithm","floor":4},{"not_picked":["Gash","Aggregate"],"picked":"Glacier","floor":5},{"not_picked":["Barrage","Turbo"],"picked":"Stack","floor":6},{"not_picked":["Consume","Redo"],"picked":"Sweeping Beam","floor":8},{"not_picked":["Thunder Strike","Undo"],"picked":"Go for the Eyes","floor":10},{"not_picked":["Turbo","Steam","Reprogram"],"picked":"SKIP","floor":12},{"not_picked":["Biased Cognition","Defragment"],"picked":"Ball Lightning","floor":14},{"not_picked":["Creative AI","Multi-Cast"],"picked":"Core Surge","floor":16},{"not_picked":["Fusion","Static Discharge"],"picked":"Hologram","floor":18},{"not_picked":["Loop+1","Leap+1"],"picked":"Conserve Battery+1","floor":20},{"not_picked":["Barrage+1","Conserve Battery"],"picked":"Glacier+1","floor":21},{"not_picked":["Steam+1","All For One","Steam Power+1"],"picked":"SKIP","floor":24},{"not_picked":["Turbo","Force Field","Tempest"],"picked":"SKIP","floor":28},{"not_picked":["Gash","Leap","Rebound"],"picked":"SKIP","floor":29}],"player_experience":1048334,"relics_obtained":[{"floor":6,"key":"The Courier"},{"floor":8,"key":"Orichalcum"},{"floor":9,"key":"Tiny Chest"},{"floor":19,"key":"Kunai"},{"floor":26,"key":"Pantograph"},{"floor":28,"key":"Matryoshka"}],"event_choices":[{"cards_removed":["Strike_B"],"damage_healed":0,"gold_gain":0,"player_choice":"Gave Gold","damage_taken":0,"max_hp_gain":0,"max_hp_loss":0,"event_name":"Beggar","floor":22,"gold_loss":75}],"is_beta":false,"boss_relics":[{"not_picked":["Orrery","FrozenCore"],"picked":"Inserter"}],"items_purged_floors":[31],"is_endless":false,"potions_floor_spawned":[1,3,8,16,20,21],"killed_by":"Collector","ascension_level":20}