{"gold_per_floor":[109,0,0,11,22,22,56,56,56,87,87,101,158,186,198,210],"floor_reached":16,"playtime":541,"items_purged":[],"score":220,"play_id":"524adfc3-ad18-4fb5-952b-c2b88893915b","local_time":"20190418125143","is_ascension_mode":true,"campfire_choices":[{"data":"Dagger Spray","floor":6,"key":"SMITH"},{"data":"Neutralize","floor":8,"key":"SMITH"},{"floor":11,"key":"REST"},{"floor":15,"key":"REST"}],"neow_cost":"NONE","seed_source_timestamp":256120807846418,"circlet_count":0,"master_deck":["AscendersBane","Defend_G","Defend_G","Defend_G","Defend_G","Defend_G","Strike_G","Strike_G","Strike_G","Strike_G","Strike_G","Survivor","Neutralize+1","Dagger Spray+1","Leg Sweep","Poisoned Stab","Footwork","Deadly Poison","Dash","Dodge and Roll","Backflip"],"relics":["Ring of the Snake","NeowsBlessing","Prayer Wheel","Blue Candle","Boot","MawBank"],"potions_floor_usage":[10,13],"damage_taken":[{"damage":0,"enemies":"Jaw Worm","floor":1,"turns":1},{"damage":0,"enemies":"Small Slimes","floor":4,"turns":1},{"damage":0,"enemies":"2 Louse","floor":5,"turns":1},{"damage":23,"enemies":"3 Sentries","floor":7,"turns":10},{"damage":34,"enemies":"Lagavulin","floor":10,"turns":7},{"damage":3,"enemies":"Exordium Wildlife","floor":12,"turns":5},{"damage":18,"enemies":"Gremlin Nob","floor":13,"turns":4},{"damage":0,"enemies":"Looter","floor":14,"turns":4},{"damage":31,"enemies":"Slime Boss","floor":16,"turns":11}],"seed_played":"-4941649878537684918","potions_obtained":[{"floor":5,"key":"AttackPotion"},{"floor":10,"key":"Explosive Potion"},{"floor":14,"key":"Ancient Potion"}],"is_trial":false,"path_per_floor":["M","$","?","M","M","R","E","R","T","E","R","M","?","M","R","B"],"character_chosen":"THE_SILENT","items_purchased":["Leg Sweep","Poisoned Stab"],"campfire_rested":2,"item_purchase_floors":[2,2],"current_hp_per_floor":[59,59,64,64,64,64,41,41,41,7,28,25,7,7,28,0],"gold":210,"neow_bonus":"THREE_ENEMY_KILL","is_prod":false,"is_daily":false,"chose_seed":false,"campfire_upgraded":2,"win_rate":0,"timestamp":1555584703,"path_taken":["M","$","?","M","M","R","E","R","T","E","R","M","?","M","R","BOSS"],"build_version":"2019-01-23","purchased_purges":0,"victory":false,"max_hp_per_floor":[66,66,71,71,71,71,71,71,71,71,71,71,71,71,71,71],"card_choices":[{"not_picked":["All Out Attack","Calculated Gamble"],"picked":"Dagger Spray","floor":1},{"not_picked":["Blade Dance","Flying Knee"],"picked":"Footwork","floor":4},{"not_picked":["Dagger Spray","Accuracy"],"picked":"Deadly Poison","floor":5},{"not_picked":["Grand Finale","Outmaneuver"],"picked":"Dash","floor":7},{"not_picked":["Dagger Throw","Backflip"],"picked":"Dodge and Roll","floor":10},{"not_picked":["Sucker Punch","Acrobatics","Expertise"],"picked":"SKIP","floor":12},{"not_picked":["Cloak And Dagger","Dagger Throw","Setup"],"picked":"SKIP","floor":12},{"not_picked":["Finisher","Eviscerate"],"picked":"Backflip","floor":13},{"not_picked":["Blade Dance","Eviscerate","Distraction"],"picked":"SKIP","floor":14},{"not_picked":["Blade Dance","Leg Sweep","Outmaneuver"],"picked":"SKIP","floor":14}],"player_experience":1442744,"relics_obtained":[{"floor":7,"key":"Prayer Wheel"},{"floor":9,"key":"Blue Candle"},{"floor":10,"key":"Boot"},{"floor":13,"key":"MawBank"}],"event_choices":[{"damage_healed":0,"gold_gain":0,"player_choice":"Donut","damage_taken":0,"max_hp_gain":5,"max_hp_loss":0,"event_name":"Big Fish","floor":3,"gold_loss":0},{"damage_healed":0,"gold_gain":0,"player_choice":"Searched \u00271\u0027 times","damage_taken":0,"max_hp_gain":0,"max_hp_loss":0,"event_name":"Dead Adventurer","floor":13,"gold_loss":0}],"is_beta":false,"boss_relics":[],"items_purged_floors":[],"is_endless":false,"potions_floor_spawned":[5,10,14],"killed_by":"Slime Boss","ascension_level":20}