{"path_per_floor":["M","$","?","M","$","R","M","R","T","?","E","$","E","M","R","B",null,"M","?","?","M","$","R","?","R","T","E","M","R","E","M","R","B",null,"M","?","T","M","M","R","E","M","T","R","?","M","R","M","R","B"],"character_chosen":"IRONCLAD","items_purchased":["Mind Blast","Flex"],"gold_per_floor":[115,18,18,28,28,28,43,43,43,43,71,11,46,56,56,154,154,154,154,154,139,117,117,117,117,117,117,117,117,117,117,117,117,117,117,117,117,117,117,117,117,117,117,117,0,0,0,0,0,0],"floor_reached":51,"campfire_rested":1,"playtime":3220,"current_hp_per_floor":[54,54,54,60,60,60,66,66,66,66,72,72,65,71,71,77,96,99,99,83,86,86,86,86,86,86,70,75,75,60,66,66,61,102,101,101,101,106,106,106,68,33,33,79,79,59,59,43,43,38],"items_purged":["Regret"],"gold":0,"score":960,"play_id":"1b1b814e-782d-4d7d-8907-f48ccd725b4f","local_time":"20180508004558","is_prod":false,"is_daily":false,"chose_seed":false,"is_ascension_mode":true,"campfire_upgraded":10,"timestamp":1525765558,"path_taken":["M","?","?","?","$","R","M","R","T","?","E","?","E","M","R","BOSS","M","?","?","M","$","R","?","R","T","E","?","R","E","?","R","BOSS","M","?","?","M","M","R","E","?","T","R","?","M","R","M","R","BOSS"],"build_version":"2018-05-03","seed_source_timestamp":1056745445401136,"purchased_purges":1,"victory":true,"master_deck":["Strike_R","Strike_R","Strike_R","Strike_R","Strike_R","Defend_R","Defend_R","Defend_R","Defend_R","Bash+1","Thunderclap","Mind Blast+1","Twin Strike","Headbutt","Twin Strike","Metallicize+1","Shrug It Off","Feed+1","Warcry+1","Necronomicurse","Iron Wave","Flex+1","Writhe","Pommel Strike+1","Battle Trance+1","Clothesline+1","Dropkick","Offering","Cleave+1","Injury","Clothesline+1","Flex+1","Sword Boomerang+1","Warcry+1","Metallicize+1","Pain","Power Through+1","Sword Boomerang","Shockwave+1","Perfected Strike+1"],"max_hp_per_floor":[96,96,96,96,96,96,96,96,96,96,96,96,96,96,96,96,96,99,99,99,102,102,102,102,102,102,102,102,102,102,102,102,102,102,106,106,106,106,106,106,106,106,106,106,106,110,110,110,110,110],"relics":["Burning Blood","Shuriken","Ice Cream","Thread and Needle","Ectoplasm","Nloth\u0027s Gift","Necronomicon","Regal Pillow","Gremlin Horn","Prayer Wheel","Old Coin","Cursed Key","Dream Catcher","Letter Opener","Lantern","Red Mask"],"card_choices":[{"not_picked":["True Grit","Shrug It Off"],"picked":"Thunderclap","floor":1},{"not_picked":["Entrench","Whirlwind"],"picked":"Twin Strike","floor":4},{"not_picked":["Heavy Blade","True Grit"],"picked":"Headbutt","floor":7},{"not_picked":["Bloodletting","Heavy Blade"],"picked":"Twin Strike","floor":11},{"not_picked":["Demon Form","Barricade"],"picked":"Metallicize","floor":13},{"not_picked":["Sever Soul","Rampage"],"picked":"Shrug It Off","floor":14},{"not_picked":["Berserk","Impervious"],"picked":"Feed","floor":16},{"not_picked":["Dual Wield","Cleave"],"picked":"Warcry","floor":18},{"not_picked":["Sword Boomerang","Havoc"],"picked":"Iron Wave","floor":21},{"not_picked":["Sword Boomerang","Shrug It Off"],"picked":"Pommel Strike","floor":27},{"not_picked":["Burning Pact","Clash"],"picked":"Battle Trance","floor":28},{"not_picked":["Dark Embrace","Whirlwind"],"picked":"Clothesline","floor":30},{"not_picked":["Reckless Charge","Havoc"],"picked":"Dropkick","floor":31},{"not_picked":["Fiend Fire","Juggernaut"],"picked":"Offering","floor":33},{"not_picked":["Dual Wield","Clash"],"picked":"Cleave","floor":35},{"not_picked":["Sever Soul","Flex"],"picked":"Clothesline","floor":37},{"not_picked":["Feel No Pain","Headbutt"],"picked":"Flex","floor":38},{"not_picked":["Intimidate","Shrug It Off"],"picked":"Sword Boomerang","floor":39},{"not_picked":["Dual Wield","Corruption"],"picked":"Warcry","floor":41},{"not_picked":["Perfected Strike","Shrug It Off"],"picked":"Metallicize","floor":42},{"not_picked":["Armaments","Iron Wave"],"picked":"Power Through","floor":43},{"not_picked":["Clash","Wild Strike"],"picked":"Sword Boomerang","floor":44},{"not_picked":["Demon Form","Twin Strike"],"picked":"Shockwave","floor":46},{"not_picked":["Warcry","Dark Embrace"],"picked":"Perfected Strike","floor":48}],"player_experience":354252,"potions_floor_usage":[4,4,11,16,18,27,30,33,33,39,39,41,46],"damage_taken":[{"damage":0,"enemies":"Cultist","floor":1,"turns":4},{"damage":0,"enemies":"Jaw Worm","floor":4,"turns":4},{"damage":0,"enemies":"2 Louse","floor":7,"turns":2},{"damage":0,"enemies":"Gremlin Nob","floor":11,"turns":2},{"damage":13,"enemies":"3 Sentries","floor":13,"turns":6},{"damage":0,"enemies":"Lots of Slimes","floor":14,"turns":3},{"damage":0,"enemies":"Slime Boss","floor":16,"turns":6},{"damage":2,"enemies":"3 Byrds","floor":18,"turns":3},{"damage":6,"enemies":"2 Thieves","floor":21,"turns":2},{"damage":22,"enemies":"Gremlin Leader","floor":27,"turns":5},{"damage":1,"enemies":"3 Cultists","floor":28,"turns":4},{"damage":21,"enemies":"Book of Stabbing","floor":30,"turns":4},{"damage":0,"enemies":"Cultist and Chosen","floor":31,"turns":3},{"damage":11,"enemies":"Collector","floor":33,"turns":5},{"damage":11,"enemies":"3 Shapes","floor":35,"turns":2},{"damage":0,"enemies":"Orb Walker","floor":38,"turns":2},{"damage":4,"enemies":"3 Darklings","floor":39,"turns":2},{"damage":44,"enemies":"2 Orb Walkers","floor":41,"turns":4},{"damage":41,"enemies":"4 Shapes","floor":42,"turns":2},{"damage":30,"enemies":"Maw","floor":46,"turns":5},{"damage":22,"enemies":"3 Darklings","floor":48,"turns":3},{"damage":11,"enemies":"Donu and Deca","floor":50,"turns":5}],"event_choices":[{"event_name":"The Lab","player_choice":"Got Potions","floor":3,"damage_taken":0},{"event_name":"Big Fish","player_choice":"Box","floor":10,"damage_taken":0},{"event_name":"N\u0027loth","player_choice":"Traded a The Courier","floor":19,"damage_taken":0},{"event_name":"Cursed Tome","player_choice":"Obtained Book","floor":20,"damage_taken":0},{"event_name":"The Mausoleum","player_choice":"Yes","floor":24,"damage_taken":0},{"event_name":"SecretPortal","player_choice":"Rejected Portal.","floor":36,"damage_taken":0},{"event_name":"Tomb of Lord Red Mask","player_choice":"Paid","floor":45,"damage_taken":0}],"boss_relics":[{"not_picked":["Velvet Choker","Calling Bell"],"picked":"Ectoplasm"},{"not_picked":["Eternal Feather","Runic Dome"],"picked":"Cursed Key"}],"potions_floor_spawned":[13,14,18,21,30,31,33,35,38,41],"seed_played":"-1136879753033626542","ascension_level":3,"is_trial":false}