{"gold_per_floor":[115,11,11,31,31,31,69,69,69,88,88,88,0,43,43,136,136,160,160,2,16,16,16,16,48,71,89,13,24,52,102,102,102],"floor_reached":33,"playtime":2776,"items_purged":["Strike_R"],"score":535,"play_id":"7504c0d6-e64f-4536-9484-0230cfe8cdc7","local_time":"20190415023229","is_ascension_mode":true,"campfire_choices":[{"data":"Bash","floor":6,"key":"SMITH"},{"data":"True Grit","floor":8,"key":"SMITH"},{"data":"Uppercut","floor":11,"key":"SMITH"},{"data":"Spot Weakness","floor":15,"key":"SMITH"},{"floor":23,"key":"REST"},{"floor":32,"key":"REST"}],"neow_cost":"NONE","seed_source_timestamp":48048599246081,"circlet_count":0,"master_deck":["AscendersBane","Strike_R","Strike_R","Strike_R","Defend_R","Defend_R","Defend_R","Defend_R","Bash+1","Spot Weakness+1","Twin Strike","Shrug It Off","True Grit+1","Uppercut+1","Evolve+1","Anger+1","Offering","Inflame+1","Headbutt","Metallicize+1","Inflame+1"],"relics":["Burning Blood","Bloody Idol","Frozen Egg 2","Singing Bowl","Anchor","Fusion Hammer","Potion Belt","Bronze Scales","Self Forming Clay"],"potions_floor_usage":[18,27,33,33],"damage_taken":[{"damage":7,"enemies":"Small Slimes","floor":1,"turns":3},{"damage":7,"enemies":"Jaw Worm","floor":4,"turns":4},{"damage":27,"enemies":"Lagavulin","floor":7,"turns":5},{"damage":0,"enemies":"2 Louse","floor":10,"turns":2},{"damage":18,"enemies":"Gremlin Nob","floor":14,"turns":3},{"damage":16,"enemies":"Hexaghost","floor":16,"turns":9},{"damage":17,"enemies":"2 Thieves","floor":18,"turns":3},{"damage":13,"enemies":"Shell Parasite","floor":21,"turns":3},{"damage":53,"enemies":"Book of Stabbing","floor":25,"turns":6},{"damage":17,"enemies":"Snecko","floor":27,"turns":4},{"damage":3,"enemies":"Chosen and Byrds","floor":29,"turns":5},{"damage":32,"enemies":"Slavers","floor":30,"turns":5},{"damage":49,"enemies":"Champ","floor":33,"turns":6}],"seed_played":"2072875961254017735","potions_obtained":[{"floor":0,"key":"Block Potion"},{"floor":0,"key":"Swift Potion"},{"floor":10,"key":"Block Potion"},{"floor":14,"key":"SteroidPotion"},{"floor":25,"key":"Ancient Potion"},{"floor":27,"key":"SteroidPotion"},{"floor":30,"key":"Energy Potion"}],"is_trial":false,"path_per_floor":["M","$","?","M","?","R","E","R","T","M","R","?","$","E","R","B",null,"M","?","$","M","?","R","?","E","T","M","$","M","E","?","R","B"],"character_chosen":"IRONCLAD","items_purchased":["Spot Weakness","Twin Strike","Evolve+1","Anger","Inflame+1","Metallicize+1"],"campfire_rested":2,"item_purchase_floors":[2,2,13,13,20,28],"current_hp_per_floor":[67,67,60,59,59,59,38,38,38,44,44,44,44,34,34,24,59,50,50,50,48,48,69,69,29,34,30,30,40,19,24,47,0],"gold":102,"neow_bonus":"THREE_SMALL_POTIONS","is_prod":false,"is_daily":false,"chose_seed":false,"campfire_upgraded":4,"win_rate":0,"timestamp":1555306349,"path_taken":["M","$","?","M","?","R","E","R","T","M","R","?","$","E","R","BOSS","M","?","$","M","?","R","?","E","T","M","$","?","E","?","R","BOSS"],"build_version":"2019-01-23","purchased_purges":1,"victory":false,"max_hp_per_floor":[75,75,75,75,68,68,68,68,68,68,68,68,68,70,70,70,70,72,72,72,72,72,72,72,74,74,76,76,78,78,78,78,78],"card_choices":[{"not_picked":["Armaments","Infernal Blade","Wild Strike"],"picked":"SKIP","floor":1},{"not_picked":["Havoc","Metallicize"],"picked":"Shrug It Off","floor":4},{"not_picked":["Wild Strike","Rage"],"picked":"True Grit","floor":7},{"not_picked":["Sword Boomerang","Heavy Blade"],"picked":"Uppercut","floor":10},{"not_picked":["Evolve+1","Dual Wield","Brutality+1"],"picked":"Singing Bowl","floor":14},{"not_picked":["Berserk+1","Barricade+1"],"picked":"Offering","floor":16},{"not_picked":["Clothesline","Iron Wave","Cleave"],"picked":"Singing Bowl","floor":18},{"not_picked":["Anger","Heavy Blade"],"picked":"Headbutt","floor":21},{"not_picked":["Headbutt","Carnage","Juggernaut+1"],"picked":"Singing Bowl","floor":25},{"not_picked":["Hemokinesis","Havoc","Headbutt"],"picked":"Singing Bowl","floor":27},{"not_picked":["Bloodletting","Clothesline+1","Clash"],"picked":"Singing Bowl","floor":29},{"not_picked":["Pummel","Dual Wield"],"picked":"Inflame+1","floor":30}],"player_experience":624185,"relics_obtained":[{"floor":7,"key":"Frozen Egg 2"},{"floor":9,"key":"Singing Bowl"},{"floor":14,"key":"Anchor"},{"floor":25,"key":"Potion Belt"},{"floor":26,"key":"Bronze Scales"},{"floor":30,"key":"Self Forming Clay"}],"event_choices":[{"cards_removed":["Strike_R"],"damage_healed":0,"gold_gain":0,"player_choice":"Card Removal","damage_taken":7,"max_hp_gain":0,"max_hp_loss":0,"event_name":"Golden Wing","floor":3,"gold_loss":0},{"damage_healed":0,"gold_gain":0,"player_choice":"Lose Max HP","damage_taken":0,"relics_obtained":["Golden Idol"],"max_hp_gain":0,"max_hp_loss":7,"event_name":"Golden Idol","floor":5,"gold_loss":0},{"damage_healed":0,"gold_gain":0,"player_choice":"Leave","damage_taken":0,"max_hp_gain":0,"max_hp_loss":0,"event_name":"The Cleric","floor":12,"gold_loss":0},{"damage_healed":0,"gold_gain":0,"player_choice":"Gave Idol","damage_taken":0,"relics_obtained":["Bloody Idol"],"max_hp_gain":0,"max_hp_loss":0,"event_name":"Forgotten Altar","floor":19,"relics_lost":["Golden Idol"],"gold_loss":0},{"damage_healed":0,"gold_gain":0,"player_choice":"Ignored","damage_taken":0,"max_hp_gain":0,"max_hp_loss":0,"event_name":"Beggar","floor":22,"gold_loss":0},{"damage_healed":0,"gold_gain":0,"player_choice":"Upgraded","damage_taken":0,"max_hp_gain":0,"max_hp_loss":0,"event_name":"Upgrade Shrine","floor":24,"gold_loss":0,"cards_upgraded":["Anger"]},{"damage_healed":0,"gold_gain":50,"player_choice":"Stole From Cult","damage_taken":0,"max_hp_gain":0,"max_hp_loss":0,"event_name":"Nest","floor":31,"gold_loss":0}],"is_beta":false,"boss_relics":[{"not_picked":["White Beast Statue","Tiny House"],"picked":"Fusion Hammer"}],"items_purged_floors":[20],"is_endless":false,"potions_floor_spawned":[7,10,14,25,27,30],"killed_by":"Champ","ascension_level":17}