{"gold_per_floor":[116,127,55,5,15,49,49,10,36,52,65,97,97,97],"floor_reached":14,"playtime":750,"items_purged":[],"score":165,"play_id":"fcfa75c0-d7d9-4a9b-be47-bf7a0cbb0249","local_time":"20190309162148","is_ascension_mode":true,"campfire_choices":[{"floor":7,"key":"REST"}],"neow_cost":"NONE","seed_source_timestamp":1002414600946100,"circlet_count":0,"master_deck":["Strike_B","Strike_B","Strike_B","Defend_B","Defend_B","Defend_B","Defend_B","Zap","Dualcast","Genetic Algorithm","Self Repair","Conserve Battery","Hologram","Ball Lightning","Creative AI","Compile Driver","Genetic Algorithm","Genetic Algorithm","Ball Lightning","Consume","Aggregate","Loop","Genetic Algorithm"],"relics":["Orrery","Bag of Marbles","Pantograph","Torii"],"potions_floor_usage":[6,11],"damage_taken":[{"damage":5,"enemies":"Cultist","floor":1,"turns":4},{"damage":5,"enemies":"Jaw Worm","floor":2,"turns":4},{"damage":11,"enemies":"Small Slimes","floor":5,"turns":5},{"damage":63,"enemies":"Lagavulin","floor":6,"turns":8},{"damage":8,"enemies":"Looter","floor":10,"turns":3},{"damage":5,"enemies":"3 Louse","floor":11,"turns":5},{"damage":43,"enemies":"3 Sentries","floor":12,"turns":8},{"damage":18,"enemies":"Exordium Wildlife","floor":14,"turns":4}],"seed_played":"4756290147712858264","potions_obtained":[{"floor":1,"key":"Regen Potion"},{"floor":6,"key":"Block Potion"}],"is_trial":false,"path_per_floor":["M","M","$","?","M","E","R","$","T","M","M","E","?","M"],"character_chosen":"DEFECT","items_purchased":["Genetic Algorithm","Consume"],"campfire_rested":1,"item_purchase_floors":[3,8],"current_hp_per_floor":[70,72,72,72,68,22,44,44,44,43,45,16,16,0],"gold":97,"neow_bonus":"BOSS_RELIC","is_prod":false,"is_daily":false,"chose_seed":false,"campfire_upgraded":0,"win_rate":0,"timestamp":1552173708,"path_taken":["M","M","?","?","M","E","R","?","T","?","M","E","?","M"],"build_version":"2019-02-06","purchased_purges":0,"victory":false,"max_hp_per_floor":[75,75,75,75,75,75,75,75,75,75,75,75,75,75],"card_choices":[{"not_picked":["Go for the Eyes","Aggregate"],"picked":"Genetic Algorithm","floor":0},{"not_picked":["Redo","Undo"],"picked":"Self Repair","floor":0},{"not_picked":["Hologram","Barrage"],"picked":"Conserve Battery","floor":0},{"not_picked":["Lockon","Beam Cell"],"picked":"Hologram","floor":0},{"not_picked":["Streamline","Scrape"],"picked":"Ball Lightning","floor":0},{"not_picked":["Turbo","Gash"],"picked":"Creative AI","floor":1},{"not_picked":["Darkness","Lockon"],"picked":"Compile Driver","floor":2},{"not_picked":["Cold Snap","Barrage"],"picked":"Genetic Algorithm","floor":5},{"not_picked":["Conserve Battery","Reprogram"],"picked":"Ball Lightning","floor":6},{"not_picked":["Fusion","Meteor Strike"],"picked":"Aggregate","floor":10},{"not_picked":["Redo","Conserve Battery"],"picked":"Loop","floor":11},{"not_picked":["FTL","Reinforced Body"],"picked":"Genetic Algorithm","floor":12}],"player_experience":596709,"relics_obtained":[{"floor":6,"key":"Bag of Marbles"},{"floor":12,"key":"Pantograph"}],"event_choices":[{"cards_removed":["Strike_B"],"damage_healed":0,"gold_gain":0,"player_choice":"Card Removal","damage_taken":0,"max_hp_gain":0,"max_hp_loss":0,"event_name":"The Cleric","floor":4,"gold_loss":50},{"damage_healed":0,"gold_gain":0,"player_choice":"Searched \u00271\u0027 times","damage_taken":0,"relics_obtained":["Torii"],"max_hp_gain":0,"max_hp_loss":0,"event_name":"Dead Adventurer","floor":13,"gold_loss":0}],"is_beta":true,"boss_relics":[],"items_purged_floors":[],"is_endless":false,"potions_floor_spawned":[1,6],"killed_by":"Exordium Wildlife","ascension_level":8}