{"gold_per_floor":[109,7,21,40,58,58,87,101,126,126,139,173,185,204,204,306,306,324,339,350,31,31,31,31,58,58,58],"floor_reached":27,"playtime":1107,"items_purged":["Strike_B"],"score":471,"play_id":"9cf18d75-e6db-4ea8-94c2-c9359e115e86","local_time":"20190419024017","is_ascension_mode":true,"campfire_choices":[{"data":"Sunder","floor":6,"key":"SMITH"},{"floor":15,"key":"REST"},{"floor":23,"key":"REST"}],"neow_cost":"NONE","seed_source_timestamp":48179319801468,"circlet_count":0,"master_deck":["AscendersBane","Strike_B+1","Strike_B+1","Strike_B+1","Defend_B+1","Defend_B+1","Defend_B+1","Defend_B+1","Zap+1","Dualcast","Gash","BootSequence","Rebound","Ball Lightning","Ball Lightning","Sunder+1","Conserve Battery","Seek","Genetic Algorithm","Loop","Ball Lightning","Thunder Strike","Gash+1","Ball Lightning","Ball Lightning+1","Gash","Consume","Fission"],"relics":["Cracked Core","Bronze Scales","Vajra","Omamori","Cursed Key","Anchor"],"potions_floor_usage":[5,7,16,18,20,25],"damage_taken":[{"damage":7,"enemies":"Jaw Worm","floor":1,"turns":2},{"damage":0,"enemies":"2 Louse","floor":3,"turns":3},{"damage":5,"enemies":"Small Slimes","floor":4,"turns":3},{"damage":1,"enemies":"Exordium Wildlife","floor":5,"turns":3},{"damage":30,"enemies":"Lagavulin","floor":7,"turns":6},{"damage":0,"enemies":"2 Fungi Beasts","floor":8,"turns":2},{"damage":0,"enemies":"Looter","floor":11,"turns":2},{"damage":10,"enemies":"3 Sentries","floor":12,"turns":4},{"damage":0,"enemies":"Exordium Thugs","floor":13,"turns":3},{"damage":11,"enemies":"Large Slime","floor":14,"turns":4},{"damage":0,"enemies":"Slime Boss","floor":16,"turns":6},{"damage":25,"enemies":"Shell Parasite","floor":18,"turns":4},{"damage":0,"enemies":"Chosen","floor":19,"turns":3},{"damage":27,"enemies":"Shelled Parasite and Fungi","floor":20,"turns":3},{"damage":30,"enemies":"Gremlin Leader","floor":25,"turns":4},{"damage":0,"enemies":"Snecko","floor":27,"turns":2}],"seed_played":"1795643139704991029","potions_obtained":[{"floor":3,"key":"FearPotion"},{"floor":4,"key":"Energy Potion"},{"floor":7,"key":"PowerPotion"},{"floor":11,"key":"Energy Potion"},{"floor":16,"key":"SkillPotion"},{"floor":19,"key":"EssenceOfSteel"},{"floor":25,"key":"LiquidBronze"}],"is_trial":false,"path_per_floor":["M","$","M","M","M","R","E","M","T","?","M","E","M","M","R","B",null,"M","M","M","$","?","R","?","E","T","M"],"character_chosen":"DEFECT","items_purchased":["BootSequence","Rebound","Gash","Consume","Block Potion","FocusPotion"],"campfire_rested":2,"item_purchase_floors":[2,2,21,21,21,21],"current_hp_per_floor":[61,61,61,56,55,55,25,25,25,25,25,15,15,4,26,26,63,38,38,11,11,11,33,33,3,3,3],"gold":58,"neow_bonus":"UPGRADE_CARD","is_prod":false,"is_daily":false,"chose_seed":false,"campfire_upgraded":1,"win_rate":0,"timestamp":1555652417,"path_taken":["M","$","M","M","M","R","E","M","T","?","M","E","M","M","R","BOSS","M","M","M","$","?","R","?","E","T","M"],"build_version":"2019-01-23","purchased_purges":1,"victory":false,"max_hp_per_floor":[75,75,75,75,75,75,75,75,75,75,75,75,75,75,75,75,75,75,75,75,75,75,75,75,75,75,75],"card_choices":[{"not_picked":["Go for the Eyes","Steam"],"picked":"Gash","floor":1},{"not_picked":["Sweeping Beam","Streamline"],"picked":"Ball Lightning","floor":3},{"not_picked":["Streamline","Beam Cell"],"picked":"Ball Lightning","floor":4},{"not_picked":["Streamline","Conserve Battery"],"picked":"Sunder","floor":5},{"not_picked":["Scrape","Fusion"],"picked":"Conserve Battery","floor":7},{"not_picked":["Sunder","Stack"],"picked":"Seek","floor":8},{"not_picked":["Blizzard","Steam"],"picked":"Genetic Algorithm","floor":11},{"not_picked":["Hello World","Hyperbeam","Rebound"],"picked":"SKIP","floor":12},{"not_picked":["Go for the Eyes","Leap"],"picked":"Loop","floor":13},{"not_picked":["Redo","Streamline"],"picked":"Ball Lightning","floor":14},{"not_picked":["Fission","Core Surge"],"picked":"Thunder Strike","floor":16},{"not_picked":["Force Field","Streamline"],"picked":"Gash+1","floor":18},{"not_picked":["Recycle","Static Discharge"],"picked":"Ball Lightning","floor":19},{"not_picked":["Go for the Eyes","Heatsinks+1"],"picked":"Ball Lightning+1","floor":20},{"not_picked":["Barrage","Turbo"],"picked":"Fission","floor":25}],"player_experience":660732,"relics_obtained":[{"floor":7,"key":"Bronze Scales"},{"floor":9,"key":"Vajra"},{"floor":12,"key":"Omamori"},{"floor":25,"key":"Anchor"}],"event_choices":[{"damage_healed":0,"gold_gain":0,"player_choice":"Fled","damage_taken":0,"max_hp_gain":0,"max_hp_loss":0,"event_name":"Scrap Ooze","floor":10,"gold_loss":0},{"damage_healed":0,"gold_gain":0,"player_choice":"Ignored","damage_taken":0,"max_hp_gain":0,"max_hp_loss":0,"event_name":"Ghosts","floor":22,"gold_loss":0},{"damage_healed":0,"gold_gain":0,"player_choice":"Simplicity","damage_taken":0,"max_hp_gain":0,"max_hp_loss":0,"event_name":"Back to Basics","floor":24,"gold_loss":0,"cards_upgraded":["Strike_B","Strike_B","Strike_B","Defend_B","Defend_B","Defend_B","Defend_B"]}],"is_beta":false,"boss_relics":[{"not_picked":["Astrolabe","Fusion Hammer"],"picked":"Cursed Key"}],"items_purged_floors":[21],"is_endless":false,"potions_floor_spawned":[3,4,7,11,16,19,25],"killed_by":"Snecko","ascension_level":10}