{"path_per_floor":["M","$","?","M","$","E","M","R","T","?","M","$","E","M","R","B",null,"M","M","$","?","M","E"],"character_chosen":"IRONCLAD","items_purchased":["Flame Barrier","Headbutt","Evolve","Shrug It Off","Reaper"],"gold_per_floor":[115,27,27,43,5,34,49,49,120,120,131,9,38,51,51,153,153,169,179,37,37,49,81],"floor_reached":24,"campfire_rested":1,"playtime":3019,"current_hp_per_floor":[88,88,88,88,88,72,72,72,72,54,54,54,37,39,65,88,88,70,61,61,91,67,28],"items_purged":["Decay"],"gold":81,"score":251,"play_id":"7a25ed48-067b-499c-8633-213e256d4696","is_prod":false,"is_daily":false,"is_ascension_mode":false,"campfire_upgraded":1,"path_taken":["M","$","?","?","$","E","?","R","T","?","M","$","E","M","R","BOSS","M","M","$","?","?","E","M"],"build_version":"2018-02-15-PROD1","purchased_purges":1,"victory":false,"master_deck":["Strike_R","Strike_R+1","Strike_R","Strike_R","Strike_R","Defend_R","Defend_R","Defend_R","Defend_R","Bash","Inflame","Flame Barrier","Headbutt+1","Uppercut+1","Inflame","Rampage","Shrug It Off","Shrug It Off","Battle Trance","Whirlwind","Feed","Warcry","Sword Boomerang+1","Reaper","Warcry","Juggernaut"],"max_hp_per_floor":[88,88,88,88,88,88,88,88,88,88,88,88,88,88,88,88,88,88,91,91,91,94,97],"relics":["Burning Blood","Pantograph","Kunai","Happy Flower","Runic Pyramid","Vajra"],"card_choices":[{"not_picked":["Body Slam","Blood for Blood"],"picked":"Inflame"},{"not_picked":["Warcry","Headbutt"],"picked":"Uppercut"},{"not_picked":["Wild Strike","Anger"],"picked":"Inflame"},{"not_picked":["Clash","Rupture"],"picked":"Rampage"},{"not_picked":["Flame Barrier","Flex"],"picked":"Shrug It Off"},{"not_picked":["True Grit","Rage"],"picked":"Battle Trance"},{"not_picked":["Clothesline","Immolate"],"picked":"Whirlwind"},{"not_picked":["Immolate","Impervious"],"picked":"Feed"},{"not_picked":["Perfected Strike","Inflame"],"picked":"Warcry"},{"not_picked":["Flex","True Grit"],"picked":"Sword Boomerang"},{"not_picked":["Hemokinesis","Perfected Strike"],"picked":"Warcry"},{"not_picked":["Warcry","Cleave"],"picked":"Juggernaut"}],"player_experience":142557,"potions_floor_usage":[6,16,18,22,22],"damage_taken":[{"damage":0,"enemies":"2 Louse","floor":1,"turns":2},{"damage":1,"enemies":"Cultist","floor":4,"turns":3},{"damage":22,"enemies":"Gremlin Nob","floor":6,"turns":4},{"damage":6,"enemies":"Jaw Worm","floor":7,"turns":4},{"damage":6,"enemies":"Red Slaver","floor":11,"turns":4},{"damage":23,"enemies":"3 Sentries","floor":13,"turns":8},{"damage":4,"enemies":"Lots of Slimes","floor":14,"turns":3},{"damage":9,"enemies":"The Guardian","floor":16,"turns":9},{"damage":24,"enemies":"Spheric Guardian","floor":18,"turns":5},{"damage":18,"enemies":"Chosen","floor":19,"turns":5},{"damage":45,"enemies":"3 Cultists","floor":22,"turns":8},{"damage":60,"enemies":"Slavers","floor":23,"turns":7},{"damage":56,"enemies":"Cultist and Chosen","floor":24,"turns":7}],"event_choices":[{"event_name":"Wheel of Change","player_choice":"Curse","floor":3,"damage_taken":0},{"event_name":"Shining Light","player_choice":"Entered Light","floor":10,"damage_taken":0},{"event_name":"Bonfire Elementals","player_choice":"UNCOMMON","floor":21,"damage_taken":0}],"boss_relics":[{"not_picked":["Calling Bell","Pandora\u0027s Box"],"picked":"Runic Pyramid"}],"potions_floor_spawned":[4,13,14,16,18],"seed_played":"3542089820319130533","killed_by":"Cultist and Chosen","ascension_level":0,"is_trial":false}