{"gold_per_floor":[10,10,24,99,112,146,146,172,172,182,182,213,213,232,232,351,351,375,395,135,135,156,156],"floor_reached":23,"playtime":1193,"items_purged":[],"score":294,"play_id":"0c881364-454d-4a49-96bd-781799f4f5fb","local_time":"20180927144548","is_ascension_mode":true,"campfire_choices":[{"floor":7,"key":"REST"},{"floor":11,"key":"REST"},{"floor":15,"key":"REST"}],"neow_cost":"NO_GOLD","seed_source_timestamp":258721880840526,"circlet_count":0,"master_deck":["Strike_R","Strike_R","Strike_R","Strike_R","Strike_R","Defend_R","Defend_R","Defend_R","Defend_R","Bash","Cleave","Flex","Battle Trance","Twin Strike","Sentinel","Infernal Blade","Thunderclap","Seeing Red","Berserk","Reckless Charge+1","Reaper","Panacea"],"relics":["Burning Blood","Champion Belt","Lantern","Pantograph","Centennial Puzzle","Incense Burner","Golden Idol","Velvet Choker","Spirit Poop"],"potions_floor_usage":[8,23,23,23],"damage_taken":[{"damage":0,"enemies":"2 Louse","floor":1,"turns":4},{"damage":0,"enemies":"Cultist","floor":3,"turns":3},{"damage":9,"enemies":"Small Slimes","floor":5,"turns":3},{"damage":56,"enemies":"Lagavulin","floor":6,"turns":8},{"damage":25,"enemies":"3 Sentries","floor":8,"turns":8},{"damage":0,"enemies":"3 Louse","floor":10,"turns":2},{"damage":31,"enemies":"Gremlin Nob","floor":12,"turns":4},{"damage":0,"enemies":"Exordium Wildlife","floor":14,"turns":2},{"damage":21,"enemies":"Slime Boss","floor":16,"turns":13},{"damage":4,"enemies":"Chosen","floor":18,"turns":4},{"damage":22,"enemies":"Shell Parasite","floor":19,"turns":5},{"damage":29,"enemies":"Chosen and Byrds","floor":22,"turns":8},{"damage":77,"enemies":"Gremlin Leader","floor":23,"turns":6}],"seed_played":"5102977569430232743","potions_obtained":[{"floor":3,"key":"SmokeBomb"},{"floor":5,"key":"SpeedPotion"},{"floor":16,"key":"SkillPotion"},{"floor":18,"key":"Swift Potion"},{"floor":19,"key":"Ancient Potion"}],"is_trial":false,"path_per_floor":["M","?","M","?","M","E","R","E","T","M","R","E","?","M","R","B",null,"M","M","$","?","M"],"character_chosen":"IRONCLAD","items_purchased":["Reaper","Panacea"],"campfire_rested":3,"item_purchase_floors":[20,20],"current_hp_per_floor":[78,78,80,69,66,16,40,21,21,27,51,26,26,32,56,65,76,78,62,62,62,46,0],"gold":156,"neow_bonus":"ONE_RARE_RELIC","is_prod":false,"is_daily":false,"chose_seed":false,"campfire_upgraded":0,"win_rate":0,"timestamp":1538052348,"path_taken":["M","?","M","?","M","E","R","E","T","M","R","E","?","M","R","BOSS","M","M","$","?","M","E"],"build_version":"2018-09-20","purchased_purges":0,"victory":false,"max_hp_per_floor":[80,80,80,80,80,80,80,80,80,80,80,80,80,80,80,80,80,80,80,80,80,80,80],"card_choices":[{"not_picked":["Shrug It Off","Sword Boomerang"],"picked":"Cleave","floor":1},{"not_picked":["Havoc","Cleave"],"picked":"Flex","floor":3},{"not_picked":["Corruption","Entrench"],"picked":"Battle Trance","floor":5},{"not_picked":["Offering","Dual Wield"],"picked":"Twin Strike","floor":6},{"not_picked":["Havoc","Pommel Strike"],"picked":"Sentinel","floor":8},{"not_picked":["Corruption","Whirlwind"],"picked":"Infernal Blade","floor":10},{"not_picked":["Twin Strike","Heavy Blade"],"picked":"Thunderclap","floor":12},{"not_picked":["Pommel Strike","Flame Barrier"],"picked":"Seeing Red","floor":14},{"not_picked":["Juggernaut","Dark Embrace"],"picked":"Berserk","floor":16},{"not_picked":["Anger","Havoc","Heavy Blade"],"picked":"SKIP","floor":18},{"not_picked":["Heavy Blade+1","Wild Strike"],"picked":"Reckless Charge+1","floor":19},{"not_picked":["Whirlwind","Clash","Pummel"],"picked":"SKIP","floor":22}],"player_experience":428925,"relics_obtained":[{"floor":6,"key":"Lantern"},{"floor":8,"key":"Pantograph"},{"floor":9,"key":"Centennial Puzzle"},{"floor":12,"key":"Incense Burner"}],"event_choices":[{"event_name":"The Cleric","player_choice":"Leave","floor":2,"damage_taken":0},{"event_name":"World of Goop","player_choice":"Gather Gold","floor":4,"damage_taken":0},{"event_name":"Golden Idol","player_choice":"Take Wound","floor":13,"damage_taken":0},{"event_name":"Bonfire Elementals","player_choice":"CURSE","floor":21,"damage_taken":0}],"is_beta":false,"boss_relics":[{"not_picked":["Pandora\u0027s Box","Empty Cage"],"picked":"Velvet Choker"}],"items_purged_floors":[],"is_endless":false,"potions_floor_spawned":[3,5,16,18,19],"killed_by":"Gremlin Leader","ascension_level":8}