{"gold_per_floor":[118,44,56,66,76,107,107,134,159,65,81,81,93,93,93,171,171,190,190,202,222,240,240,254,254,254,264,298,313,328,7,7,80,80,94,104,0,0],"floor_reached":38,"playtime":2176,"items_purged":[],"score":787,"play_id":"04585ed0-5204-4dc3-b96a-c94a8511a9ec","local_time":"20181119162249","is_ascension_mode":true,"campfire_choices":[{"floor":12,"key":"REST"},{"floor":15,"key":"REST"},{"data":"Noxious Fumes","floor":23,"key":"SMITH"},{"data":"Backflip","floor":25,"key":"SMITH"},{"floor":32,"key":"REST"}],"neow_cost":"NONE","seed_source_timestamp":597769900754671,"circlet_count":0,"master_deck":["AscendersBane","Defend_G","Defend_G","Defend_G","Defend_G","Defend_G","Strike_G","Strike_G","Strike_G","Survivor","Neutralize","Trip","Quick Slash","Noxious Fumes+1","Backflip+1","Infinite Blades","Dagger Spray","Dash","Flash of Steel","Backstab","Blur","Corpse Explosion","Bane","Well Laid Plans","Leg Sweep","Cloak And Dagger+1","Glass Knife","Noxious Fumes"],"relics":["Ring of the Snake","Mercury Hourglass","Oddly Smooth Stone","Blood Vial","Busted Crown","Kunai","Ancient Tea Set","Turnip","Black Star","Red Mask"],"potions_floor_usage":[6,8,18,33,38,38],"damage_taken":[{"damage":0,"enemies":"2 Louse","floor":1,"turns":3},{"damage":1,"enemies":"Cultist","floor":3,"turns":4},{"damage":0,"enemies":"Small Slimes","floor":4,"turns":3},{"damage":6,"enemies":"Looter","floor":5,"turns":4},{"damage":27,"enemies":"3 Sentries","floor":6,"turns":9},{"damage":20,"enemies":"Lagavulin","floor":8,"turns":5},{"damage":0,"enemies":"Gremlin Gang","floor":11,"turns":4},{"damage":0,"enemies":"Red Slaver","floor":13,"turns":3},{"damage":20,"enemies":"Slime Boss","floor":16,"turns":8},{"damage":18,"enemies":"Spheric Guardian","floor":18,"turns":4},{"damage":0,"enemies":"3 Byrds","floor":20,"turns":3},{"damage":8,"enemies":"Snecko","floor":21,"turns":5},{"damage":6,"enemies":"Cultist and Chosen","floor":22,"turns":4},{"damage":3,"enemies":"Snake Plant","floor":24,"turns":4},{"damage":2,"enemies":"Centurion and Healer","floor":27,"turns":4},{"damage":0,"enemies":"Gremlin Leader","floor":28,"turns":8},{"damage":15,"enemies":"Cultist and Chosen","floor":29,"turns":5},{"damage":4,"enemies":"Snake Plant","floor":30,"turns":5},{"damage":14,"enemies":"Champ","floor":33,"turns":17},{"damage":29,"enemies":"3 Darklings","floor":35,"turns":3},{"damage":26,"enemies":"3 Shapes","floor":36,"turns":4},{"damage":12,"enemies":"Transient","floor":38,"turns":4}],"seed_played":"5073419832429617850","potions_obtained":[{"floor":3,"key":"Block Potion"},{"floor":4,"key":"Poison Potion"},{"floor":8,"key":"SneckoOil"},{"floor":16,"key":"FearPotion"},{"floor":18,"key":"SkillPotion"},{"floor":22,"key":"AttackPotion"},{"floor":29,"key":"Block Potion"},{"floor":30,"key":"GhostInAJar"},{"floor":33,"key":"SteroidPotion"}],"is_trial":false,"path_per_floor":["M","$","M","M","M","E","?","E","T","$","M","R","M","?","R","B",null,"M","?","M","M","M","R","M","R","T","M","E","M","M","$","R","B",null,"M","M","?","M"],"character_chosen":"THE_SILENT","items_purchased":["Noxious Fumes","Flash of Steel","Turnip"],"campfire_rested":3,"item_purchase_floors":[2,10,31],"current_hp_per_floor":[59,59,58,58,52,25,25,5,5,5,7,26,28,28,47,29,57,41,41,43,37,33,33,32,32,32,32,34,21,19,19,38,26,56,29,5,5,0],"gold":0,"neow_bonus":"RANDOM_COLORLESS","is_prod":false,"is_daily":false,"chose_seed":false,"campfire_upgraded":2,"win_rate":0,"timestamp":1542640969,"path_taken":["M","$","M","M","M","E","?","E","T","?","M","R","M","?","R","BOSS","M","?","?","M","M","R","M","R","T","M","E","M","M","?","R","BOSS","M","M","?","M"],"build_version":"2018-11-15","purchased_purges":0,"victory":false,"max_hp_per_floor":[66,66,66,66,66,66,66,66,66,66,66,66,66,66,66,66,66,66,66,66,66,66,66,66,66,66,66,66,66,66,66,66,66,66,66,66,66,66],"card_choices":[{"not_picked":["Dodge and Roll","Deflect"],"picked":"Quick Slash","floor":1},{"not_picked":["Slice","Acrobatics","Prepared"],"picked":"SKIP","floor":3},{"not_picked":["Crippling Poison","Flying Knee"],"picked":"Backflip","floor":4},{"not_picked":["Quick Slash","Bullet Time"],"picked":"Infinite Blades","floor":5},{"not_picked":["Flying Knee","Reflex"],"picked":"Dagger Spray","floor":6},{"not_picked":["Deadly Poison","Tactician"],"picked":"Dash","floor":8},{"not_picked":["Backflip","Expertise"],"picked":"Backstab","floor":11},{"not_picked":["Underhanded Strike","Poisoned Stab"],"picked":"Blur","floor":13},{"not_picked":["Glass Knife","Storm of Steel"],"picked":"Corpse Explosion","floor":16},{"not_picked":["Finisher"],"picked":"SKIP","floor":18},{"not_picked":["Deadly Poison"],"picked":"SKIP","floor":20},{"not_picked":[],"picked":"Bane","floor":21},{"not_picked":["Quick Slash"],"picked":"SKIP","floor":22},{"not_picked":[],"picked":"Well Laid Plans","floor":24},{"not_picked":[],"picked":"Leg Sweep","floor":27},{"not_picked":["PiercingWail"],"picked":"SKIP","floor":28},{"not_picked":["Slice"],"picked":"SKIP","floor":29},{"not_picked":[],"picked":"Cloak And Dagger+1","floor":30},{"not_picked":[],"picked":"Glass Knife","floor":33},{"not_picked":[],"picked":"Noxious Fumes","floor":35},{"not_picked":["Cloak And Dagger"],"picked":"SKIP","floor":36}],"player_experience":817012,"relics_obtained":[{"floor":6,"key":"Mercury Hourglass"},{"floor":8,"key":"Oddly Smooth Stone"},{"floor":9,"key":"Blood Vial"},{"floor":26,"key":"Kunai"},{"floor":28,"key":"Ancient Tea Set"}],"event_choices":[{"cards_removed":["Strike_G"],"damage_healed":0,"gold_gain":0,"player_choice":"Offered Basic","damage_taken":0,"max_hp_gain":0,"max_hp_loss":0,"event_name":"Bonfire Elementals","floor":7,"gold_loss":0},{"damage_healed":0,"gold_gain":0,"player_choice":"Ignored","damage_taken":0,"max_hp_gain":0,"max_hp_loss":0,"event_name":"Liars Game","floor":14,"gold_loss":0},{"cards_removed":["Strike_G"],"damage_healed":0,"gold_gain":0,"player_choice":"Purged","damage_taken":0,"max_hp_gain":0,"max_hp_loss":0,"event_name":"Purifier","floor":19,"gold_loss":0},{"damage_healed":0,"gold_gain":0,"player_choice":"Paid","damage_taken":0,"relics_obtained":["Red Mask"],"max_hp_gain":0,"max_hp_loss":0,"event_name":"Tomb of Lord Red Mask","floor":37,"gold_loss":104}],"is_beta":false,"boss_relics":[{"not_picked":["Lizard Tail","Tiny House"],"picked":"Busted Crown"},{"not_picked":["Ring of the Serpent","Snecko Eye"],"picked":"Black Star"}],"items_purged_floors":[],"is_endless":false,"potions_floor_spawned":[3,4,8,16,18,22,27,29,30,33,35],"killed_by":"Transient","ascension_level":16}