{"gold_per_floor":[118,118,130,80,99,99,125,125,125,156,168,168],"floor_reached":12,"playtime":733,"items_purged":[],"score":97,"play_id":"5b287ea4-8d71-466d-8322-133996556769","local_time":"20190325224404","is_ascension_mode":true,"campfire_choices":[{"data":"Armaments","floor":6,"key":"SMITH"},{"data":"Combust","floor":8,"key":"SMITH"}],"neow_cost":"NONE","seed_source_timestamp":167107044528000,"circlet_count":0,"master_deck":["Strike_R","Strike_R","Strike_R","Strike_R","Strike_R","Defend_R","Defend_R","Defend_R","Bash","Panacea","Armaments+1","Shrug It Off","Shrug It Off","Combust+1","Dark Embrace","Iron Wave"],"relics":["Burning Blood","Lantern","Blue Candle","Blood Vial"],"potions_floor_usage":[7,10,12],"damage_taken":[{"damage":1,"enemies":"2 Louse","floor":1,"turns":3},{"damage":1,"enemies":"Jaw Worm","floor":3,"turns":5},{"damage":6,"enemies":"Small Slimes","floor":5,"turns":3},{"damage":61,"enemies":"Gremlin Nob","floor":7,"turns":7},{"damage":19,"enemies":"Lagavulin","floor":10,"turns":7},{"damage":1,"enemies":"3 Louse","floor":11,"turns":2},{"damage":21,"enemies":"3 Sentries","floor":12,"turns":4}],"seed_played":"-2881072738946552012","potions_obtained":[{"floor":3,"key":"PowerPotion"},{"floor":7,"key":"Energy Potion"},{"floor":11,"key":"Ancient Potion"}],"is_trial":false,"path_per_floor":["?","?"],"character_chosen":"IRONCLAD","items_purchased":[],"campfire_rested":0,"item_purchase_floors":[],"current_hp_per_floor":[80,80,80,80,80,80,25,25,25,12,19,0],"gold":168,"neow_bonus":"RANDOM_COLORLESS","is_prod":false,"is_daily":false,"chose_seed":false,"campfire_upgraded":2,"win_rate":0,"timestamp":1553528644,"path_taken":["M","?","M","?","M","R","E","R","T","E","M","E"],"build_version":"2019-01-23","purchased_purges":0,"victory":false,"max_hp_per_floor":[80,80,80,80,80,80,80,80,80,80,80,80],"card_choices":[{"not_picked":["Warcry","Heavy Blade"],"picked":"Armaments","floor":1},{"not_picked":["Heavy Blade","Twin Strike"],"picked":"Shrug It Off","floor":3},{"not_picked":["Reaper","Perfected Strike"],"picked":"Shrug It Off","floor":5},{"not_picked":["Havoc","Evolve"],"picked":"Combust","floor":7},{"not_picked":["Shrug It Off","Heavy Blade"],"picked":"Dark Embrace","floor":10},{"not_picked":["Combust","Clothesline"],"picked":"Iron Wave","floor":11}],"player_experience":117042,"relics_obtained":[{"floor":7,"key":"Lantern"},{"floor":9,"key":"Blue Candle"},{"floor":10,"key":"Blood Vial"}],"event_choices":[{"damage_healed":0,"gold_gain":0,"player_choice":"Ignored","damage_taken":0,"max_hp_gain":0,"max_hp_loss":0,"event_name":"Liars Game","floor":2,"gold_loss":0},{"cards_removed":["Defend_R"],"damage_healed":0,"gold_gain":0,"player_choice":"Card Removal","damage_taken":0,"max_hp_gain":0,"max_hp_loss":0,"event_name":"The Cleric","floor":4,"gold_loss":50}],"is_beta":false,"boss_relics":[],"items_purged_floors":[],"is_endless":false,"potions_floor_spawned":[3,7,11],"killed_by":"3 Sentries","ascension_level":2}