{"gold_per_floor":[365,365,28,44,44,44,77,77,77,87,35,51,106,117,117,117],"floor_reached":16,"playtime":813,"items_purged":[],"score":220,"play_id":"c2b380ab-e328-4667-8243-8e42a5342622","local_time":"20190329140846","is_ascension_mode":true,"campfire_choices":[{"data":"Neutralize","floor":6,"key":"SMITH"},{"data":"Malaise","floor":8,"key":"SMITH"},{"floor":15,"key":"REST"}],"neow_cost":"TEN_PERCENT_HP_LOSS","seed_source_timestamp":584965634334616,"circlet_count":0,"master_deck":["AscendersBane","Defend_G","Defend_G","Defend_G","Defend_G","Defend_G","Strike_G","Strike_G","Strike_G","Strike_G","Strike_G","Survivor","Neutralize+1","PiercingWail","Malaise+1","Skewer+1","Well Laid Plans","Poisoned Stab","Deadly Poison","Deflect","Blur"],"relics":["Ring of the Snake","Lantern","Anchor","Kunai","Tiny Chest"],"potions_floor_usage":[13,16,16],"damage_taken":[{"damage":0,"enemies":"2 Louse","floor":1,"turns":5},{"damage":0,"enemies":"Small Slimes","floor":4,"turns":5},{"damage":23,"enemies":"Lagavulin","floor":7,"turns":8},{"damage":0,"enemies":"Cultist","floor":10,"turns":4},{"damage":0,"enemies":"Large Slime","floor":12,"turns":6},{"damage":32,"enemies":"3 Sentries","floor":13,"turns":10},{"damage":0,"enemies":"Exordium Wildlife","floor":14,"turns":3},{"damage":26,"enemies":"Slime Boss","floor":16,"turns":10}],"seed_played":"5772794136679525729","potions_obtained":[{"floor":4,"key":"Fire Potion"},{"floor":10,"key":"Strength Potion"},{"floor":13,"key":"Swift Potion"}],"is_trial":false,"path_per_floor":["M","?","$","M","?","R","E","R","T","M","$","M","E","M","R","B"],"character_chosen":"THE_SILENT","items_purchased":["Lantern","Malaise","Poisoned Stab"],"campfire_rested":1,"item_purchase_floors":[3,3,11],"current_hp_per_floor":[59,59,59,59,59,59,36,36,36,36,36,36,4,4,22,0],"gold":117,"neow_bonus":"TWO_FIFTY_GOLD","is_prod":false,"is_daily":false,"chose_seed":false,"campfire_upgraded":2,"win_rate":0,"timestamp":1553864926,"path_taken":["M","?","$","M","?","R","E","R","T","M","$","M","E","M","R","BOSS"],"build_version":"2019-01-23","purchased_purges":0,"victory":false,"max_hp_per_floor":[60,60,60,60,60,60,60,60,60,60,60,60,60,60,60,60],"card_choices":[{"not_picked":["Dodge and Roll","Blade Dance"],"picked":"PiercingWail","floor":1},{"not_picked":["Quick Slash","Infinite Blades"],"picked":"Skewer","floor":4},{"not_picked":["Setup","Unload","Eviscerate"],"picked":"SKIP","floor":7},{"not_picked":["Deflect","Backflip"],"picked":"Well Laid Plans","floor":10},{"not_picked":["Acrobatics","Wraith Form v2"],"picked":"Deadly Poison","floor":12},{"not_picked":["Prepared","Quick Slash"],"picked":"Deflect","floor":13},{"not_picked":["Underhanded Strike","Dodge and Roll"],"picked":"Blur","floor":14}],"player_experience":1404310,"relics_obtained":[{"floor":7,"key":"Anchor"},{"floor":9,"key":"Kunai"},{"floor":13,"key":"Tiny Chest"}],"event_choices":[{"damage_healed":0,"gold_gain":0,"player_choice":"Ignored","damage_taken":0,"max_hp_gain":0,"max_hp_loss":0,"event_name":"Shining Light","floor":2,"gold_loss":0},{"damage_healed":0,"gold_gain":0,"player_choice":"Grow","damage_taken":0,"max_hp_gain":0,"max_hp_loss":0,"event_name":"Living Wall","floor":5,"gold_loss":0,"cards_upgraded":["Skewer"]}],"is_beta":false,"boss_relics":[],"items_purged_floors":[],"is_endless":false,"potions_floor_spawned":[4,10,12,13],"killed_by":"Slime Boss","ascension_level":20}