{"gold_per_floor":[110,120,120,132,108,142,69,81,81,81,56,56,56,66,66,137,137,147,147,161,178,47,74,74,100,124,124,135,185,185,217,217,292,292,306,322,60,72,72,72,72,89,144,94,94,104,104,120,120,120],"floor_reached":51,"playtime":1770,"items_purged":[],"score":1257,"play_id":"883a0762-22aa-43f8-8762-5a5f4c2e97d8","local_time":"20181211142257","is_ascension_mode":true,"campfire_choices":[{"data":"Defragment","floor":10,"key":"SMITH"},{"floor":13,"key":"REST"},{"data":"Coolheaded","floor":15,"key":"SMITH"},{"floor":24,"key":"REST"},{"floor":30,"key":"REST"},{"floor":32,"key":"REST"},{"floor":40,"key":"RECALL"},{"floor":45,"key":"REST"},{"floor":47,"key":"REST"},{"floor":49,"key":"REST"}],"neow_cost":"NONE","seed_source_timestamp":0,"circlet_count":0,"master_deck":["AscendersBane","Defend_B","Defend_B","Defend_B","Defend_B","Zap","Dualcast","Defragment+1","Sweeping Beam","Coolheaded+1","Gash","Streamline","Gash","Electrodynamics","Storm+1","Fusion+1","All For One+1","Beam Cell+1","Go for the Eyes","Defragment+1","Defragment","Stack","Rip and Tear+1","Rip and Tear+1","Go for the Eyes+1","All For One+1","Compile Driver+1","Parasite","Writhe","BootSequence+1","Glacier","Capacitor+1"],"special_seed":0,"relics":["Cracked Core","NeowsBlessing","Regal Pillow","Ornamental Fan","Anchor","Mercury Hourglass","Astrolabe","Pocketwatch","Molten Egg 2","DataDisk","Red Mask","Fusion Hammer","Mummified Hand","Oddly Smooth Stone"],"potions_floor_usage":[8,20,25,31,42,50,50],"damage_taken":[{"damage":0.0,"enemies":"2 Louse","floor":1.0,"turns":1.0},{"damage":0.0,"enemies":"Jaw Worm","floor":2.0,"turns":1.0},{"damage":0.0,"enemies":"Cultist","floor":4.0,"turns":1.0},{"damage":38.0,"enemies":"3 Sentries","floor":6.0,"turns":8.0},{"damage":13,"enemies":"Exordium Thugs","floor":8,"turns":3},{"damage":9,"enemies":"Blue Slaver","floor":14,"turns":3},{"damage":24,"enemies":"Hexaghost","floor":16,"turns":10},{"damage":0,"enemies":"Chosen","floor":18,"turns":3},{"damage":22,"enemies":"Shell Parasite","floor":20,"turns":4},{"damage":1,"enemies":"Sentry and Sphere","floor":21,"turns":3},{"damage":24,"enemies":"Slavers","floor":23,"turns":2},{"damage":19,"enemies":"Gremlin Leader","floor":25,"turns":4},{"damage":20,"enemies":"Snecko","floor":28,"turns":5},{"damage":18,"enemies":"Masked Bandits","floor":31,"turns":3},{"damage":52,"enemies":"Automaton","floor":33,"turns":7},{"damage":1,"enemies":"3 Darklings","floor":35,"turns":2},{"damage":0,"enemies":"Orb Walker","floor":36,"turns":3},{"damage":29,"enemies":"Writhing Mass","floor":38,"turns":5},{"damage":36,"enemies":"Spire Growth","floor":42,"turns":3},{"damage":2,"enemies":"3 Darklings","floor":46,"turns":3},{"damage":0,"enemies":"Transient","floor":48,"turns":6},{"damage":15,"enemies":"Time Eater","floor":50,"turns":10}],"seed_played":"-6062116223577969254","potions_obtained":[{"floor":1.0,"key":"Regen Potion"},{"floor":6.0,"key":"PowerPotion"},{"floor":14,"key":"Fire Potion"},{"floor":16,"key":"Explosive Potion"},{"floor":18,"key":"Regen Potion"},{"floor":20,"key":"GamblersBrew"},{"floor":33,"key":"PowerPotion"},{"floor":38,"key":"EssenceOfSteel"},{"floor":42,"key":"LiquidBronze"}],"is_trial":false,"path_per_floor":["M","M","?","M","$","E","?","M","T","R","$","?","R","M","R","B",null,"M","?","M","M","$","E","R","E","T","?","M","?","R","?","R","B",null,"M","M","$","M","?","R","?","M","T","?","R","M","R","M","R","B",null],"character_chosen":"DEFECT","items_purchased":["Coolheaded","Streamline","Defragment","Stack","Mummified Hand"],"campfire_rested":7,"item_purchase_floors":[5,11,22,22,37],"current_hp_per_floor":[64,64,57,57,57,34,34,21,21,21,21,10,46,37,37,13,57,57,57,40,39,39,15,51,32,32,32,12,12,48,30,66,14,57,56,56,56,27,41,41,41,5,5,5,41,39,71,71,71,56],"gold":120,"neow_bonus":"THREE_ENEMY_KILL","is_prod":false,"is_daily":false,"chose_seed":false,"campfire_upgraded":2,"win_rate":0,"timestamp":1544534577,"path_taken":["M","M","?","M","$","E","?","?","T","R","$","?","R","M","R","BOSS","M","?","M","?","$","E","R","E","T","?","M","?","R","?","R","BOSS","M","M","$","M","?","R","?","M","T","?","R","M","R","?","R","BOSS"],"build_version":"2018-12-06","purchased_purges":0,"victory":true,"max_hp_per_floor":[71,71,71,71,71,71,71,71,71,71,71,71,71,71,71,71,71,71,71,71,71,71,71,71,71,71,71,71,71,71,71,71,71,71,71,71,71,71,71,71,71,71,71,71,71,71,71,71,71,71],"card_choices":[{"not_picked":["Chaos","Gash"],"picked":"Defragment","floor":1.0},{"not_picked":["Barrage","Heatsinks"],"picked":"Sweeping Beam","floor":2.0},{"not_picked":["Turbo","Stack","Chaos"],"picked":"SKIP","floor":4.0},{"not_picked":["Stack","Reprogram","Hyperbeam"],"picked":"SKIP","floor":6.0},{"not_picked":["Steam","Turbo"],"picked":"Gash","floor":8},{"not_picked":["Consume","Hologram"],"picked":"Gash","floor":14},{"not_picked":["Fission","Creative AI"],"picked":"Electrodynamics","floor":16},{"not_picked":["Aggregate","Hologram"],"picked":"Beam Cell+1","floor":18},{"not_picked":["Force Field","Coolheaded"],"picked":"Go for the Eyes","floor":20},{"not_picked":["Rebound","Reinforced Body"],"picked":"Defragment","floor":21},{"not_picked":["Capacitor","Consume"],"picked":"Rip and Tear+1","floor":23},{"not_picked":["Rainbow","Reprogram+1","Genetic Algorithm"],"picked":"SKIP","floor":25},{"not_picked":["Undo","Tempest"],"picked":"Rip and Tear+1","floor":28},{"not_picked":["Beam Cell+1","Capacitor"],"picked":"Go for the Eyes+1","floor":31},{"not_picked":["Machine Learning","Buffer"],"picked":"All For One+1","floor":33},{"not_picked":["Barrage+1","Static Discharge","Rebound+1"],"picked":"SKIP","floor":35},{"not_picked":["Melter+1","Coolheaded+1"],"picked":"Compile Driver+1","floor":36},{"not_picked":["Doom and Gloom+1","Force Field","Compile Driver+1"],"picked":"SKIP","floor":38},{"not_picked":["Consume+1","Stack"],"picked":"BootSequence+1","floor":42},{"not_picked":["White Noise","Ball Lightning+1"],"picked":"Glacier","floor":46},{"not_picked":["Streamline+1","Recycle"],"picked":"Capacitor+1","floor":48}],"player_experience":942038,"relics_obtained":[{"floor":6.0,"key":"Regal Pillow"},{"floor":9,"key":"Anchor"},{"floor":23,"key":"Pocketwatch"},{"floor":25,"key":"Molten Egg 2"},{"floor":26,"key":"DataDisk"},{"floor":31,"key":"Red Mask"},{"floor":43,"key":"Oddly Smooth Stone"}],"event_choices":[{"cards_removed":["Strike_B"],"damage_healed":0.0,"max_hp_gain":0.0,"max_hp_loss":0.0,"gold_gain":0.0,"event_name":"Golden Wing","player_choice":"Card Removal","floor":3.0,"gold_loss":0.0,"damage_taken":7.0},{"damage_healed":0.0,"max_hp_gain":0.0,"max_hp_loss":0.0,"gold_gain":0.0,"event_name":"WeMeetAgain","player_choice":"Paid Gold","floor":7.0,"gold_loss":73.0,"damage_taken":0.0,"relics_obtained":["Ornamental Fan"]},{"damage_healed":0,"gold_gain":0,"player_choice":"Success","damage_taken":11,"relics_obtained":["Mercury Hourglass"],"max_hp_gain":0,"max_hp_loss":0,"event_name":"Scrap Ooze","floor":12,"gold_loss":0},{"damage_healed":0,"gold_gain":0,"player_choice":"0 cards matched","damage_taken":0,"max_hp_gain":0,"max_hp_loss":0,"event_name":"Match and Keep!","floor":19,"gold_loss":0,"cards_obtained":[]},{"damage_healed":0,"gold_gain":0,"player_choice":"Ignored","damage_taken":0,"max_hp_gain":0,"max_hp_loss":0,"event_name":"Ghosts","floor":27,"gold_loss":0},{"damage_healed":0,"gold_gain":50,"player_choice":"Stole From Cult","damage_taken":0,"max_hp_gain":0,"max_hp_loss":0,"event_name":"Nest","floor":29,"gold_loss":0},{"damage_healed":0,"gold_gain":0,"player_choice":"Fought Bandits","damage_taken":0,"max_hp_gain":0,"max_hp_loss":0,"event_name":"Masked Bandits","floor":31,"gold_loss":0},{"damage_healed":14,"gold_gain":0,"player_choice":"Writhe","damage_taken":0,"max_hp_gain":0,"max_hp_loss":0,"event_name":"Winding Halls","floor":39,"gold_loss":0,"cards_obtained":["Writhe"]},{"damage_healed":0,"gold_gain":0,"player_choice":"Ignored","damage_taken":0,"max_hp_gain":0,"max_hp_loss":0,"event_name":"Mysterious Sphere","floor":41,"gold_loss":0},{"damage_healed":0,"gold_gain":0,"player_choice":"Upgrade","damage_taken":0,"max_hp_gain":0,"max_hp_loss":0,"event_name":"Designer","floor":44,"gold_loss":50,"cards_upgraded":["Defragment"]}],"is_beta":false,"boss_relics":[{"not_picked":["White Beast Statue","Lizard Tail"],"picked":"Astrolabe"},{"not_picked":["Tiny House","Pandora\u0027s Box"],"picked":"Fusion Hammer"}],"items_purged_floors":[],"is_endless":false,"potions_floor_spawned":[1,6,14,16,18,20,33,38,42,48],"ascension_level":18}