{"gold_per_floor":[117,192,205,205,216,216,250,260,335,367,367,367,3,26,26,147,147,161,161,81,81,81,124,124,163,163,179,213,227,268,168,168,288,288,301,301,314,15,15,15],"floor_reached":40,"playtime":6026,"items_purged":["Strike_R","Strike_R"],"score":619,"play_id":"b872eb9b-164d-43e0-adc8-e38e501e9d90","local_time":"20190423191700","is_ascension_mode":true,"campfire_choices":[{"data":"Bash","floor":6,"key":"SMITH"},{"data":"Inflame","floor":11,"key":"SMITH"},{"data":"Inflame","floor":15,"key":"SMITH"},{"data":"Uppercut","floor":24,"key":"SMITH"},{"data":"Disarm","floor":32,"key":"SMITH"}],"neow_cost":"TEN_PERCENT_HP_LOSS","seed_source_timestamp":2838499264000,"circlet_count":0,"master_deck":["Strike_R","Defend_R","Defend_R","Defend_R","Defend_R","Bash+1","Inflame+1","Inflame+1","Uppercut+1","Rampage","Metallicize","Disarm+1","Shame","Hemokinesis+1","Shrug It Off+1","Shrug It Off+1","Impervious+1","Spot Weakness+1","Reaper+1","Panacea+1","Spot Weakness+1"],"relics":["Burning Blood","Du-Vu Doll","Meat on the Bone","Centennial Puzzle","Golden Idol","Bird Faced Urn","Snecko Eye","Molten Egg 2","Toxic Egg 2","Happy Flower","Oddly Smooth Stone","Question Card","Ornamental Fan","Pen Nib","Runic Pyramid","Shovel"],"potions_floor_usage":[10,10,23,23,25,30,40,40],"damage_taken":[{"damage":6,"enemies":"Jaw Worm","floor":1,"turns":5},{"damage":2,"enemies":"2 Louse","floor":3,"turns":3},{"damage":0,"enemies":"Small Slimes","floor":5,"turns":3},{"damage":30,"enemies":"Gremlin Nob","floor":7,"turns":4},{"damage":10,"enemies":"Exordium Wildlife","floor":8,"turns":3},{"damage":18,"enemies":"Lagavulin","floor":10,"turns":5},{"damage":5,"enemies":"Blue Slaver","floor":14,"turns":5},{"damage":20,"enemies":"Slime Boss","floor":16,"turns":6},{"damage":14,"enemies":"Spheric Guardian","floor":18,"turns":3},{"damage":48,"enemies":"Slavers","floor":23,"turns":5},{"damage":4,"enemies":"Gremlin Leader","floor":25,"turns":5},{"damage":5,"enemies":"Chosen","floor":27,"turns":3},{"damage":9,"enemies":"Book of Stabbing","floor":28,"turns":6},{"damage":2,"enemies":"Snake Plant","floor":29,"turns":3},{"damage":27,"enemies":"Gremlin Leader","floor":30,"turns":7},{"damage":26,"enemies":"Automaton","floor":33,"turns":10},{"damage":14,"enemies":"Orb Walker","floor":35,"turns":4},{"damage":16,"enemies":"3 Shapes","floor":37,"turns":5},{"damage":96,"enemies":"Reptomancer","floor":40,"turns":3}],"seed_played":"-8685504933302651892","potions_obtained":[{"floor":1,"key":"FearPotion"},{"floor":5,"key":"EssenceOfSteel"},{"floor":8,"key":"Fire Potion"},{"floor":10,"key":"Regen Potion"},{"floor":14,"key":"Fire Potion"},{"floor":18,"key":"Block Potion"},{"floor":25,"key":"Regen Potion"},{"floor":27,"key":"GamblersBrew"},{"floor":28,"key":"Dexterity Potion"},{"floor":29,"key":"Poison Potion"},{"floor":35,"key":"GamblersBrew"}],"is_trial":false,"path_per_floor":["M","?","M","?","M","R","E","M","T","E","R","?","$","M","R","B",null,"M","?","$","?","T","E","R","E","T","M","E","M","E","$","R","B",null,"M","?","M","$","?","E"],"character_chosen":"IRONCLAD","items_purchased":["Bird Faced Urn","Disarm","Shovel"],"campfire_rested":0,"item_purchase_floors":[13,20,38],"current_hp_per_floor":[72,61,65,70,76,76,52,48,48,48,48,29,29,48,48,52,71,69,87,87,87,87,63,63,71,71,78,81,87,70,70,70,56,79,81,81,85,85,85,0],"gold":15,"neow_bonus":"REMOVE_TWO","is_prod":false,"is_daily":false,"chose_seed":false,"campfire_upgraded":5,"win_rate":0,"timestamp":1556061420,"path_taken":["M","?","M","?","M","R","E","M","T","E","R","?","$","?","R","BOSS","M","?","?","?","?","E","R","E","T","M","E","?","E","$","R","BOSS","M","?","M","$","?","E"],"build_version":"2019-01-23","purchased_purges":2,"victory":false,"max_hp_per_floor":[72,72,72,77,77,77,77,77,77,77,77,77,77,77,77,77,77,77,87,87,87,87,87,87,87,87,87,87,87,87,87,87,87,87,87,87,87,87,87,87],"card_choices":[{"not_picked":["Sentinel","Clothesline"],"picked":"Inflame","floor":1},{"not_picked":["Pummel","Dropkick"],"picked":"Inflame","floor":3},{"not_picked":["Pommel Strike","Havoc","Wild Strike"],"picked":"SKIP","floor":5},{"not_picked":["Hemokinesis","Immolate"],"picked":"Uppercut","floor":7},{"not_picked":["Corruption","Heavy Blade"],"picked":"Rampage","floor":8},{"not_picked":["Pommel Strike","Armaments"],"picked":"Metallicize","floor":10},{"not_picked":["Wild Strike","Evolve","Double Tap"],"picked":"SKIP","floor":14},{"not_picked":["Feed","Limit Break"],"picked":"Offering","floor":16},{"not_picked":["Twin Strike","Heavy Blade+1","Searing Blow"],"picked":"SKIP","floor":18},{"not_picked":["Carnage+1","Thunderclap+1"],"picked":"Hemokinesis+1","floor":23},{"not_picked":["Sword Boomerang+1","Hemokinesis+1"],"picked":"Shrug It Off+1","floor":25},{"not_picked":["Havoc+1","Heavy Blade+1","Armaments+1"],"picked":"Shrug It Off+1","floor":27},{"not_picked":["Power Through+1","Blood for Blood+1","Heavy Blade+1"],"picked":"Impervious+1","floor":28},{"not_picked":["Pommel Strike+1","Sword Boomerang+1","Headbutt+1","Entrench+1"],"picked":"SKIP","floor":29},{"not_picked":["Wild Strike+1","Iron Wave+1","Immolate+1"],"picked":"Spot Weakness+1","floor":30},{"not_picked":["Offering+1","Juggernaut","Double Tap+1"],"picked":"Reaper+1","floor":33},{"not_picked":["Entrench+1","Carnage+1","Pommel Strike+1","Warcry+1"],"picked":"SKIP","floor":35},{"not_picked":["Pommel Strike+1","Intimidate+1","True Grit+1","Headbutt+1"],"picked":"SKIP","floor":37}],"player_experience":150015,"relics_obtained":[{"floor":7,"key":"Du-Vu Doll"},{"floor":9,"key":"Meat on the Bone"},{"floor":10,"key":"Centennial Puzzle"},{"floor":22,"key":"Toxic Egg 2"},{"floor":23,"key":"Happy Flower"},{"floor":25,"key":"Oddly Smooth Stone"},{"floor":26,"key":"Question Card"},{"floor":28,"key":"Ornamental Fan"},{"floor":30,"key":"Pen Nib"}],"event_choices":[{"damage_healed":0,"gold_gain":75,"player_choice":"Gather Gold","damage_taken":11,"max_hp_gain":0,"max_hp_loss":0,"event_name":"World of Goop","floor":2,"gold_loss":0},{"damage_healed":0,"gold_gain":0,"player_choice":"Donut","damage_taken":0,"max_hp_gain":5,"max_hp_loss":0,"event_name":"Big Fish","floor":4,"gold_loss":0},{"damage_healed":0,"gold_gain":0,"player_choice":"Take Damage","damage_taken":19,"relics_obtained":["Golden Idol"],"max_hp_gain":0,"max_hp_loss":0,"event_name":"Golden Idol","floor":12,"gold_loss":0},{"cards_removed":["Offering"],"damage_healed":8,"gold_gain":0,"player_choice":"Offered Rare","damage_taken":0,"max_hp_gain":10,"max_hp_loss":0,"event_name":"Bonfire Elementals","floor":19,"gold_loss":0},{"damage_healed":0,"gold_gain":0,"player_choice":"Stole Relic","damage_taken":0,"relics_obtained":["Molten Egg 2"],"max_hp_gain":0,"max_hp_loss":0,"event_name":"Addict","floor":21,"gold_loss":0,"cards_obtained":["Shame"]},{"damage_healed":0,"gold_gain":0,"player_choice":"Ignored","damage_taken":0,"max_hp_gain":0,"max_hp_loss":0,"event_name":"Tomb of Lord Red Mask","floor":36,"gold_loss":0},{"damage_healed":0,"gold_gain":0,"player_choice":"2 cards matched","damage_taken":0,"max_hp_gain":0,"max_hp_loss":0,"event_name":"Match and Keep!","floor":39,"gold_loss":0,"cards_obtained":["Panacea","Spot Weakness"]},{"damage_healed":0,"gold_gain":0,"player_choice":"2 cards matched","damage_taken":0,"max_hp_gain":0,"max_hp_loss":0,"event_name":"Match and Keep!","floor":39,"gold_loss":0,"cards_obtained":["Panacea","Spot Weakness"]}],"is_beta":false,"boss_relics":[{"not_picked":["Mark of Pain","Black Star"],"picked":"Snecko Eye"},{"not_picked":["Eternal Feather","Empty Cage"],"picked":"Runic Pyramid"}],"items_purged_floors":[13,31],"is_endless":false,"potions_floor_spawned":[1,5,8,10,14,18,25,27,28,29,35],"killed_by":"Reptomancer","ascension_level":5}