{"gold_per_floor":[115,129,145,145,16,51,51,51,351,364,364,405,418,453,453,453],"floor_reached":16,"playtime":499,"items_purged":[],"score":240,"play_id":"019669a2-a657-40e5-82e5-24deec4a23ec","local_time":"20190427162415","is_ascension_mode":true,"campfire_choices":[{"data":"Zap","floor":7,"key":"SMITH"},{"floor":11,"key":"REST"},{"floor":15,"key":"REST"}],"neow_cost":"NONE","seed_source_timestamp":376032335799400,"circlet_count":0,"master_deck":["AscendersBane","Strike_B","Strike_B","Strike_B","Strike_B","Defend_B","Defend_B","Defend_B","Defend_B","Zap+1","Dualcast","Cold Snap","FTL","Sweeping Beam","Coolheaded","Self Repair","Beam Cell","Ball Lightning"],"relics":["Cracked Core","Boot","Golden Idol","Gambling Chip","Old Coin","Gremlin Horn","Juzu Bracelet"],"potions_floor_usage":[6,14,14],"damage_taken":[{"damage":1,"enemies":"Cultist","floor":1,"turns":4},{"damage":2,"enemies":"2 Louse","floor":2,"turns":3},{"damage":0,"enemies":"Jaw Worm","floor":3,"turns":3},{"damage":6,"enemies":"Gremlin Nob","floor":6,"turns":3},{"damage":12,"enemies":"Lots of Slimes","floor":10,"turns":3},{"damage":25,"enemies":"Lagavulin","floor":12,"turns":9},{"damage":0,"enemies":"Large Slime","floor":13,"turns":4},{"damage":6,"enemies":"Gremlin Nob","floor":14,"turns":3},{"damage":44,"enemies":"Slime Boss","floor":16,"turns":8}],"seed_played":"468475307313643684","potions_obtained":[{"floor":3,"key":"Fire Potion"},{"floor":6,"key":"Ancient Potion"},{"floor":12,"key":"Strength Potion"},{"floor":14,"key":"SteroidPotion"}],"is_trial":false,"path_per_floor":["M","M","M","?","$","E","R","$","T","M","R","E","M","E","R","B"],"character_chosen":"DEFECT","items_purchased":["FTL","Sweeping Beam"],"campfire_rested":2,"item_purchase_floors":[5,5],"current_hp_per_floor":[63,61,61,37,37,31,31,31,31,19,40,22,29,23,44,0],"gold":453,"neow_bonus":"RANDOM_COMMON_RELIC","is_prod":false,"is_daily":false,"chose_seed":false,"campfire_upgraded":1,"win_rate":0,"timestamp":1556375055,"path_taken":["M","M","?","?","$","E","R","$","T","M","R","E","M","E","R","BOSS"],"build_version":"2019-01-23","purchased_purges":0,"victory":false,"max_hp_per_floor":[71,71,71,71,71,71,71,71,71,71,71,71,71,71,71,71],"card_choices":[{"not_picked":["Redo","Force Field","Stack"],"picked":"SKIP","floor":1},{"not_picked":["Chill","Reinforced Body"],"picked":"Cold Snap","floor":2},{"not_picked":["Rebound","Turbo","Barrage"],"picked":"SKIP","floor":3},{"not_picked":["Beam Cell","Go for the Eyes"],"picked":"Coolheaded","floor":6},{"not_picked":["Reinforced Body","Scrape"],"picked":"Self Repair","floor":10},{"not_picked":["Amplify","Redo"],"picked":"Beam Cell","floor":12},{"not_picked":["Streamline","Redo"],"picked":"Ball Lightning","floor":13},{"not_picked":["Stack","Fission","Compile Driver"],"picked":"SKIP","floor":14}],"player_experience":634573,"relics_obtained":[{"floor":6,"key":"Gambling Chip"},{"floor":9,"key":"Old Coin"},{"floor":12,"key":"Gremlin Horn"},{"floor":14,"key":"Juzu Bracelet"}],"event_choices":[{"damage_healed":0,"gold_gain":0,"player_choice":"Take Damage","damage_taken":24,"relics_obtained":["Golden Idol"],"max_hp_gain":0,"max_hp_loss":0,"event_name":"Golden Idol","floor":4,"gold_loss":0}],"is_beta":false,"boss_relics":[],"items_purged_floors":[],"is_endless":false,"potions_floor_spawned":[3,6,12,14],"killed_by":"Slime Boss","ascension_level":20}