{"gold_per_floor":[112,112,125,140,14,45,64,64,64,64,99,99,134,144,144,244,244,257,269,184,184,195,195,230,230,281,310,310,64,64,81,81,180,180,198,210,229,229,229,264,264,264,264,274,9,23,23,57,57,57],"floor_reached":51,"playtime":2626,"items_purged":["Strike_R","Strike_R"],"score":1059,"play_id":"84d7e806-c10a-4e6e-b0ee-61223333df96","local_time":"20190327024757","is_ascension_mode":true,"campfire_choices":[{"data":"Armaments","floor":8,"key":"SMITH"},{"data":"Sword Boomerang","floor":10,"key":"SMITH"},{"data":"Sword Boomerang","floor":15,"key":"SMITH"},{"data":"True Grit","floor":23,"key":"SMITH"},{"floor":25,"key":"REST"},{"data":"True Grit","floor":28,"key":"SMITH"},{"data":"Disarm","floor":30,"key":"SMITH"},{"data":"Sword Boomerang","floor":32,"key":"SMITH"},{"data":"Spot Weakness","floor":42,"key":"SMITH"},{"data":"Inflame","floor":47,"key":"SMITH"},{"floor":49,"key":"REST"}],"neow_cost":"NONE","seed_source_timestamp":0,"circlet_count":0,"master_deck":["Strike_R","Strike_R","Strike_R","Defend_R","Defend_R+1","Defend_R+1","Defend_R","Bash+1","Flame Barrier","Hemokinesis","Spot Weakness+1","Sword Boomerang+1","Disarm+1","Armaments+1","Carnage","Bash","Sword Boomerang+1","Immolate","True Grit+1","Sword Boomerang+1","True Grit+1","Anger","Shrug It Off+1","Armaments+1","Headbutt+1","Inflame+1"],"special_seed":0,"relics":["Burning Blood","Pear","Gremlin Horn","Darkstone Periapt","Red Skull","Runic Cube","Juzu Bracelet","Smiling Mask","Bag of Preparation","Singing Bowl","Lee\u0027s Waffle","Busted Crown","Champion Belt","Pantograph","War Paint","Meat on the Bone"],"potions_floor_usage":[11,11,33,40,40,50],"damage_taken":[{"damage":1.0,"enemies":"Jaw Worm","floor":1.0,"turns":3.0},{"damage":1,"enemies":"Cultist","floor":3,"turns":4},{"damage":3,"enemies":"2 Louse","floor":4,"turns":2},{"damage":32,"enemies":"Lagavulin","floor":6,"turns":7},{"damage":10,"enemies":"Exordium Wildlife","floor":7,"turns":4},{"damage":18,"enemies":"Gremlin Nob","floor":11,"turns":4},{"damage":30,"enemies":"3 Sentries","floor":13,"turns":7},{"damage":0,"enemies":"2 Fungi Beasts","floor":14,"turns":1},{"damage":23,"enemies":"The Guardian","floor":16,"turns":9},{"damage":30,"enemies":"2 Thieves","floor":18,"turns":4},{"damage":14,"enemies":"Shell Parasite","floor":19,"turns":6},{"damage":22,"enemies":"Snake Plant","floor":22,"turns":3},{"damage":26,"enemies":"Book of Stabbing","floor":24,"turns":5},{"damage":34,"enemies":"Gremlin Leader","floor":27,"turns":5},{"damage":9,"enemies":"Chosen and Byrds","floor":31,"turns":5},{"damage":78,"enemies":"Champ","floor":33,"turns":16},{"damage":4,"enemies":"Orb Walker","floor":35,"turns":3},{"damage":4,"enemies":"3 Shapes","floor":36,"turns":10},{"damage":33,"enemies":"Sphere and 2 Shapes","floor":37,"turns":7},{"damage":29,"enemies":"Reptomancer","floor":40,"turns":6},{"damage":8,"enemies":"Transient","floor":44,"turns":5},{"damage":19,"enemies":"Writhing Mass","floor":46,"turns":2},{"damage":28,"enemies":"Giant Head","floor":48,"turns":7},{"damage":82,"enemies":"Awakened One","floor":50,"turns":12}],"seed_played":"993558476716305032","potions_obtained":[{"floor":1,"key":"Energy Potion"},{"floor":4,"key":"SpeedPotion"},{"floor":6,"key":"Poison Potion"},{"floor":11,"key":"PowerPotion"},{"floor":14,"key":"SkillPotion"},{"floor":35,"key":"AttackPotion"},{"floor":39,"key":"Weak Potion"},{"floor":48,"key":"Strength Potion"}],"is_trial":false,"path_per_floor":["M","$","M","M","$","E","M","R","T","R","E","?","E","M","R","B",null,"M","M","?","?","M","R","E","R","T","E","R","$","R","M","R","B",null,"M","M","M","?","?","E","?","R","T","M","$","M","R","E","R","B",null],"character_chosen":"IRONCLAD","items_purchased":["Spot Weakness","Sword Boomerang","Lee\u0027s Waffle","Inflame","War Paint"],"campfire_rested":2,"item_purchase_floors":[5,5,29,45,45],"current_hp_per_floor":[80,80,80,80,80,64,60,60,60,60,48,48,24,30,30,13,90,66,58,58,58,42,42,22,49,49,23,23,99,99,96,96,26,101,101,103,78,80,80,59,59,59,59,57,57,46,46,26,59,20],"gold":57,"neow_bonus":"UPGRADE_CARD","is_prod":false,"is_daily":false,"chose_seed":false,"campfire_upgraded":9,"win_rate":0,"timestamp":1553665677,"path_taken":["M","$","M","M","$","E","M","R","T","R","E","?","E","?","R","BOSS","M","M","?","?","M","R","E","R","T","E","R","?","R","M","R","BOSS","M","M","M","?","?","E","?","R","T","M","$","M","R","E","R","BOSS"],"build_version":"2019-01-23","purchased_purges":2,"victory":true,"max_hp_per_floor":[80,80,80,80,80,90,90,90,90,90,90,90,90,90,90,90,90,90,90,90,90,90,90,90,90,90,92,92,99,99,99,99,101,101,101,103,105,107,107,109,109,109,109,109,109,111,111,113,113,113],"card_choices":[{"not_picked":["Entrench","Thunderclap"],"picked":"Flame Barrier","floor":1},{"not_picked":["Iron Wave","Perfected Strike"],"picked":"Hemokinesis","floor":3},{"not_picked":["Seeing Red","Reckless Charge","Clash"],"picked":"SKIP","floor":4},{"not_picked":["Burning Pact","Shrug It Off"],"picked":"Disarm","floor":6},{"not_picked":["Feel No Pain","Burning Pact"],"picked":"Armaments","floor":7},{"not_picked":["Havoc","Power Through"],"picked":"Carnage","floor":11},{"not_picked":["Intimidate","Reckless Charge"],"picked":"Sword Boomerang","floor":13},{"not_picked":["Body Slam","Dark Embrace","Flex"],"picked":"SKIP","floor":14},{"not_picked":["Fiend Fire","Dark Embrace"],"picked":"Immolate","floor":16},{"not_picked":["Thunderclap","Combust"],"picked":"True Grit","floor":18},{"not_picked":["Reckless Charge","Body Slam"],"picked":"Sword Boomerang","floor":19},{"not_picked":["Intimidate","Uppercut"],"picked":"Anger","floor":22},{"not_picked":["Infernal Blade+1","Sword Boomerang","Sentinel"],"picked":"SKIP","floor":24},{"not_picked":["Thunderclap","Berserk","Intimidate"],"picked":"Singing Bowl","floor":27},{"not_picked":["Disarm","True Grit+1"],"picked":"Shrug It Off+1","floor":31},{"not_picked":["Fiend Fire","Bludgeon","Immolate"],"picked":"Singing Bowl","floor":33},{"not_picked":[],"picked":"Armaments+1","floor":35},{"not_picked":["Body Slam+1"],"picked":"Singing Bowl","floor":36},{"not_picked":["Warcry+1"],"picked":"Singing Bowl","floor":37},{"not_picked":["Metamorphosis"],"picked":"Singing Bowl","floor":38},{"not_picked":["Brutality"],"picked":"Singing Bowl","floor":40},{"not_picked":[],"picked":"Headbutt+1","floor":44},{"not_picked":["Body Slam+1"],"picked":"Singing Bowl","floor":46},{"not_picked":["Body Slam"],"picked":"Singing Bowl","floor":48}],"player_experience":395612,"relics_obtained":[{"floor":6,"key":"Pear"},{"floor":9,"key":"Gremlin Horn"},{"floor":11,"key":"Darkstone Periapt"},{"floor":13,"key":"Red Skull"},{"floor":24,"key":"Smiling Mask"},{"floor":26,"key":"Bag of Preparation"},{"floor":27,"key":"Singing Bowl"},{"floor":40,"key":"Champion Belt"},{"floor":43,"key":"Pantograph"},{"floor":48,"key":"Meat on the Bone"}],"event_choices":[{"damage_healed":0,"gold_gain":0,"player_choice":"1 cards matched","damage_taken":0,"max_hp_gain":0,"max_hp_loss":0,"event_name":"Match and Keep!","floor":12,"gold_loss":0,"cards_obtained":["Bash"]},{"damage_healed":0,"gold_gain":0,"player_choice":"Obtained Relic","damage_taken":0,"relics_obtained":["Juzu Bracelet"],"max_hp_gain":0,"max_hp_loss":0,"event_name":"Addict","floor":20,"gold_loss":85},{"damage_healed":0,"gold_gain":0,"player_choice":"Read","damage_taken":0,"max_hp_gain":0,"max_hp_loss":0,"event_name":"The Library","floor":21,"gold_loss":0,"cards_obtained":["True Grit"]},{"damage_healed":0,"gold_gain":0,"player_choice":"Memory 1","damage_taken":0,"max_hp_gain":0,"max_hp_loss":0,"event_name":"SensoryStone","floor":38,"gold_loss":0},{"damage_healed":0,"gold_gain":0,"player_choice":"Got Potions","damage_taken":0,"max_hp_gain":0,"max_hp_loss":0,"event_name":"Lab","floor":39,"gold_loss":0},{"damage_healed":0,"gold_gain":0,"player_choice":"Ignored","damage_taken":0,"max_hp_gain":0,"max_hp_loss":0,"event_name":"Tomb of Lord Red Mask","floor":41,"gold_loss":0}],"is_beta":false,"boss_relics":[{"not_picked":["Calling Bell","Runic Dome"],"picked":"Runic Cube"},{"not_picked":["Philosopher\u0027s Stone","White Beast Statue"],"picked":"Busted Crown"}],"items_purged_floors":[29,45],"is_endless":false,"potions_floor_spawned":[1,4,6,11,14,19,22,24,35,36,48],"ascension_level":1}