{"gold_per_floor":[114,114,114,129,147,172,172,185,231,231,266,266,293,176,176,254,254,272,272,287,307,319,348,348,348],"floor_reached":25,"playtime":1380,"items_purged":["Strike_R"],"score":446,"play_id":"85a67f99-33e6-4de9-8274-f0fa4db93e74","local_time":"20190414021145","is_ascension_mode":true,"campfire_choices":[{"data":"Body Slam","floor":7,"key":"SMITH"},{"data":"Anger","floor":10,"key":"SMITH"},{"floor":12,"key":"REST"},{"data":"Uppercut","floor":15,"key":"SMITH"},{"data":"Entrench","floor":24,"key":"SMITH"}],"neow_cost":"NONE","seed_source_timestamp":40436119243820,"circlet_count":0,"master_deck":["AscendersBane","Strike_R","Defend_R","Defend_R","Defend_R","Defend_R","Bash+1","Flame Barrier","Anger+1","Body Slam+1","Flame Barrier","Offering","Shrug It Off","Ghostly Armor","Uppercut+1","Reaper","Twin Strike+1","Pommel Strike+1","Warcry+1","Clothesline+1","Cleave+1","Entrench+1","Headbutt"],"relics":["Burning Blood","Blue Candle","Potion Belt","Omamori","Bag of Marbles","Orichalcum","Astrolabe","Matryoshka"],"potions_floor_usage":[8,11,22,23,25],"damage_taken":[{"damage":4,"enemies":"Jaw Worm","floor":1,"turns":4},{"damage":4,"enemies":"2 Louse","floor":4,"turns":4},{"damage":2,"enemies":"Cultist","floor":5,"turns":4},{"damage":23,"enemies":"Lagavulin","floor":6,"turns":7},{"damage":4,"enemies":"Lots of Slimes","floor":8,"turns":6},{"damage":22,"enemies":"Gremlin Nob","floor":11,"turns":3},{"damage":26,"enemies":"3 Sentries","floor":13,"turns":9},{"damage":8,"enemies":"Hexaghost","floor":16,"turns":9},{"damage":6,"enemies":"Chosen","floor":18,"turns":3},{"damage":8,"enemies":"3 Byrds","floor":20,"turns":4},{"damage":18,"enemies":"Centurion and Healer","floor":21,"turns":7},{"damage":18,"enemies":"Chosen and Byrds","floor":22,"turns":7},{"damage":29,"enemies":"Slavers","floor":23,"turns":5},{"damage":32,"enemies":"Snake Plant","floor":25,"turns":4}],"seed_played":"-8024942410813408758","potions_obtained":[{"floor":4,"key":"FearPotion"},{"floor":5,"key":"Weak Potion"},{"floor":6,"key":"Block Potion"},{"floor":20,"key":"EssenceOfSteel"},{"floor":21,"key":"Explosive Potion"}],"is_trial":false,"path_per_floor":["M","?","?","M","M","E","R","M","T","R","E","R","E","$","R","B",null,"M","?","M","M","M","E","R","M"],"character_chosen":"IRONCLAD","items_purchased":["Uppercut"],"campfire_rested":1,"item_purchase_floors":[14],"current_hp_per_floor":[70,44,44,46,50,33,33,35,35,35,19,41,21,21,21,19,61,67,67,65,63,55,32,32,0],"gold":348,"neow_bonus":"THREE_CARDS","is_prod":false,"is_daily":false,"chose_seed":false,"campfire_upgraded":4,"win_rate":0,"timestamp":1555218705,"path_taken":["M","?","?","M","M","E","R","M","T","R","E","R","E","$","R","BOSS","M","?","M","?","M","E","R","?"],"build_version":"2019-01-23","purchased_purges":1,"victory":false,"max_hp_per_floor":[75,75,75,75,75,75,75,75,75,75,75,75,75,75,75,75,75,75,75,75,75,75,75,75,75],"card_choices":[{"not_picked":["Dual Wield","Inflame"],"picked":"Flame Barrier","floor":0},{"not_picked":["Warcry","Combust"],"picked":"Anger","floor":1},{"not_picked":["Heavy Blade","Flex"],"picked":"Body Slam","floor":4},{"not_picked":["Entrench","Thunderclap"],"picked":"Flame Barrier","floor":5},{"not_picked":["Feed","Iron Wave"],"picked":"Offering","floor":6},{"not_picked":["Twin Strike","Dropkick","Clash"],"picked":"SKIP","floor":8},{"not_picked":["Clash","Warcry"],"picked":"Shrug It Off","floor":11},{"not_picked":["Searing Blow","Blood for Blood"],"picked":"Ghostly Armor","floor":13},{"not_picked":["Fiend Fire","Feed"],"picked":"Reaper","floor":16},{"not_picked":["Wild Strike","Armaments"],"picked":"Clothesline+1","floor":18},{"not_picked":["Havoc+1","Power Through+1"],"picked":"Cleave+1","floor":20},{"not_picked":["Warcry","Blood for Blood"],"picked":"Entrench","floor":21},{"not_picked":["Uppercut","Anger"],"picked":"Headbutt","floor":22},{"not_picked":["Perfected Strike","Searing Blow","Sentinel"],"picked":"SKIP","floor":23}],"player_experience":622137,"relics_obtained":[{"floor":6,"key":"Potion Belt"},{"floor":9,"key":"Omamori"},{"floor":11,"key":"Bag of Marbles"},{"floor":13,"key":"Orichalcum"},{"floor":23,"key":"Matryoshka"}],"event_choices":[{"damage_healed":0,"gold_gain":0,"player_choice":"Success","damage_taken":26,"relics_obtained":["Blue Candle"],"max_hp_gain":0,"max_hp_loss":0,"event_name":"Scrap Ooze","floor":2,"gold_loss":0},{"damage_healed":0,"gold_gain":0,"player_choice":"Forge","damage_taken":0,"max_hp_gain":0,"max_hp_loss":0,"event_name":"Accursed Blacksmith","floor":3,"gold_loss":0,"cards_upgraded":["Bash"]},{"damage_healed":0,"gold_gain":0,"player_choice":"0 cards matched","damage_taken":0,"max_hp_gain":0,"max_hp_loss":0,"event_name":"Match and Keep!","floor":19,"gold_loss":0,"cards_obtained":[]}],"is_beta":false,"boss_relics":[{"not_picked":["Black Blood","White Beast Statue"],"picked":"Astrolabe"}],"items_purged_floors":[14],"is_endless":false,"potions_floor_spawned":[4,5,6,20,21],"killed_by":"Snake Plant","ascension_level":17}