{"gold_per_floor":[115,115,76,93,106,106,138,152,229,404,414,414,414,434,434,537,537,547,563,563,478,478,509,509,524,524,199,199,199,217,252,252,348,348,359,373,57,57,76,76,76,176,200,200,231,231,258,0,0,0,0,0,0,31,31],"floor_reached":56,"playtime":3933,"items_purged":["Doubt"],"score":1161,"play_id":"94863793-397c-4804-a511-29e6da698697","local_time":"20190102001030","is_ascension_mode":false,"campfire_choices":[{"floor":6,"key":"RECALL"},{"floor":12,"key":"REST"},{"floor":15,"key":"REST"},{"floor":24,"key":"REST"},{"floor":29,"key":"REST"},{"floor":32,"key":"REST"},{"data":"Setup","floor":40,"key":"PURGE"},{"data":"Shame","floor":44,"key":"PURGE"},{"floor":46,"key":"REST"},{"data":"Pain","floor":49,"key":"PURGE"},{"data":"Survivor","floor":52,"key":"PURGE"}],"neow_cost":"NONE","seed_source_timestamp":1503699338522734,"circlet_count":0,"master_deck":["Defend_G+1","Defend_G+1","Defend_G+1","Defend_G+1","Defend_G+1","Strike_G+1","Strike_G+1","Strike_G+1","Strike_G+1","Strike_G+1","Neutralize+1","Blur","Backstab","Cloak And Dagger","Backflip","Crippling Poison","Die Die Die","Deflect","Infinite Blades+1","Bouncing Flask+1","Calculated Gamble","Die Die Die","Dagger Throw","Good Instincts","Flechettes+1","Venomology","Prepared+1","Finisher","Expertise","Sucker Punch","Terror","Panacea","Apotheosis","Magnetism","Terror","PiercingWail+1","Cloak And Dagger"],"relics":["Fusion Hammer","Torii","Ornamental Fan","Potion Belt","Lizard Tail","MutagenicStrength","Mercury Hourglass","Peace Pipe","Letter Opener","Mummified Hand","Cursed Key","Shuriken","Calipers","Darkstone Periapt","Centennial Puzzle","Red Mask","Oddly Smooth Stone"],"potions_floor_usage":[7,16,23,30,33,33,42,45,45,54,55,55,55,55,55],"damage_taken":[{"damage":0,"enemies":"2 Louse","floor":1,"turns":3},{"damage":0,"enemies":"Small Slimes","floor":4,"turns":4},{"damage":1,"enemies":"Jaw Worm","floor":5,"turns":4},{"damage":37,"enemies":"Gremlin Nob","floor":7,"turns":6},{"damage":0,"enemies":"2 Fungi Beasts","floor":8,"turns":4},{"damage":0,"enemies":"Exordium Thugs","floor":11,"turns":6},{"damage":0,"enemies":"Blue Slaver","floor":14,"turns":5},{"damage":37,"enemies":"Hexaghost","floor":16,"turns":15},{"damage":17,"enemies":"Spheric Guardian","floor":18,"turns":14},{"damage":3,"enemies":"Chosen","floor":19,"turns":7},{"damage":13,"enemies":"Gremlin Leader","floor":23,"turns":7},{"damage":1,"enemies":"Snecko","floor":25,"turns":4},{"damage":0,"enemies":"3 Cultists","floor":30,"turns":4},{"damage":9,"enemies":"Slavers","floor":31,"turns":3},{"damage":60,"enemies":"Champ","floor":33,"turns":11},{"damage":8,"enemies":"3 Darklings","floor":35,"turns":5},{"damage":1,"enemies":"Orb Walker","floor":36,"turns":2},{"damage":0,"enemies":"3 Darklings","floor":39,"turns":3},{"damage":0,"enemies":"Mind Bloom Boss Battle","floor":42,"turns":3},{"damage":15,"enemies":"Reptomancer","floor":45,"turns":6},{"damage":13,"enemies":"Awakened One","floor":50,"turns":10},{"damage":31,"enemies":"Shield and Spear","floor":54,"turns":5},{"damage":30,"enemies":"The Heart","floor":55,"turns":8}],"seed_played":"-8087080844301561785","potions_obtained":[{"floor":5,"key":"SteroidPotion"},{"floor":8,"key":"SpeedPotion"},{"floor":14,"key":"SkillPotion"},{"floor":19,"key":"Explosive Potion"},{"floor":23,"key":"SpeedPotion"},{"floor":30,"key":"Strength Potion"},{"floor":33,"key":"FearPotion"},{"floor":36,"key":"Ancient Potion"},{"floor":42,"key":"EssenceOfSteel"},{"floor":54,"key":"Weak Potion"}],"is_trial":false,"path_per_floor":["M","?","?","M","M","R","E","M","T","?","M","R","?","M","R","B",null,"M","M","?","?","?","E","R","M","T","$","?","R","M","E","R","B",null,"M","M","$","?","M","R","?","?","T","R","E","R","T","?","R","B",null,"R","$","E","B",null],"character_chosen":"THE_SILENT","items_purchased":["Setup","Die Die Die","Dagger Throw","Shuriken","Expertise"],"campfire_rested":6,"item_purchase_floors":[27,27,27,37,37],"current_hp_per_floor":[70,56,56,56,55,55,18,18,18,18,18,39,39,39,60,23,70,53,50,50,50,50,37,58,57,57,57,36,57,57,48,69,9,70,62,61,61,61,61,61,51,51,51,51,36,57,63,63,63,50,76,76,76,45,15],"gold":31,"neow_bonus":"BOSS_RELIC","is_prod":false,"is_daily":false,"chose_seed":false,"campfire_upgraded":0,"win_rate":0,"timestamp":1546413030,"path_taken":["M","?","?","M","M","R","E","M","T","?","M","R","?","M","R","BOSS","M","M","?","?","?","E","R","M","T","$","?","R","M","E","R","BOSS","M","M","$","?","?","R","?","?","T","R","E","R","?","?","R","BOSS","R","$","E","BOSS"],"build_version":"2019-01-01v2","purchased_purges":1,"victory":true,"max_hp_per_floor":[70,70,70,70,70,70,70,70,70,70,70,70,70,70,70,70,70,70,70,70,70,70,70,70,70,70,70,70,70,70,70,70,70,70,70,70,70,70,70,70,70,70,70,70,70,70,76,76,76,76,76,76,76,76,76],"card_choices":[{"not_picked":["Bane","Backflip"],"picked":"Blur","floor":1},{"not_picked":["Dagger Spray","Caltrops"],"picked":"Backstab","floor":4},{"not_picked":["Poisoned Stab","Bouncing Flask"],"picked":"Cloak And Dagger","floor":5},{"not_picked":["Dagger Throw","Blade Dance"],"picked":"Backflip","floor":7},{"not_picked":["Reflex","All Out Attack","Prepared"],"picked":"SKIP","floor":8},{"not_picked":["Outmaneuver","Finisher"],"picked":"Crippling Poison","floor":11},{"not_picked":["Flying Knee","Bane","Underhanded Strike"],"picked":"SKIP","floor":14},{"not_picked":["Doppelganger","Venomology"],"picked":"Die Die Die","floor":16},{"not_picked":["Heel Hook","Masterful Stab+1"],"picked":"Deflect","floor":18},{"not_picked":["Outmaneuver","Backflip"],"picked":"Infinite Blades+1","floor":19},{"not_picked":["Flying Knee","Blade Dance"],"picked":"Bouncing Flask+1","floor":23},{"not_picked":["Finisher","Dagger Throw"],"picked":"Calculated Gamble","floor":25},{"not_picked":["Bane","Sucker Punch","Expertise"],"picked":"SKIP","floor":30},{"not_picked":["Grand Finale","Acrobatics"],"picked":"Flechettes+1","floor":31},{"not_picked":["Storm of Steel","Unload"],"picked":"Venomology","floor":33},{"not_picked":["PiercingWail","Heel Hook"],"picked":"Prepared+1","floor":35},{"not_picked":["Outmaneuver+1","Blade Dance"],"picked":"Finisher","floor":36},{"not_picked":["Dagger Spray+1","Prepared+1"],"picked":"Terror","floor":39},{"not_picked":["Mind Blast","Dramatic Entrance"],"picked":"Panacea","floor":41},{"not_picked":["Blind","Master of Strategy"],"picked":"Apotheosis","floor":41},{"not_picked":["Dramatic Entrance","Swift Strike"],"picked":"Magnetism","floor":41},{"not_picked":["Deadly Poison+1","Riddle With Holes"],"picked":"Terror","floor":42},{"not_picked":["Sucker Punch","Dagger Throw"],"picked":"PiercingWail+1","floor":45},{"not_picked":["Sucker Punch","Flying Knee"],"picked":"Cloak And Dagger","floor":54}],"player_experience":290353,"relics_obtained":[{"floor":7,"key":"Torii"},{"floor":9,"key":"Ornamental Fan"},{"floor":23,"key":"Peace Pipe"},{"floor":26,"key":"Letter Opener"},{"floor":31,"key":"Mummified Hand"},{"floor":42,"key":"Calipers"},{"floor":45,"key":"Darkstone Periapt"},{"floor":47,"key":"Centennial Puzzle"},{"floor":54,"key":"Oddly Smooth Stone"}],"event_choices":[{"damage_healed":0,"gold_gain":0,"player_choice":"Entered Light","damage_taken":14,"max_hp_gain":0,"max_hp_loss":0,"event_name":"Shining Light","floor":2,"gold_loss":0,"cards_upgraded":["Neutralize","Defend_G"]},{"damage_healed":0,"gold_gain":0,"player_choice":"Left Gold","damage_taken":0,"max_hp_gain":0,"max_hp_loss":0,"event_name":"World of Goop","floor":3,"gold_loss":39},{"damage_healed":0,"gold_gain":175,"player_choice":"AGREE","damage_taken":0,"max_hp_gain":0,"max_hp_loss":0,"event_name":"Liars Game","floor":10,"gold_loss":0,"cards_obtained":["Doubt"]},{"damage_healed":0,"gold_gain":0,"player_choice":"Gave Potion","damage_taken":0,"relics_obtained":["Potion Belt"],"max_hp_gain":0,"max_hp_loss":0,"event_name":"WeMeetAgain","floor":13,"gold_loss":0},{"damage_healed":0,"gold_gain":0,"player_choice":"Inject Mutagens","damage_taken":0,"relics_obtained":["MutagenicStrength"],"max_hp_gain":0,"max_hp_loss":0,"event_name":"Drug Dealer","floor":20,"gold_loss":0},{"damage_healed":0,"gold_gain":0,"player_choice":"Obtained Relic","damage_taken":0,"relics_obtained":["Mercury Hourglass"],"max_hp_gain":0,"max_hp_loss":0,"event_name":"Addict","floor":21,"gold_loss":85},{"damage_healed":0,"gold_gain":0,"player_choice":"Simplicity","damage_taken":0,"max_hp_gain":0,"max_hp_loss":0,"event_name":"Back to Basics","floor":22,"gold_loss":0,"cards_upgraded":["Defend_G","Defend_G","Defend_G","Defend_G","Strike_G","Strike_G","Strike_G","Strike_G","Strike_G"]},{"damage_healed":0,"gold_gain":0,"player_choice":"CARD POTION ","damage_taken":21,"max_hp_gain":0,"max_hp_loss":0,"event_name":"Knowing Skull","floor":28,"potions_obtained":["PowerPotion"],"gold_loss":0,"cards_obtained":["Good Instincts"]},{"damage_healed":0,"gold_gain":0,"player_choice":"1 cards matched","damage_taken":0,"max_hp_gain":0,"max_hp_loss":0,"event_name":"Match and Keep!","floor":38,"gold_loss":0,"cards_obtained":["Sucker Punch"]},{"damage_healed":0,"gold_gain":0,"player_choice":"Memory 3","damage_taken":10,"max_hp_gain":0,"max_hp_loss":0,"event_name":"SensoryStone","floor":41,"gold_loss":0},{"damage_healed":0,"gold_gain":0,"player_choice":"Fight","damage_taken":0,"max_hp_gain":0,"max_hp_loss":0,"event_name":"MindBloom","floor":42,"gold_loss":0},{"damage_healed":0,"gold_gain":0,"player_choice":"Paid","damage_taken":0,"relics_obtained":["Red Mask"],"max_hp_gain":0,"max_hp_loss":0,"event_name":"Tomb of Lord Red Mask","floor":48,"gold_loss":258}],"is_beta":true,"boss_relics":[{"not_picked":["Snecko Eye","HoveringKite"],"picked":"Lizard Tail"},{"not_picked":["Velvet Choker","Black Star"],"picked":"Cursed Key"}],"items_purged_floors":[27],"is_endless":false,"potions_floor_spawned":[5,8,14,19,23,30,33,36,42,54],"ascension_level":0}