{"gold_per_floor":[114,129,24,24,75,75,75,109,158,183,199,199,212,177,177,177],"floor_reached":16,"playtime":623,"items_purged":["Strike_B"],"score":216,"play_id":"adec9e65-26d7-4495-878d-b760da88addb","local_time":"20190102142701","is_ascension_mode":true,"campfire_choices":[{"floor":6,"key":"REST"},{"floor":12,"key":"REST"},{"data":"Doom and Gloom","floor":15,"key":"SMITH"}],"neow_cost":"TEN_PERCENT_HP_LOSS","seed_source_timestamp":506182538291307,"circlet_count":0,"master_deck":["AscendersBane","Strike_B","Strike_B","Strike_B","Defend_B","Defend_B","Defend_B","Defend_B+1","Zap","Dualcast","Skim","Hologram","Storm","Cold Snap","Rebound+1","Compile Driver","Doom and Gloom+1","Storm","Chill","Conserve Battery","Cold Snap"],"relics":["Cracked Core","Prayer Wheel","Letter Opener","Regal Pillow","Blood Vial"],"potions_floor_usage":[10,11,16],"damage_taken":[{"damage":10,"enemies":"Small Slimes","floor":1,"turns":5},{"damage":2,"enemies":"Jaw Worm","floor":2,"turns":6},{"damage":34,"enemies":"Lagavulin","floor":8,"turns":10},{"damage":20,"enemies":"3 Sentries","floor":10,"turns":11},{"damage":0,"enemies":"2 Louse","floor":11,"turns":2},{"damage":14,"enemies":"Blue Slaver","floor":13,"turns":4},{"damage":59,"enemies":"Slime Boss","floor":16,"turns":6}],"seed_played":"-1364810414758184820","potions_obtained":[{"floor":8,"key":"SpeedPotion"},{"floor":10,"key":"Fire Potion"},{"floor":13,"key":"EssenceOfSteel"}],"is_trial":false,"path_per_floor":["M","M","$","?","?","R","?","E","T","E","M","R","M","?","R","B"],"character_chosen":"DEFECT","items_purchased":["Rebound"],"campfire_rested":2,"item_purchase_floors":[3],"current_hp_per_floor":[54,52,52,33,33,52,57,23,23,3,5,40,28,45,45,0],"gold":177,"neow_bonus":"ONE_RARE_RELIC","is_prod":false,"is_daily":false,"chose_seed":false,"campfire_upgraded":1,"win_rate":0,"timestamp":1546435621,"path_taken":["M","M","$","?","?","R","?","E","T","E","M","R","M","?","R","BOSS"],"build_version":"2018-12-20","purchased_purges":1,"victory":false,"max_hp_per_floor":[64,64,64,64,64,64,69,69,69,69,69,69,69,69,69,69],"card_choices":[{"not_picked":["Beam Cell","Force Field"],"picked":"Skim","floor":1},{"not_picked":["Stack","Force Field"],"picked":"Hologram","floor":1},{"not_picked":["Barrage","Heatsinks"],"picked":"Storm","floor":2},{"not_picked":["Recycle","Hologram"],"picked":"Cold Snap","floor":2},{"not_picked":["Turbo","Meteor Strike"],"picked":"Compile Driver","floor":8},{"not_picked":["Conserve Battery","Undo"],"picked":"Doom and Gloom","floor":10},{"not_picked":["Skim","Redo"],"picked":"Storm","floor":11},{"not_picked":["Rebound","Steam"],"picked":"Chill","floor":11},{"not_picked":["Genetic Algorithm","Cold Snap"],"picked":"Conserve Battery","floor":13},{"not_picked":["Double Energy","Redo"],"picked":"Cold Snap","floor":13}],"player_experience":1093895,"relics_obtained":[{"floor":8,"key":"Letter Opener"},{"floor":9,"key":"Regal Pillow"},{"floor":10,"key":"Blood Vial"}],"event_choices":[{"damage_healed":0,"gold_gain":0,"player_choice":"Entered Light","damage_taken":19,"max_hp_gain":0,"max_hp_loss":0,"event_name":"Shining Light","floor":4,"gold_loss":0,"cards_upgraded":["Rebound","Defend_B"]},{"damage_healed":0,"gold_gain":51,"player_choice":"Gained Gold","damage_taken":0,"max_hp_gain":0,"max_hp_loss":0,"event_name":"Golden Wing","floor":5,"gold_loss":0},{"damage_healed":0,"gold_gain":0,"player_choice":"Donut","damage_taken":0,"max_hp_gain":5,"max_hp_loss":0,"event_name":"Big Fish","floor":7,"gold_loss":0},{"damage_healed":17,"gold_gain":0,"player_choice":"Healed","damage_taken":0,"max_hp_gain":0,"max_hp_loss":0,"event_name":"The Cleric","floor":14,"gold_loss":35}],"is_beta":false,"boss_relics":[],"items_purged_floors":[3],"is_endless":false,"potions_floor_spawned":[8,10,13],"killed_by":"Slime Boss","ascension_level":20}