{"gold_per_floor":[118,137,152,162,162,162,194,213,240,270,270,300,316,332,332,405,405,420,335,260,310,310],"floor_reached":22,"playtime":864,"items_purged":["Strike_R"],"score":416,"play_id":"431ea1d4-4a3e-4ff8-a46b-da0083c058ce","local_time":"20181212130329","is_ascension_mode":true,"campfire_choices":[{"data":"Shockwave","floor":6.0,"key":"SMITH"},{"floor":15,"key":"REST"}],"neow_cost":"PERCENT_DAMAGE","seed_source_timestamp":0,"circlet_count":0,"master_deck":["AscendersBane","Strike_R","Strike_R","Strike_R","Strike_R","Defend_R","Defend_R","Defend_R","Defend_R","Bash","Offering+1","Hemokinesis+1","Shockwave+1","Thunderclap","Spot Weakness+1","Headbutt","Sword Boomerang","Flame Barrier","Limit Break","True Grit"],"special_seed":0,"relics":["Burning Blood","Strawberry","Oddly Smooth Stone","Happy Flower","War Paint","Pear","Philosopher\u0027s Stone","Anchor"],"potions_floor_usage":[13,16],"damage_taken":[{"damage":1.0,"enemies":"Cultist","floor":1.0,"turns":4.0},{"damage":10.0,"enemies":"Jaw Worm","floor":2.0,"turns":3.0},{"damage":13.0,"enemies":"Small Slimes","floor":3.0,"turns":3.0},{"damage":9.0,"enemies":"Exordium Wildlife","floor":4.0,"turns":4.0},{"damage":17.0,"enemies":"3 Sentries","floor":7.0,"turns":6.0},{"damage":12.0,"enemies":"Exordium Thugs","floor":8.0,"turns":6.0},{"damage":10.0,"enemies":"Gremlin Nob","floor":10.0,"turns":2.0},{"damage":15.0,"enemies":"Lagavulin","floor":12.0,"turns":5.0},{"damage":1,"enemies":"3 Louse","floor":13,"turns":2},{"damage":6,"enemies":"2 Fungi Beasts","floor":14,"turns":1},{"damage":13,"enemies":"Hexaghost","floor":16,"turns":7},{"damage":6,"enemies":"Shell Parasite","floor":18,"turns":3},{"damage":13,"enemies":"Colosseum Slavers","floor":22,"turns":4},{"damage":74,"enemies":"Colosseum Nobs","floor":22,"turns":5}],"seed_played":"-5516446884822437090","potions_obtained":[{"floor":1.0,"key":"EssenceOfSteel"},{"floor":2.0,"key":"SteroidPotion"},{"floor":7.0,"key":"Block Potion"},{"floor":13,"key":"Dexterity Potion"},{"floor":18,"key":"Fire Potion"}],"is_trial":false,"path_per_floor":["M","M","M","M","?","R","E","M","T","E","?","E","M","M","R","B",null,"M","?","$","?","?"],"character_chosen":"IRONCLAD","items_purchased":[],"campfire_rested":1,"item_purchase_floors":[],"current_hp_per_floor":[55,51,44,41,41,41,37,31,31,27,16,17,22,22,49,42,80,80,80,80,80,0],"gold":310,"neow_bonus":"THREE_RARE_CARDS","is_prod":false,"is_daily":false,"chose_seed":false,"campfire_upgraded":1,"win_rate":0,"timestamp":1544616209,"path_taken":["M","M","M","?","?","R","E","M","T","E","?","E","?","M","R","BOSS","M","?","$","?","?"],"build_version":"2018-12-06","purchased_purges":1,"victory":false,"max_hp_per_floor":[75,75,75,75,75,75,82,82,82,82,82,92,92,92,92,92,92,92,92,92,92,92],"card_choices":[{"not_picked":["Fiend Fire","Impervious"],"picked":"Offering","floor":0.0},{"not_picked":["Second Wind","Sever Soul","Armaments"],"picked":"SKIP","floor":1.0},{"not_picked":["Second Wind","Dual Wield"],"picked":"Hemokinesis","floor":2.0},{"not_picked":["Wild Strike","Twin Strike"],"picked":"Shockwave","floor":3.0},{"not_picked":["Power Through","Sever Soul"],"picked":"Thunderclap","floor":4.0},{"not_picked":["Evolve","Ghostly Armor"],"picked":"Spot Weakness","floor":7.0},{"not_picked":["Anger","Corruption"],"picked":"Headbutt","floor":8.0},{"not_picked":["Iron Wave","Dark Embrace","Power Through"],"picked":"SKIP","floor":10.0},{"not_picked":["Wild Strike","Iron Wave"],"picked":"Sword Boomerang","floor":12.0},{"not_picked":["Heavy Blade","Searing Blow"],"picked":"Flame Barrier","floor":13},{"not_picked":["Havoc","Perfected Strike","Shockwave"],"picked":"SKIP","floor":14},{"not_picked":["Fiend Fire","Juggernaut"],"picked":"Limit Break","floor":16},{"not_picked":["Ghostly Armor","Wild Strike"],"picked":"True Grit","floor":18}],"player_experience":943808,"relics_obtained":[{"floor":7.0,"key":"Strawberry"},{"floor":9.0,"key":"Oddly Smooth Stone"},{"floor":10.0,"key":"Happy Flower"},{"floor":12.0,"key":"Pear"}],"event_choices":[{"damage_healed":0.0,"max_hp_gain":0.0,"max_hp_loss":0.0,"gold_gain":0.0,"event_name":"Living Wall","player_choice":"Grow","floor":5.0,"gold_loss":0.0,"damage_taken":0.0,"cards_upgraded":["Hemokinesis"]},{"damage_healed":0.0,"max_hp_gain":0.0,"max_hp_loss":0.0,"gold_gain":0.0,"event_name":"Scrap Ooze","player_choice":"Success","floor":11.0,"gold_loss":0.0,"damage_taken":11.0,"relics_obtained":["War Paint"]},{"damage_healed":0,"gold_gain":0,"player_choice":"Obtained Relic","damage_taken":0,"relics_obtained":["Anchor"],"max_hp_gain":0,"max_hp_loss":0,"event_name":"Addict","floor":19,"gold_loss":85},{"damage_healed":0,"gold_gain":50,"player_choice":"Stole From Cult","damage_taken":0,"max_hp_gain":0,"max_hp_loss":0,"event_name":"Nest","floor":21,"gold_loss":0},{"damage_healed":0,"gold_gain":0,"player_choice":"Fight","damage_taken":0,"max_hp_gain":0,"max_hp_loss":0,"event_name":"Colosseum","floor":22,"gold_loss":0},{"damage_healed":0,"gold_gain":0,"player_choice":"Fought Nobs","damage_taken":0,"max_hp_gain":0,"max_hp_loss":0,"event_name":"Colosseum","floor":22,"gold_loss":0}],"is_beta":false,"boss_relics":[{"not_picked":["Black Blood","Fusion Hammer"],"picked":"Philosopher\u0027s Stone"}],"items_purged_floors":[20],"is_endless":false,"potions_floor_spawned":[1,2,7,8,13,18,22],"killed_by":"Colosseum Nobs","ascension_level":16}