{"gold_per_floor":[113,125,125,136,61,96,110,110,110,110,110],"floor_reached":11,"playtime":370,"items_purged":["Strike_R"],"score":128,"play_id":"3aad05d9-d3a3-4adc-a469-f183c2a5dc3b","local_time":"20190406152303","is_ascension_mode":true,"campfire_choices":[{"data":"Clothesline","floor":8,"key":"SMITH"},{"data":"Anger","floor":10,"key":"SMITH"}],"neow_cost":"NONE","seed_source_timestamp":7733613083133,"circlet_count":0,"master_deck":["AscendersBane","Strike_R","Strike_R","Strike_R","Defend_R","Defend_R","Defend_R","Defend_R","Bash+1","Anger+1","Clothesline+1","Pommel Strike","Flame Barrier"],"relics":["Burning Blood","Potion Belt","Kunai"],"potions_floor_usage":[7],"damage_taken":[{"damage":14,"enemies":"Jaw Worm","floor":1,"turns":6},{"damage":0,"enemies":"Cultist","floor":2,"turns":2},{"damage":15,"enemies":"2 Louse","floor":4,"turns":2},{"damage":20,"enemies":"Lagavulin","floor":6,"turns":6},{"damage":15,"enemies":"Exordium Thugs","floor":7,"turns":4},{"damage":40,"enemies":"3 Sentries","floor":11,"turns":7}],"seed_played":"-2522903387235011380","potions_obtained":[{"floor":2,"key":"SneckoOil"},{"floor":6,"key":"LiquidBronze"}],"is_trial":false,"path_per_floor":["M","M","?","M","$","E","M","R","T","R","E"],"character_chosen":"IRONCLAD","items_purchased":[],"campfire_rested":0,"item_purchase_floors":[],"current_hp_per_floor":[60,66,66,57,57,43,34,34,34,34,0],"gold":110,"neow_bonus":"UPGRADE_CARD","is_prod":false,"is_daily":false,"chose_seed":false,"campfire_upgraded":2,"win_rate":0,"timestamp":1554574983,"path_taken":["M","M","?","M","$","E","M","R","T","R","E"],"build_version":"2019-01-23","purchased_purges":1,"victory":false,"max_hp_per_floor":[75,75,75,75,75,75,75,75,75,75,75],"card_choices":[{"not_picked":["Pommel Strike","Perfected Strike"],"picked":"Anger","floor":1},{"not_picked":["Twin Strike","Sentinel"],"picked":"Clothesline","floor":2},{"not_picked":["Havoc","Cleave"],"picked":"Pommel Strike","floor":4},{"not_picked":["Bloodletting","Second Wind"],"picked":"Flame Barrier","floor":6},{"not_picked":["Warcry","Evolve","Perfected Strike"],"picked":"SKIP","floor":7}],"player_experience":530494,"relics_obtained":[{"floor":6,"key":"Potion Belt"},{"floor":9,"key":"Kunai"}],"event_choices":[{"cards_removed":["Strike_R"],"damage_healed":0,"gold_gain":0,"player_choice":"Offered Basic","damage_taken":0,"max_hp_gain":0,"max_hp_loss":0,"event_name":"Bonfire Elementals","floor":3,"gold_loss":0}],"is_beta":false,"boss_relics":[],"items_purged_floors":[5],"is_endless":false,"potions_floor_spawned":[2,6],"killed_by":"3 Sentries","ascension_level":15}