{"gold_per_floor":[119,119,132,142,317,347,422,435,435,462,472,115,115,150,150,249,249,259,275,275,0,13,41,60,60,84,84,116,116,135,8,8,105,105,120,137,137,89,106,106,140,140,440,440],"floor_reached":44,"playtime":2461,"items_purged":[],"score":721,"play_id":"b862d2ee-e9bb-4c50-b8f8-5d193dd6b1bd","local_time":"20180628210705","is_ascension_mode":false,"campfire_choices":[{"floor":13,"key":"REST"},{"floor":15,"key":"REST"},{"data":"Defragment","floor":25,"key":"SMITH"},{"data":"Fusion","floor":27,"key":"SMITH"},{"floor":29,"key":"REST"},{"floor":32,"key":"REST"},{"data":"Core Surge","floor":40,"key":"SMITH"}],"neow_cost":"","seed_source_timestamp":0,"circlet_count":0,"master_deck":["Strike_B","Strike_B","Strike_B","Strike_B","Defend_B","Defend_B","Defend_B","Defend_B","Zap+1","Dualcast","Chill","Ball Lightning","Hologram","Leap","Doubt","Reinforced Body","Chill","Core Surge+1","Ball Lightning","Capacitor","Doom and Gloom","Finesse","Go for the Eyes","Reboot","Undo","Conserve Battery","Barrage+1","Fusion+1","Defragment+1","Rebound+1","Coolheaded","Bandage Up","FTL","Hologram+1","Double Energy+1","Conserve Battery","Ball Lightning+1","BootSequence+1","Writhe"],"relics":["Cracked Core","Gremlin Horn","Dodecahedron","Centennial Puzzle","Bronze Scales","Lantern","Sozu","Bottled Lightning","Bag of Marbles","Bottled Flame","Inserter","Meat on the Bone","Old Coin"],"potions_floor_usage":[6,14,16],"damage_taken":[{"damage":0,"enemies":"2 Louse","floor":1,"turns":1},{"damage":0,"enemies":"Cultist","floor":3,"turns":3},{"damage":4,"enemies":"Jaw Worm","floor":4,"turns":3},{"damage":14,"enemies":"Gremlin Nob","floor":6,"turns":4},{"damage":0,"enemies":"Blue Slaver","floor":8,"turns":3},{"damage":0,"enemies":"3 Sentries","floor":10,"turns":9},{"damage":0,"enemies":"2 Fungi Beasts","floor":11,"turns":4},{"damage":21,"enemies":"Lagavulin","floor":14,"turns":5},{"damage":14,"enemies":"The Guardian","floor":16,"turns":9},{"damage":4,"enemies":"Chosen","floor":18,"turns":6},{"damage":0,"enemies":"Spheric Guardian","floor":19,"turns":4},{"damage":2,"enemies":"3 Cultists","floor":22,"turns":4},{"damage":4,"enemies":"Gremlin Leader","floor":23,"turns":8},{"damage":17,"enemies":"Cultist and Chosen","floor":24,"turns":6},{"damage":15,"enemies":"Book of Stabbing","floor":28,"turns":5},{"damage":7,"enemies":"Centurion and Healer","floor":30,"turns":3},{"damage":22,"enemies":"Collector","floor":33,"turns":7},{"damage":0,"enemies":"Flame Bruiser 1 Orb","floor":35,"turns":6},{"damage":20,"enemies":"3 Shapes","floor":36,"turns":2},{"damage":0,"enemies":"Flame Bruiser 2 Orb","floor":39,"turns":6},{"damage":36,"enemies":"2 Orb Walkers","floor":41,"turns":6},{"damage":51,"enemies":"Giant Head","floor":44,"turns":10}],"seed_played":"-331452271964337891","potions_obtained":[{"floor":4,"key":"Fire Potion"},{"floor":8,"key":"FearPotion"},{"floor":14,"key":"FocusPotion"}],"is_trial":true,"path_per_floor":["M","?","M","M","?","E","?","M","T","E","M","$","R","E","R","B",null,"M","M","?","?","M","E","M","R","T","R","E","R","M","$","R","B",null,"M","M","?","$","M","R","E","?","T"],"character_chosen":"DEFECT","items_purchased":["Capacitor","Doom and Gloom","Finesse","Bronze Scales","Bandage Up","FTL","Conserve Battery"],"campfire_rested":4,"item_purchase_floors":[12,12,12,12,31,31,38],"current_hp_per_floor":[75,75,75,71,71,57,46,46,46,46,46,46,68,47,69,55,75,71,71,71,71,69,65,48,48,48,48,33,55,48,48,70,52,75,75,55,55,55,59,59,27,46,46,0],"gold":440,"neow_bonus":"","is_prod":false,"is_daily":false,"chose_seed":false,"campfire_upgraded":3,"win_rate":0,"timestamp":1530245225,"path_taken":["M","?","M","?","?","E","?","M","T","E","M","$","R","E","R","BOSS","M","M","?","?","?","E","M","R","T","R","E","R","M","?","R","BOSS","M","M","?","$","M","R","E","?","T","E"],"build_version":"2018-06-28","purchased_purges":0,"victory":false,"max_hp_per_floor":[75,75,75,75,75,75,75,75,75,75,75,75,75,75,75,75,75,75,75,75,75,75,75,75,75,75,75,75,75,75,75,75,75,75,75,75,75,75,75,75,75,75,75,75],"card_choices":[{"not_picked":["Streamline","Rebound"],"picked":"Chill","floor":1},{"not_picked":["Beam Cell","Go for the Eyes"],"picked":"Hologram","floor":3},{"not_picked":["Stack","Barrage"],"picked":"Leap","floor":4},{"not_picked":["Compile Driver","Streamline"],"picked":"Reinforced Body","floor":6},{"not_picked":["Hologram","Sweeping Beam"],"picked":"Chill","floor":8},{"not_picked":["Hologram","White Noise"],"picked":"Core Surge","floor":10},{"not_picked":["Scrape","Beam Cell"],"picked":"Ball Lightning","floor":11},{"not_picked":["Rebound","Barrage"],"picked":"Go for the Eyes","floor":14},{"not_picked":["Multi-Cast","Amplify"],"picked":"Reboot","floor":16},{"not_picked":["Melter","Ball Lightning"],"picked":"Undo","floor":18},{"not_picked":["Cold Snap","Rebound"],"picked":"Conserve Battery","floor":19},{"not_picked":["Sweeping Beam","Cold Snap"],"picked":"Barrage+1","floor":22},{"not_picked":["Tempest","Core Surge"],"picked":"Fusion","floor":23},{"not_picked":["Genetic Algorithm","Reprogram"],"picked":"Defragment","floor":24},{"not_picked":["Force Field","Melter"],"picked":"Rebound+1","floor":28},{"not_picked":["Ball Lightning","Compile Driver"],"picked":"Coolheaded","floor":30},{"not_picked":["All For One","Multi-Cast"],"picked":"Fission","floor":33},{"not_picked":["Rip and Tear","Turbo+1"],"picked":"Hologram+1","floor":35},{"not_picked":["Stack+1","Barrage"],"picked":"Double Energy+1","floor":36},{"not_picked":["Conserve Battery","Undo"],"picked":"Ball Lightning+1","floor":39},{"not_picked":["Ball Lightning","Chaos"],"picked":"BootSequence+1","floor":41}],"player_experience":229873,"relics_obtained":[{"floor":6,"key":"Gremlin Horn"},{"floor":9,"key":"Dodecahedron"},{"floor":10,"key":"Centennial Puzzle"},{"floor":14,"key":"Lantern"},{"floor":23,"key":"Bottled Lightning"},{"floor":26,"key":"Bag of Marbles"},{"floor":28,"key":"Bottled Flame"},{"floor":41,"key":"Meat on the Bone"},{"floor":43,"key":"Old Coin"}],"event_choices":[{"event_name":"Match and Keep!","player_choice":"1 cards matched","floor":2,"damage_taken":0},{"event_name":"Match and Keep!","player_choice":"1 cards matched","floor":2,"damage_taken":0},{"event_name":"Liars Game","player_choice":"agreed","floor":5,"damage_taken":0},{"event_name":"World of Goop","player_choice":"Gather Gold","floor":7,"damage_taken":0},{"event_name":"Upgrade Shrine","player_choice":"Upgraded","floor":20,"damage_taken":0},{"event_name":"Masked Bandits","player_choice":"Paid Bandits 275 gold","floor":21,"damage_taken":0},{"event_name":"Falling","player_choice":"Removed Skill","floor":37,"damage_taken":0},{"event_name":"Winding Halls","player_choice":"Writhe","floor":42,"damage_taken":0}],"boss_relics":[{"not_picked":["Pandora\u0027s Box","Eternal Feather"],"picked":"Sozu"},{"not_picked":["Black Star","White Beast Statue"],"picked":"Inserter"}],"items_purged_floors":[],"is_endless":true,"potions_floor_spawned":[4,8,14,24,28,33,41],"killed_by":"Giant Head","ascension_level":0}