{"gold_per_floor":[110,125,142,142,142,169,181,181],"floor_reached":8,"playtime":703,"items_purged":[],"score":93,"play_id":"43ec2e66-f5dd-4e00-9509-25329e3dd816","local_time":"20190403015804","is_ascension_mode":true,"campfire_choices":[],"neow_cost":"NONE","seed_source_timestamp":122788520313905,"circlet_count":0,"master_deck":["AscendersBane","Strike_R","Strike_R","Strike_R","Strike_R","Strike_R","Defend_R","Defend_R","Defend_R","Defend_R","Bash","Pommel Strike","Battle Trance","Power Through"],"relics":["Burning Blood","Darkstone Periapt","Shovel"],"potions_floor_usage":[0,6,8],"damage_taken":[{"damage":1,"enemies":"2 Louse","floor":1,"turns":3},{"damage":13,"enemies":"Jaw Worm","floor":2,"turns":5},{"damage":0,"enemies":"Small Slimes","floor":3,"turns":3},{"damage":28,"enemies":"Gremlin Nob","floor":6,"turns":5},{"damage":7,"enemies":"2 Fungi Beasts","floor":7,"turns":3},{"damage":51,"enemies":"Lagavulin","floor":8,"turns":9}],"seed_played":"7233444352712709832","potions_obtained":[{"floor":0,"key":"Block Potion"},{"floor":0,"key":"Fruit Juice"},{"floor":0,"key":"Dexterity Potion"},{"floor":3,"key":"EssenceOfSteel"}],"is_trial":false,"path_per_floor":["M","M","M","?","$","E","M","E"],"character_chosen":"IRONCLAD","items_purchased":[],"campfire_rested":0,"item_purchase_floors":[],"current_hp_per_floor":[82,75,81,56,56,34,33,0],"gold":181,"neow_bonus":"THREE_SMALL_POTIONS","is_prod":false,"is_daily":false,"chose_seed":false,"campfire_upgraded":0,"win_rate":0,"timestamp":1554267484,"path_taken":["M","M","M","?","$","E","M","E"],"build_version":"2019-01-23","purchased_purges":0,"victory":false,"max_hp_per_floor":[85,85,85,85,85,85,85,85],"card_choices":[{"not_picked":["Wild Strike","Battle Trance","Cleave"],"picked":"SKIP","floor":1},{"not_picked":["True Grit","Reckless Charge"],"picked":"Pommel Strike","floor":2},{"not_picked":["Reckless Charge","Clash","Cleave"],"picked":"SKIP","floor":3},{"not_picked":["Brutality","Sword Boomerang"],"picked":"Battle Trance","floor":6},{"not_picked":["Flex","Headbutt"],"picked":"Power Through","floor":7}],"player_experience":478742,"relics_obtained":[{"floor":6,"key":"Shovel"}],"event_choices":[{"damage_healed":0,"gold_gain":0,"player_choice":"Success","damage_taken":25,"relics_obtained":["Darkstone Periapt"],"max_hp_gain":0,"max_hp_loss":0,"event_name":"Scrap Ooze","floor":4,"gold_loss":0}],"is_beta":false,"boss_relics":[],"items_purged_floors":[],"is_endless":false,"potions_floor_spawned":[3],"killed_by":"Lagavulin","ascension_level":12}