{"gold_per_floor":[115,115,125,137,148,148,176,176,246,270,287,287,212,239,239,239],"floor_reached":16,"playtime":554,"items_purged":["Strike_B"],"score":220,"play_id":"257d6bc4-3b83-4f15-8747-aec07d0c05d3","local_time":"20190429133824","is_ascension_mode":true,"campfire_choices":[{"data":"Lockon","floor":6,"key":"SMITH"},{"floor":8,"key":"REST"},{"floor":12,"key":"REST"},{"floor":15,"key":"REST"}],"neow_cost":"NONE","seed_source_timestamp":270347478514341,"circlet_count":0,"master_deck":["AscendersBane","Strike_B","Strike_B","Strike_B","Defend_B","Defend_B","Defend_B","Defend_B","Zap+1","Dualcast","Gash","Genetic Algorithm","Lockon+1","BootSequence","Ball Lightning","Doom and Gloom","Conserve Battery"],"relics":["Cracked Core","WingedGreaves","Question Card","Odd Mushroom","Bag of Preparation"],"potions_floor_usage":[7,10],"damage_taken":[{"damage":2,"enemies":"Jaw Worm","floor":1,"turns":3},{"damage":3,"enemies":"2 Louse","floor":3,"turns":3},{"damage":4,"enemies":"Small Slimes","floor":4,"turns":3},{"damage":11,"enemies":"Exordium Wildlife","floor":5,"turns":3},{"damage":32,"enemies":"Gremlin Nob","floor":7,"turns":4},{"damage":1,"enemies":"The Mushroom Lair","floor":10,"turns":4},{"damage":16,"enemies":"Gremlin Gang","floor":11,"turns":5},{"damage":30,"enemies":"3 Sentries","floor":14,"turns":5},{"damage":32,"enemies":"Hexaghost","floor":16,"turns":7}],"seed_played":"-8583012082207007994","potions_obtained":[{"floor":3,"key":"Fire Potion"},{"floor":5,"key":"LiquidBronze"},{"floor":7,"key":"Block Potion"}],"is_trial":false,"path_per_floor":["M","?","M","M","M","R","E","R","T","?","M","R","$","E","R","B"],"character_chosen":"DEFECT","items_purchased":[],"campfire_rested":3,"item_purchase_floors":[],"current_hp_per_floor":[62,62,59,55,44,44,12,33,33,32,16,37,37,7,28,0],"gold":239,"neow_bonus":"UPGRADE_CARD","is_prod":false,"is_daily":false,"chose_seed":false,"campfire_upgraded":1,"win_rate":0,"timestamp":1556537904,"path_taken":["M","?","M","M","M","R","E","R","T","?","M","R","$","E","R","BOSS"],"build_version":"2019-01-23","purchased_purges":1,"victory":false,"max_hp_per_floor":[71,71,71,71,71,71,71,71,71,71,71,71,71,71,71,71],"card_choices":[{"not_picked":["Barrage","Self Repair"],"picked":"Gash","floor":1},{"not_picked":["Stack","Streamline"],"picked":"Genetic Algorithm","floor":3},{"not_picked":["Redo","Skim","Coolheaded"],"picked":"SKIP","floor":4},{"not_picked":["Turbo","Heatsinks"],"picked":"Lockon","floor":5},{"not_picked":["Turbo","Machine Learning"],"picked":"BootSequence","floor":7},{"not_picked":["Chill","Double Energy","Steam Power"],"picked":"Ball Lightning","floor":10},{"not_picked":["Go for the Eyes","Hologram","Leap"],"picked":"Doom and Gloom","floor":11},{"not_picked":["Static Discharge","Undo","Storm"],"picked":"Conserve Battery","floor":14}],"player_experience":1461551,"relics_obtained":[{"floor":7,"key":"WingedGreaves"},{"floor":9,"key":"Question Card"},{"floor":10,"key":"Odd Mushroom"},{"floor":14,"key":"Bag of Preparation"}],"event_choices":[{"damage_healed":0,"gold_gain":0,"player_choice":"Ignored","damage_taken":0,"max_hp_gain":0,"max_hp_loss":0,"event_name":"Golden Wing","floor":2,"gold_loss":0},{"damage_healed":0,"gold_gain":0,"player_choice":"Fought Mushrooms","damage_taken":0,"max_hp_gain":0,"max_hp_loss":0,"event_name":"Mushrooms","floor":10,"gold_loss":0}],"is_beta":false,"boss_relics":[],"items_purged_floors":[13],"is_endless":false,"potions_floor_spawned":[3,5,7],"killed_by":"Hexaghost","ascension_level":20}