{"gold_per_floor":[109,121,131,146,156,183,183,183,256,256,270,270,270,289,289,391,391,409,409,419,431,118,147,1,36,63,63,75,75,85,112,112,212,212,222,74,0,18,18,32,60,70,94,94,109,136,136,136,136,237,237,255,267,267,267,282,282,297,297,323,339,355,371,386,397,397,492,492,506,87,106,119,119,119,34,51,79,79,91,23,38,38,38,134,134,145,155,173,24,41,41,41,61,61],"floor_reached":94,"playtime":6825,"items_purged":["Regret"],"score":2294,"play_id":"fa3fe9b2-fed8-4ed9-b654-3a4c637dd5aa","local_time":"20180703010705","daily_mods":["Draft","Heirloom"],"is_ascension_mode":false,"campfire_choices":[{"data":"Hologram","floor":7,"key":"SMITH"},{"data":"1","floor":10,"key":"LIFT"},{"data":"2","floor":12,"key":"LIFT"},{"data":"3","floor":15,"key":"LIFT"},{"data":"Buffer","floor":29,"key":"SMITH"},{"data":"Amplify","floor":32,"key":"SMITH"},{"data":"Defragment","floor":47,"key":"SMITH"},{"data":"Stack","floor":49,"key":"SMITH"},{"data":"Buffer","floor":57,"key":"SMITH"},{"data":"Storm","floor":66,"key":"SMITH"},{"data":"Coolheaded","floor":74,"key":"SMITH"},{"data":"Turbo","floor":78,"key":"SMITH"},{"data":"Storm","floor":83,"key":"SMITH"},{"data":"Heatsinks","floor":91,"key":"SMITH"}],"neow_cost":"","seed_source_timestamp":0,"circlet_count":0,"master_deck":["Genetic Algorithm","Cold Snap","Glacier","BootSequence","Rebound","Genetic Algorithm","Defragment+1","Coolheaded+1","Leap","Capacitor","Ball Lightning","Leap","Stack+1","Conserve Battery","Turbo+1","Loop+1","Hologram+1","Go for the Eyes","Creative AI+1","Conserve Battery","Buffer+1","Electrodynamics","Undo","Compile Driver","Amplify+1","Glacier+1","Capacitor","Steam Power+1","Capacitor","Streamline+1","Zap+1","Bandage Up+1","Undo+1","Coolheaded+1","Coolheaded+1","Secret Technique+1","Secret Weapon+1","Deep Breath+1","Self Repair","Madness+1","Madness+1","Buffer+1","Glacier+1","Tempest+1","Storm+1","Double Energy+1","Conserve Battery+1","All For One+1","Hologram+1","White Noise+1","Heatsinks+1","Conserve Battery+1","Hologram+1","White Noise+1","Skim+1","Glacier+1","Storm+1","Self Repair","Ball Lightning+1","Defragment+1","Double Energy+1","Deep Breath+1","Mind Blast+1","Master of Strategy+1","Stack+1"],"relics":["Cracked Core","Calipers","Cables","Girya","Pantograph","Coffee Dripper","Matryoshka","Lantern","Omamori","Toxic Egg 2","Symbiotic Virus","Bag of Preparation","Bronze Scales","Sozu","Boot","Red Mask","Regal Pillow","Molten Egg 2","Orichalcum","Smiling Mask","Philosopher\u0027s Stone","Strawberry","Bottled Lightning","Enchiridion","Vajra","DataDisk"],"potions_floor_usage":[5,16,16,16,20,23,23,30,33,90,93],"damage_taken":[{"damage":0,"enemies":"Cultist","floor":1,"turns":6},{"damage":0,"enemies":"Jaw Worm","floor":2,"turns":5},{"damage":0,"enemies":"Small Slimes","floor":3,"turns":4},{"damage":0,"enemies":"Blue Slaver","floor":4,"turns":4},{"damage":0,"enemies":"3 Louse","floor":5,"turns":3},{"damage":1,"enemies":"3 Sentries","floor":6,"turns":12},{"damage":11,"enemies":"Exordium Thugs","floor":11,"turns":5},{"damage":0,"enemies":"Blue Slaver","floor":14,"turns":6},{"damage":7,"enemies":"Hexaghost","floor":16,"turns":10},{"damage":2,"enemies":"Chosen","floor":18,"turns":7},{"damage":4,"enemies":"3 Byrds","floor":20,"turns":5},{"damage":3,"enemies":"3 Cultists","floor":21,"turns":4},{"damage":0,"enemies":"Gremlin Leader","floor":23,"turns":5},{"damage":6,"enemies":"Book of Stabbing","floor":25,"turns":7},{"damage":0,"enemies":"Snecko","floor":28,"turns":6},{"damage":0,"enemies":"Snake Plant","floor":30,"turns":4},{"damage":0,"enemies":"Slavers","floor":31,"turns":4},{"damage":0,"enemies":"Automaton","floor":33,"turns":9},{"damage":0,"enemies":"3 Shapes","floor":35,"turns":3},{"damage":0,"enemies":"Flame Bruiser 1 Orb","floor":38,"turns":6},{"damage":0,"enemies":"Maw","floor":40,"turns":9},{"damage":0,"enemies":"Nemesis","floor":41,"turns":7},{"damage":0,"enemies":"4 Shapes","floor":42,"turns":5},{"damage":24,"enemies":"Sphere and 2 Shapes","floor":45,"turns":6},{"damage":0,"enemies":"Giant Head","floor":46,"turns":8},{"damage":0,"enemies":"Time Eater","floor":50,"turns":12},{"damage":0,"enemies":"Cultist","floor":52,"turns":3},{"damage":0,"enemies":"Jaw Worm","floor":53,"turns":3},{"damage":0,"enemies":"2 Louse","floor":56,"turns":2},{"damage":0,"enemies":"Lots of Slimes","floor":58,"turns":3},{"damage":0,"enemies":"Exordium Wildlife","floor":61,"turns":2},{"damage":0,"enemies":"Red Slaver","floor":62,"turns":4},{"damage":0,"enemies":"Blue Slaver","floor":63,"turns":1},{"damage":0,"enemies":"3 Louse","floor":64,"turns":2},{"damage":0,"enemies":"2 Fungi Beasts","floor":65,"turns":4},{"damage":0,"enemies":"Slime Boss","floor":67,"turns":5},{"damage":0,"enemies":"Chosen","floor":69,"turns":3},{"damage":0,"enemies":"Shell Parasite","floor":71,"turns":4},{"damage":0,"enemies":"Centurion and Healer","floor":72,"turns":3},{"damage":0,"enemies":"Snecko","floor":76,"turns":4},{"damage":0,"enemies":"Book of Stabbing","floor":77,"turns":2},{"damage":22,"enemies":"Chosen and Byrds","floor":79,"turns":4},{"damage":19,"enemies":"Snake Plant","floor":81,"turns":3},{"damage":0,"enemies":"Champ","floor":84,"turns":4},{"damage":0,"enemies":"3 Shapes","floor":86,"turns":2},{"damage":6,"enemies":"3 Darklings","floor":87,"turns":2},{"damage":0,"enemies":"Spire Growth","floor":88,"turns":3},{"damage":0,"enemies":"4 Shapes","floor":90,"turns":2},{"damage":31,"enemies":"Maw","floor":93,"turns":5},{"damage":17,"enemies":"2 Orb Walkers","floor":94,"turns":1}],"seed_played":"-750863043197084891","potions_obtained":[{"floor":1,"key":"Explosive Potion"},{"floor":6,"key":"LiquidBronze"},{"floor":11,"key":"Energy Potion"},{"floor":14,"key":"AttackPotion"},{"floor":16,"key":"AttackPotion"},{"floor":20,"key":"Explosive Potion"},{"floor":21,"key":"AttackPotion"},{"floor":25,"key":"PowerPotion"},{"floor":30,"key":"GamblersBrew"},{"floor":31,"key":"Regen Potion"},{"floor":33,"key":"Swift Potion"}],"is_trial":true,"path_per_floor":["M","M","M","M","M","E","R","?","T","R","M","R","?","M","R","B",null,"M","?","M","M","$","E","$","E","T","?","M","R","M","E","R","B",null,"M","$","?","M","?","M","E","M","T","?","M","E","R","?","R","B",null,"M","M","$","?","M","R","M","?","T","M","M","M","M","M","R","B",null,"M","$","M","M","?","R","?","M","E","R","M","$","M","?","R","B",null,"M","M","M","$","M","R","?","M"],"character_chosen":"DEFECT","items_purchased":["Matryoshka","Omamori","Boot","White Noise+1","Bottled Lightning","Heatsinks","Conserve Battery+1","Storm","DataDisk"],"campfire_rested":0,"item_purchase_floors":[22,24,36,70,70,70,70,80,89],"current_hp_per_floor":[75,75,75,75,75,74,74,74,74,74,63,63,63,63,63,68,75,73,59,55,52,52,52,52,46,46,46,46,46,46,46,46,80,80,80,80,80,80,80,80,80,80,80,70,52,58,58,48,48,79,80,80,80,80,80,80,80,80,80,87,87,87,87,87,87,87,87,87,87,87,87,87,71,71,71,71,78,78,63,63,44,44,44,87,44,44,44,44,44,44,44,34,16,0],"gold":61,"neow_bonus":"","is_prod":false,"is_daily":false,"chose_seed":false,"campfire_upgraded":11,"win_rate":0,"timestamp":1530605225,"path_taken":["M","?","?","M","M","E","R","?","T","R","M","R","?","M","R","BOSS","M","?","?","M","$","E","$","E","T","?","M","R","M","E","R","BOSS","M","$","?","M","?","M","E","M","T","?","M","E","R","?","R","BOSS","M","M","$","?","M","R","M","?","T","M","M","M","M","M","R","BOSS","M","$","M","M","?","R","?","M","E","R","M","$","?","?","R","BOSS","M","M","M","$","?","R","?","M","E"],"build_version":"2018-06-29","purchased_purges":1,"victory":false,"max_hp_per_floor":[75,75,75,75,75,75,75,75,75,75,75,75,75,75,75,75,75,75,80,80,80,80,80,80,80,80,80,80,80,80,80,80,80,80,80,80,80,80,80,80,80,80,80,80,80,80,80,80,80,80,80,80,80,80,80,80,80,80,80,87,87,87,87,87,87,87,87,87,87,87,87,87,87,87,87,87,87,87,87,87,87,87,87,87,44,44,44,44,44,44,44,44,44,44],"card_choices":[{"not_picked":["Loop","Hologram"],"picked":"Genetic Algorithm","floor":0},{"not_picked":["Steam","Streamline"],"picked":"Cold Snap","floor":0},{"not_picked":["Compile Driver","Conserve Battery"],"picked":"Glacier","floor":0},{"not_picked":["Consume","Steam"],"picked":"BootSequence","floor":0},{"not_picked":["Turbo","Lockon"],"picked":"Rebound","floor":0},{"not_picked":["Hello World","Sweeping Beam"],"picked":"Genetic Algorithm","floor":0},{"not_picked":["Melter","Leap"],"picked":"Defragment","floor":0},{"not_picked":["Redo","Melter"],"picked":"Coolheaded","floor":0},{"not_picked":["Lockon","Consume"],"picked":"Leap","floor":0},{"not_picked":["Rebound","Compile Driver"],"picked":"Capacitor","floor":0},{"not_picked":["Cold Snap","Streamline"],"picked":"Ball Lightning","floor":0},{"not_picked":["Lockon","Scrape"],"picked":"Leap","floor":0},{"not_picked":["Rebound","Blizzard"],"picked":"Stack","floor":0},{"not_picked":["Rebound","Redo"],"picked":"Conserve Battery","floor":0},{"not_picked":["Streamline","Beam Cell"],"picked":"Turbo","floor":0},{"not_picked":["Consume","Streamline"],"picked":"Loop","floor":1},{"not_picked":["Beam Cell","Ball Lightning"],"picked":"Hologram","floor":2},{"not_picked":["Cold Snap","Coolheaded"],"picked":"Go for the Eyes","floor":3},{"not_picked":["FTL","Barrage"],"picked":"Creative AI","floor":4},{"not_picked":["Turbo","Steam"],"picked":"Conserve Battery","floor":5},{"not_picked":["Multi-Cast","Beam Cell"],"picked":"Buffer","floor":6},{"not_picked":["Static Discharge","Rebound","Stack"],"picked":"SKIP","floor":11},{"not_picked":["Stack","Melter","Steam"],"picked":"SKIP","floor":14},{"not_picked":["Biased Cognition","Creative AI"],"picked":"Electrodynamics","floor":16},{"not_picked":["Coolheaded","Cold Snap"],"picked":"Undo","floor":18},{"not_picked":["Doom and Gloom+1","Recycle"],"picked":"Compile Driver","floor":20},{"not_picked":["Sunder","Chaos","Melter"],"picked":"SKIP","floor":21},{"not_picked":["Go for the Eyes","Compile Driver"],"picked":"Amplify","floor":23},{"not_picked":["Redo+1","Gash"],"picked":"Glacier","floor":25},{"not_picked":["Barrage","Streamline"],"picked":"Capacitor","floor":28},{"not_picked":["Rebound","Redo+1"],"picked":"Steam Power+1","floor":30},{"not_picked":["Beam Cell+1","Turbo+1"],"picked":"Capacitor","floor":31},{"not_picked":["Ball Lightning+1","Gash+1","Turbo+1"],"picked":"SKIP","floor":35},{"not_picked":["BootSequence+1","Blizzard+1"],"picked":"Streamline+1","floor":38},{"not_picked":["Cold Snap","Coolheaded+1"],"picked":"Undo+1","floor":40},{"not_picked":["Gash+1","BootSequence+1"],"picked":"Coolheaded+1","floor":41},{"not_picked":["Auto Shields+1","BootSequence+1"],"picked":"Coolheaded+1","floor":42},{"not_picked":["Deep Breath+1","Panache"],"picked":"Secret Technique+1","floor":44},{"not_picked":["Finesse+1","Panacea+1"],"picked":"Secret Weapon+1","floor":44},{"not_picked":["Jack Of All Trades+1","Good Instincts+1"],"picked":"Deep Breath+1","floor":44},{"not_picked":["Coolheaded+1","Stack+1","Auto Shields+1"],"picked":"SKIP","floor":45},{"not_picked":["Coolheaded+1","Hello World+1"],"picked":"Self Repair","floor":46},{"not_picked":["Amplify+1","Hyperbeam+1"],"picked":"Buffer","floor":50},{"not_picked":["Barrage+1","Gash+1","Cold Snap+1"],"picked":"SKIP","floor":52},{"not_picked":["Beam Cell+1","Stack+1","Hello World"],"picked":"SKIP","floor":53},{"not_picked":["Compile Driver+1","Darkness+1"],"picked":"Glacier+1","floor":56},{"not_picked":["Ball Lightning+1","Capacitor"],"picked":"Tempest+1","floor":58},{"not_picked":["BootSequence+1","Compile Driver+1"],"picked":"Storm","floor":61},{"not_picked":["Reprogram+1","Gash+1","Recycle+1"],"picked":"SKIP","floor":62},{"not_picked":["Redo+1","Go for the Eyes+1"],"picked":"Double Energy+1","floor":63},{"not_picked":["Compile Driver+1","Rebound+1","Hyperbeam+1"],"picked":"SKIP","floor":64},{"not_picked":["Blizzard+1","Genetic Algorithm+1"],"picked":"Conserve Battery+1","floor":65},{"not_picked":["Thunder Strike+1","Hyperbeam+1"],"picked":"All For One+1","floor":67},{"not_picked":["Turbo+1","Leap+1"],"picked":"Hologram+1","floor":69},{"not_picked":["Stack+1","Streamline+1"],"picked":"Hologram+1","floor":71},{"not_picked":["Compile Driver+1","Darkness+1"],"picked":"White Noise+1","floor":72},{"not_picked":["Fusion+1","Coolheaded+1"],"picked":"Skim+1","floor":76},{"not_picked":["Sweeping Beam+1","Rebound+1","Rainbow+1"],"picked":"SKIP","floor":77},{"not_picked":["Turbo+1","Redo+1"],"picked":"Glacier+1","floor":79},{"not_picked":["Streamline+1","Skim+1"],"picked":"Self Repair","floor":81},{"not_picked":["Redo+1","Sweeping Beam+1"],"picked":"Ball Lightning+1","floor":86},{"not_picked":["Sweeping Beam+1","Conserve Battery+1"],"picked":"Defragment+1","floor":87},{"not_picked":["Go for the Eyes+1","Genetic Algorithm+1"],"picked":"Double Energy+1","floor":88},{"not_picked":["Cold Snap+1","Doom and Gloom+1","Rainbow+1"],"picked":"SKIP","floor":90},{"not_picked":["Flash of Steel+1","Jack Of All Trades+1"],"picked":"Deep Breath+1","floor":92},{"not_picked":["Trip+1","Purity+1"],"picked":"Mind Blast+1","floor":92},{"not_picked":["Blind+1","Enlightenment+1"],"picked":"Master of Strategy+1","floor":92},{"not_picked":["Loop","Tempest+1"],"picked":"Stack+1","floor":93}],"player_experience":282449,"relics_obtained":[{"floor":6,"key":"Cables"},{"floor":9,"key":"Pantograph"},{"floor":23,"key":"Lantern"},{"floor":25,"key":"Toxic Egg 2"},{"floor":26,"key":"Symbiotic Virus"},{"floor":26,"key":"Bag of Preparation"},{"floor":31,"key":"Bronze Scales"},{"floor":41,"key":"Regal Pillow"},{"floor":43,"key":"Molten Egg 2"},{"floor":43,"key":"Orichalcum"},{"floor":46,"key":"Smiling Mask"},{"floor":60,"key":"Strawberry"},{"floor":73,"key":"Enchiridion"}],"event_choices":[{"event_name":"Big Fish","player_choice":"Box","floor":8,"damage_taken":0},{"event_name":"Accursed Blacksmith","player_choice":"Forge","floor":13,"damage_taken":0},{"event_name":"Forgotten Altar","player_choice":"Shed Blood","floor":19,"damage_taken":0},{"event_name":"Drug Dealer","player_choice":"Ignored","floor":27,"damage_taken":0},{"event_name":"Tomb of Lord Red Mask","player_choice":"Paid","floor":37,"damage_taken":0},{"event_name":"Match and Keep!","player_choice":"2 cards matched","floor":39,"damage_taken":0},{"event_name":"SensoryStone","player_choice":"Memory 3","floor":44,"damage_taken":0},{"event_name":"Winding Halls","player_choice":"Embrace Madness","floor":48,"damage_taken":0},{"event_name":"Living Wall","player_choice":"Grow","floor":55,"damage_taken":0},{"event_name":"The Lab","player_choice":"Got Potions","floor":59,"damage_taken":0},{"event_name":"Cursed Tome","player_choice":"Obtained Book","floor":73,"damage_taken":0},{"event_name":"Addict","player_choice":"Obtained Relic","floor":75,"damage_taken":0},{"event_name":"Ghosts","player_choice":"Ignored","floor":82,"damage_taken":0},{"event_name":"SensoryStone","player_choice":"Memory 3","floor":92,"damage_taken":0}],"boss_relics":[{"not_picked":["Pandora\u0027s Box","Empty Cage"],"picked":"Coffee Dripper"},{"not_picked":["Runic Dome","White Beast Statue"],"picked":"Sozu"},{"not_picked":["Snecko Eye","Tiny House"],"picked":"Philosopher\u0027s Stone"},{"not_picked":["MetallicRebirth"],"picked":"TwistingMind"},{"not_picked":["Scatterbrain"],"picked":"BlightedDurian"}],"items_purged_floors":[22],"is_endless":true,"potions_floor_spawned":[1,6,11,14,16,20,21,25,30,31,33,35,40,56,61,62,63,71,77,81,84,86,88],"killed_by":"2 Orb Walkers","ascension_level":0}