{"gold_per_floor":[119,132,132,132,150,175,175,55,55,55,81,92,92,102,102,177,177,154,171,171,190,59,59,75,75,75,75,75,105,116,136,136,208,208,228,149,160,170,2,14,30,30,81,81,0,0,17,29,29,29],"floor_reached":51,"playtime":2392,"items_purged":[],"score":1478,"play_id":"116fe253-37f0-4ad4-8fe3-a1d65b36865a","local_time":"20181218134006","is_ascension_mode":true,"campfire_choices":[{"floor":7,"key":"REST"},{"data":"Streamline","floor":10,"key":"SMITH"},{"data":"Doom and Gloom","floor":13,"key":"SMITH"},{"floor":15,"key":"REST"},{"data":"Defragment","floor":23,"key":"SMITH"},{"data":"White Noise","floor":25,"key":"SMITH"},{"data":"Glacier","floor":28,"key":"SMITH"},{"data":"Capacitor","floor":32,"key":"SMITH"},{"data":"Hologram","floor":44,"key":"SMITH"},{"data":"Fission","floor":46,"key":"SMITH"},{"data":"Go for the Eyes","floor":49,"key":"SMITH"}],"neow_cost":"NONE","seed_source_timestamp":96449599305326,"circlet_count":0,"master_deck":["AscendersBane","Defend_B","Defend_B","Defend_B","Defend_B","Zap","Dualcast","Compile Driver","Sweeping Beam","Leap","Streamline+1","Chill","Doom and Gloom+1","Go for the Eyes+1","White Noise+1","Capacitor+1","Core Surge","Coolheaded+1","Self Repair","Glacier+1","Defragment+1","Conserve Battery","Undo+1","Fission+1","Parasite","Hologram+1","Barrage+1"],"relics":["Philosopher\u0027s Stone","Du-Vu Doll","Meat on the Bone","Torii","Empty Cage","Letter Opener","Bag of Preparation","Pocketwatch","Busted Crown","Potion Belt","Bag of Marbles","Red Mask"],"potions_floor_usage":[14,16,16,29,29,40,50,50,50],"damage_taken":[{"damage":2,"enemies":"Jaw Worm","floor":1,"turns":3},{"damage":2,"enemies":"Cultist","floor":2,"turns":3},{"damage":6,"enemies":"2 Louse","floor":5,"turns":2},{"damage":39,"enemies":"Gremlin Nob","floor":6,"turns":4},{"damage":19,"enemies":"Lagavulin","floor":11,"turns":5},{"damage":0,"enemies":"2 Fungi Beasts","floor":12,"turns":2},{"damage":10,"enemies":"Exordium Thugs","floor":14,"turns":3},{"damage":33,"enemies":"Slime Boss","floor":16,"turns":7},{"damage":25,"enemies":"2 Thieves","floor":18,"turns":4},{"damage":14,"enemies":"Spheric Guardian","floor":19,"turns":4},{"damage":33,"enemies":"Shelled Parasite and Fungi","floor":21,"turns":6},{"damage":0,"enemies":"Centurion and Healer","floor":24,"turns":8},{"damage":14,"enemies":"Gremlin Leader","floor":29,"turns":8},{"damage":0,"enemies":"Snecko","floor":30,"turns":5},{"damage":0,"enemies":"3 Cultists","floor":31,"turns":5},{"damage":20,"enemies":"Collector","floor":33,"turns":10},{"damage":0,"enemies":"3 Shapes","floor":35,"turns":3},{"damage":2,"enemies":"Orb Walker","floor":37,"turns":4},{"damage":8,"enemies":"Maw","floor":38,"turns":9},{"damage":6,"enemies":"Writhing Mass","floor":40,"turns":9},{"damage":13,"enemies":"3 Darklings","floor":41,"turns":5},{"damage":22,"enemies":"4 Shapes","floor":47,"turns":7},{"damage":0,"enemies":"Jaw Worm Horde","floor":48,"turns":3},{"damage":0,"enemies":"Time Eater","floor":50,"turns":14}],"seed_played":"-5470150442340994477","potions_obtained":[{"floor":6,"key":"Block Potion"},{"floor":14,"key":"Block Potion"},{"floor":18,"key":"PowerPotion"},{"floor":19,"key":"Fire Potion"},{"floor":30,"key":"AttackPotion"},{"floor":31,"key":"Explosive Potion"},{"floor":40,"key":"Swift Potion"},{"floor":41,"key":"SteroidPotion"}],"is_trial":false,"path_per_floor":["M","M","?","?","M","E","R","$","T","R","E","M","R","M","R","B",null,"M","M","T","M","$","R","M","R","T","$","R","E","M","M","R","B",null,"M","$","M","M","$","M","M","?","T","R","?","R","M","M","R","B",null],"character_chosen":"DEFECT","items_purchased":["Doom and Gloom","FocusPotion","Defragment","Conserve Battery","FocusPotion","Potion Belt"],"campfire_rested":2,"item_purchase_floors":[8,8,22,22,36,39],"current_hp_per_floor":[62,60,53,53,47,8,29,29,29,29,22,34,34,36,57,36,62,37,35,35,21,21,21,40,40,40,40,40,45,52,52,52,51,66,71,71,69,68,68,69,63,63,63,63,63,63,48,48,48,55],"gold":29,"neow_bonus":"BOSS_RELIC","is_prod":false,"is_daily":false,"chose_seed":false,"campfire_upgraded":9,"win_rate":0,"timestamp":1545136806,"path_taken":["M","M","?","?","M","E","R","$","T","R","E","M","R","M","R","BOSS","M","?","?","M","$","R","M","R","T","$","R","E","M","M","R","BOSS","M","?","M","M","$","M","M","?","T","R","?","R","M","M","R","BOSS"],"build_version":"2018-12-13","purchased_purges":0,"victory":true,"max_hp_per_floor":[71,71,71,71,71,71,71,71,71,71,71,71,71,71,71,71,71,71,71,71,71,71,71,71,71,71,71,71,71,71,71,71,71,71,71,71,71,71,71,71,71,71,71,71,71,71,71,71,71,71],"card_choices":[{"not_picked":["Beam Cell","Hello World"],"picked":"Compile Driver","floor":1},{"not_picked":["Fission","Conserve Battery"],"picked":"Sweeping Beam","floor":2},{"not_picked":["Barrage","Beam Cell"],"picked":"Streamline","floor":5},{"not_picked":["Meteor Strike","Gash"],"picked":"Chill","floor":6},{"not_picked":["Consume","Compile Driver"],"picked":"Go for the Eyes","floor":11},{"not_picked":["Gash","Compile Driver"],"picked":"White Noise","floor":12},{"not_picked":["Stack","Leap"],"picked":"Capacitor","floor":14},{"not_picked":["Creative AI","Reboot"],"picked":"Core Surge","floor":16},{"not_picked":["Compile Driver","Ball Lightning"],"picked":"Coolheaded+1","floor":18},{"not_picked":["Conserve Battery","Ball Lightning"],"picked":"Self Repair","floor":19},{"not_picked":["Conserve Battery","Compile Driver"],"picked":"Glacier","floor":21},{"not_picked":["Steam","Storm","Rebound"],"picked":"SKIP","floor":24},{"not_picked":["Rainbow","Ball Lightning"],"picked":"Undo+1","floor":29},{"not_picked":["Reinforced Body","Tempest","Go for the Eyes"],"picked":"SKIP","floor":30},{"not_picked":["Conserve Battery+1","Streamline+1","Recycle"],"picked":"SKIP","floor":31},{"not_picked":["Multi-Cast","Creative AI"],"picked":"Fission","floor":33},{"not_picked":["Streamline+1"],"picked":"SKIP","floor":35},{"not_picked":["Blizzard"],"picked":"SKIP","floor":37},{"not_picked":["Conserve Battery"],"picked":"SKIP","floor":38},{"not_picked":[],"picked":"Hologram","floor":40},{"not_picked":[],"picked":"Barrage+1","floor":41},{"not_picked":["Gash+1"],"picked":"SKIP","floor":47},{"not_picked":["Double Energy"],"picked":"SKIP","floor":48}],"player_experience":988043,"relics_obtained":[{"floor":6,"key":"Du-Vu Doll"},{"floor":9,"key":"Meat on the Bone"},{"floor":11,"key":"Torii"},{"floor":20,"key":"Letter Opener"},{"floor":26,"key":"Bag of Preparation"},{"floor":29,"key":"Pocketwatch"},{"floor":43,"key":"Bag of Marbles"}],"event_choices":[{"cards_removed":["Strike_B"],"damage_healed":0,"gold_gain":0,"player_choice":"Card Removal","damage_taken":7,"max_hp_gain":0,"max_hp_loss":0,"event_name":"Golden Wing","floor":3,"gold_loss":0},{"damage_healed":0,"gold_gain":0,"cards_transformed":["Strike_B"],"player_choice":"Transformed","damage_taken":0,"max_hp_gain":0,"max_hp_loss":0,"event_name":"Transmorgrifier","floor":4,"gold_loss":0,"cards_obtained":["Leap"]},{"damage_healed":0,"gold_gain":0,"player_choice":"Memory 1","damage_taken":0,"max_hp_gain":0,"max_hp_loss":0,"event_name":"SensoryStone","floor":42,"gold_loss":0},{"damage_healed":0,"gold_gain":0,"player_choice":"Paid","damage_taken":0,"relics_obtained":["Red Mask"],"max_hp_gain":0,"max_hp_loss":0,"event_name":"Tomb of Lord Red Mask","floor":45,"gold_loss":81}],"is_beta":false,"boss_relics":[{"not_picked":["Black Star","Fusion Hammer"],"picked":"Empty Cage"},{"not_picked":["Orrery","Calling Bell"],"picked":"Busted Crown"}],"items_purged_floors":[],"is_endless":false,"potions_floor_spawned":[6,11,14,18,19,30,31,35,40,41],"ascension_level":19}