{"gold_per_floor":[116,143,165,177,207,219,265,290,302,314,353,7,42,52,52,130,130,147,172,185,185,185,185,185],"floor_reached":24,"playtime":1038,"items_purged":["Strike_G"],"score":408,"play_id":"39ee12e7-bbe9-4f13-ae91-a1450874682e","local_time":"20190115134616","is_ascension_mode":true,"campfire_choices":[{"floor":6.0,"key":"REST"},{"data":"Deadly Poison","floor":10.0,"key":"SMITH"},{"floor":15.0,"key":"REST"},{"floor":23,"key":"REST"}],"neow_cost":"NONE","seed_source_timestamp":0,"circlet_count":0,"master_deck":["AscendersBane","Defend_G","Defend_G","Defend_G","Defend_G+1","Defend_G","Strike_G+1","Strike_G","Strike_G","Strike_G+1","Survivor","Neutralize","Dagger Spray+1","Poisoned Stab","Dash","Deadly Poison+1","PiercingWail","Die Die Die","Backflip","Catalyst","Blur"],"special_seed":0,"relics":["Ring of the Snake","Smiling Mask","MawBank","Whetstone","Sundial","Odd Mushroom","Membership Card","Snake Skull","Omamori","Velvet Choker","Red Mask"],"potions_floor_usage":[22],"damage_taken":[{"damage":4.0,"enemies":"Cultist","floor":1.0,"turns":5.0},{"damage":11.0,"enemies":"Small Slimes","floor":3.0,"turns":3.0},{"damage":0.0,"enemies":"2 Louse","floor":5.0,"turns":3.0},{"damage":12.0,"enemies":"3 Sentries","floor":7.0,"turns":4.0},{"damage":0.0,"enemies":"2 Fungi Beasts","floor":8.0,"turns":3.0},{"damage":2.0,"enemies":"The Mushroom Lair","floor":11.0,"turns":3.0},{"damage":11.0,"enemies":"Lagavulin","floor":13.0,"turns":6.0},{"damage":1.0,"enemies":"3 Louse","floor":14.0,"turns":3.0},{"damage":6.0,"enemies":"The Guardian","floor":16.0,"turns":10.0},{"damage":24.0,"enemies":"3 Byrds","floor":18.0,"turns":6.0},{"damage":7.0,"enemies":"Masked Bandits","floor":19.0,"turns":3.0},{"damage":12.0,"enemies":"Shell Parasite","floor":20.0,"turns":5.0},{"damage":8,"enemies":"Colosseum Slavers","floor":22,"turns":3},{"damage":32,"enemies":"Slavers","floor":24,"turns":4}],"seed_played":"3208729441887595743","potions_obtained":[{"floor":3.0,"key":"AttackPotion"},{"floor":7.0,"key":"Block Potion"},{"floor":11.0,"key":"GamblersBrew"},{"floor":19.0,"key":"FearPotion"}],"is_trial":false,"path_per_floor":["M","T","M","?","M","R","E","M","T","R","?","$","E","M","R","B",null,"M","?","M","?","?","R","E"],"character_chosen":"THE_SILENT","items_purchased":["Membership Card","Snake Skull"],"campfire_rested":3,"item_purchase_floors":[12,12],"current_hp_per_floor":[55,55,44,24,24,43,31,31,31,31,29,29,18,17,36,30,57,33,26,14,14,6,25,0],"gold":185,"neow_bonus":"RANDOM_COMMON_RELIC","is_prod":false,"is_daily":false,"chose_seed":false,"campfire_upgraded":1,"win_rate":0,"timestamp":1547556376,"path_taken":["M","?","M","?","M","R","E","M","T","R","?","$","E","M","R","BOSS","M","?","M","?","?","R","E"],"build_version":"2019-01-10","purchased_purges":1,"victory":false,"max_hp_per_floor":[66,66,66,66,66,66,66,66,66,66,66,66,66,66,66,66,66,66,66,66,66,66,66,66],"card_choices":[{"not_picked":["Backflip","Underhanded Strike"],"picked":"Dagger Spray","floor":1.0},{"not_picked":["Quick Slash","Backflip"],"picked":"Poisoned Stab","floor":3.0},{"not_picked":["Bouncing Flask","Sucker Punch"],"picked":"Dash","floor":5.0},{"not_picked":["Flying Knee","Deflect"],"picked":"Deadly Poison","floor":7.0},{"not_picked":["Prepared","Blade Dance"],"picked":"PiercingWail","floor":8.0},{"not_picked":["Infinite Blades","Masterful Stab","All Out Attack"],"picked":"SKIP","floor":13.0},{"not_picked":["Outmaneuver","Dodge and Roll","Flying Knee"],"picked":"SKIP","floor":14.0},{"not_picked":["Glass Knife","Storm of Steel"],"picked":"Die Die Die","floor":16.0},{"not_picked":["Choke","Predator"],"picked":"Backflip","floor":18.0},{"not_picked":["Cloak And Dagger","Deflect"],"picked":"Catalyst","floor":19.0},{"not_picked":["Deflect","Sucker Punch"],"picked":"Blur","floor":20.0}],"player_experience":1204954,"relics_obtained":[{"floor":2.0,"key":"MawBank"},{"floor":7.0,"key":"Whetstone"},{"floor":9.0,"key":"Sundial"},{"floor":11.0,"key":"Odd Mushroom"},{"floor":13.0,"key":"Omamori"},{"floor":19.0,"key":"Red Mask"}],"event_choices":[{"damage_healed":0.0,"max_hp_gain":0.0,"max_hp_loss":0.0,"gold_gain":0.0,"event_name":"Shining Light","player_choice":"Entered Light","floor":4.0,"gold_loss":0.0,"damage_taken":20.0,"cards_upgraded":["Defend_G","Strike_G"]},{"damage_healed":0.0,"max_hp_gain":0.0,"max_hp_loss":0.0,"gold_gain":0.0,"event_name":"Mushrooms","player_choice":"Fought Mushrooms","floor":11.0,"gold_loss":0.0,"damage_taken":0.0},{"damage_healed":0.0,"max_hp_gain":0.0,"max_hp_loss":0.0,"gold_gain":0.0,"event_name":"Masked Bandits","player_choice":"Fought Bandits","floor":19.0,"gold_loss":0.0,"damage_taken":0.0},{"damage_healed":0.0,"max_hp_gain":0.0,"max_hp_loss":0.0,"gold_gain":0.0,"event_name":"Vampires","player_choice":"Ignored","floor":21.0,"gold_loss":0.0,"damage_taken":0.0},{"damage_healed":0,"gold_gain":0,"player_choice":"Fight","damage_taken":0,"max_hp_gain":0,"max_hp_loss":0,"event_name":"Colosseum","floor":22,"gold_loss":0},{"damage_healed":0,"gold_gain":0,"player_choice":"Fled From Nobs","damage_taken":0,"max_hp_gain":0,"max_hp_loss":0,"event_name":"Colosseum","floor":22,"gold_loss":0}],"is_beta":false,"boss_relics":[{"not_picked":["White Beast Statue","Runic Pyramid"],"picked":"Velvet Choker"}],"items_purged_floors":[12],"is_endless":false,"potions_floor_spawned":[3,7,11,19,22],"killed_by":"Slavers","ascension_level":20}