{"gold_per_floor":[119,133,146,116,20,54,54,70,95,95,109,135,207,217,217,320,320,333,256,268,287,62,62,91,110,410,410,335,335,346,374,374,476,476,496,496,88,108,123,123,123,123,123,123,141,173,173,473,473,473],"floor_reached":51,"playtime":1828,"items_purged":["Strike_R"],"score":975,"play_id":"3fa7616d-d7a2-41b3-98b0-549f9f7e995b","local_time":"20180810153639","is_ascension_mode":true,"campfire_choices":[{"data":"Inflame","floor":7.0,"key":"SMITH"},{"floor":10.0,"key":"REST"},{"floor":15.0,"key":"REST"},{"data":"Limit Break","floor":23.0,"key":"SMITH"},{"floor":27.0,"key":"REST"},{"floor":29.0,"key":"REST"},{"data":"Demon Form","floor":32.0,"key":"SMITH"},{"floor":40,"key":"REST"},{"floor":42,"key":"REST"},{"data":"Flex","floor":44,"key":"SMITH"},{"data":"Flex","floor":47,"key":"SMITH"},{"data":"Heavy Blade","floor":49,"key":"SMITH"}],"neow_cost":"PERCENT_DAMAGE","seed_source_timestamp":0,"circlet_count":0,"master_deck":["Bash","Flex+1","Clothesline","Inflame+1","Flex+1","Sword Boomerang","Battle Trance","Limit Break+1","Anger","Demon Form+1","J.A.X.","Armaments+1","Thunderclap","Anger+1","Shrug It Off","True Grit","Shrug It Off","Heavy Blade+1","Anger","Cleave+1","Whirlwind+1","Dropkick+1"],"special_seed":0,"relics":["Burning Blood","Happy Flower","Centennial Puzzle","Bronze Scales","Busted Crown","Lantern","Oddly Smooth Stone","Old Coin","Red Skull","Pandora\u0027s Box","Sling","Whetstone","Potion Belt","Anchor"],"potions_floor_usage":[38,50,50,50],"damage_taken":[{"damage":2.0,"enemies":"Small Slimes","floor":1.0,"turns":4.0},{"damage":1.0,"enemies":"Cultist","floor":2.0,"turns":3.0},{"damage":8.0,"enemies":"2 Louse","floor":3.0,"turns":4.0},{"damage":31.0,"enemies":"3 Sentries","floor":6.0,"turns":11.0},{"damage":22.0,"enemies":"Exordium Wildlife","floor":8.0,"turns":5.0},{"damage":1.0,"enemies":"3 Louse","floor":11.0,"turns":2.0},{"damage":13.0,"enemies":"Gremlin Nob","floor":12.0,"turns":3.0},{"damage":14.0,"enemies":"Exordium Thugs","floor":14.0,"turns":2.0},{"damage":21.0,"enemies":"The Guardian","floor":16.0,"turns":6.0},{"damage":28.0,"enemies":"2 Thieves","floor":18.0,"turns":3.0},{"damage":6.0,"enemies":"Chosen","floor":20.0,"turns":3.0},{"damage":13.0,"enemies":"Sentry and Sphere","floor":21.0,"turns":4.0},{"damage":36.0,"enemies":"Book of Stabbing","floor":24.0,"turns":4.0},{"damage":29.0,"enemies":"Snecko","floor":25.0,"turns":6.0},{"damage":3.0,"enemies":"Centurion and Healer","floor":30.0,"turns":3.0},{"damage":20.0,"enemies":"Slavers","floor":31.0,"turns":3.0},{"damage":55.0,"enemies":"Champ","floor":33.0,"turns":5.0},{"damage":24,"enemies":"3 Darklings","floor":35,"turns":2},{"damage":32,"enemies":"3 Shapes","floor":38,"turns":3},{"damage":0,"enemies":"Sphere and 2 Shapes","floor":39,"turns":2},{"damage":3,"enemies":"3 Darklings","floor":45,"turns":2},{"damage":6,"enemies":"Giant Head","floor":46,"turns":4},{"damage":41,"enemies":"Donu and Deca","floor":50,"turns":5}],"seed_played":"-1866773492309167026","potions_obtained":[{"floor":3.0,"key":"Dexterity Potion"},{"floor":4.0,"key":"EssenceOfSteel"},{"floor":4.0,"key":"Block Potion"},{"floor":6.0,"key":"Dexterity Potion"},{"floor":12.0,"key":"Swift Potion"},{"floor":14.0,"key":"SpeedPotion"},{"floor":18.0,"key":"BloodPotion"},{"floor":25.0,"key":"Energy Potion"},{"floor":30.0,"key":"SpeedPotion"},{"floor":33.0,"key":"GamblersBrew"},{"floor":39,"key":"Energy Potion"},{"floor":45,"key":"SneckoOil"},{"floor":46,"key":"Ancient Potion"}],"is_trial":false,"path_per_floor":["M","M","M","?","$","E","R","M","T","R","M","E","?","M","R","B",null,"M","?","M","M","$","R","E","M","T","R","?","R","M","E","R","B",null,"M","?","$","M","M","R","?","R","T","R","M","E","R","?","R","B"],"character_chosen":"IRONCLAD","items_purchased":["Inflame","Flex","Lantern","Sling","Whetstone","Dexterity Potion"],"campfire_rested":6,"item_purchase_floors":[5,5,22,37,37,37],"current_hp_per_floor":[73,78,76,76,76,51,51,35,35,63,68,61,61,53,81,66,89,67,67,76,69,69,69,39,16,16,44,44,72,75,61,61,12,75,57,57,57,31,37,65,65,93,93,93,96,96,96,96,96,61],"gold":473,"neow_bonus":"TWENTY_PERCENT_HP_BONUS","is_prod":false,"is_daily":false,"chose_seed":false,"campfire_upgraded":6,"win_rate":0,"timestamp":1533908199,"path_taken":["M","M","M","?","$","E","R","M","T","R","M","E","?","M","R","BOSS","M","?","M","M","$","R","E","M","T","R","?","R","M","E","R","BOSS","M","?","$","M","M","R","?","R","T","R","?","E","R","?","R","BOSS"],"build_version":"2018-08-09","purchased_purges":1,"victory":true,"max_hp_per_floor":[96,96,96,96,96,96,96,96,96,96,96,96,96,96,96,96,96,96,96,96,96,96,96,96,96,96,96,96,96,96,96,96,96,96,96,96,96,96,96,96,96,96,96,96,96,96,96,96,96,96],"card_choices":[{"not_picked":["Evolve","Metallicize"],"picked":"Flex","floor":1.0},{"not_picked":["Combust","Rage","Rupture"],"picked":"SKIP","floor":2.0},{"not_picked":["Armaments","Dual Wield"],"picked":"Clothesline","floor":3.0},{"not_picked":["True Grit","Berserk"],"picked":"Sword Boomerang","floor":6.0},{"not_picked":["Disarm","Havoc"],"picked":"Twin Strike","floor":8.0},{"not_picked":["Shrug It Off","Intimidate"],"picked":"Battle Trance","floor":11.0},{"not_picked":["Bloodletting","Sword Boomerang"],"picked":"Limit Break","floor":12.0},{"not_picked":["Iron Wave","Warcry"],"picked":"Anger","floor":14.0},{"not_picked":["Immolate","Offering"],"picked":"Demon Form","floor":16.0},{"not_picked":["Iron Wave"],"picked":"SKIP","floor":18.0},{"not_picked":[],"picked":"Armaments+1","floor":20.0},{"not_picked":["Wild Strike+1"],"picked":"SKIP","floor":21.0},{"not_picked":["Body Slam+1"],"picked":"SKIP","floor":24.0},{"not_picked":["Rampage"],"picked":"SKIP","floor":25.0},{"not_picked":["Feel No Pain"],"picked":"SKIP","floor":30.0},{"not_picked":["Corruption+1"],"picked":"SKIP","floor":31.0},{"not_picked":["Warcry"],"picked":"SKIP","floor":35},{"not_picked":[],"picked":"Cleave+1","floor":38},{"not_picked":[],"picked":"Whirlwind+1","floor":39},{"not_picked":["Cleave"],"picked":"SKIP","floor":45},{"not_picked":[],"picked":"Dropkick+1","floor":46}],"player_experience":259489,"relics_obtained":[{"floor":6.0,"key":"Happy Flower"},{"floor":9.0,"key":"Centennial Puzzle"},{"floor":12.0,"key":"Bronze Scales"},{"floor":24.0,"key":"Oddly Smooth Stone"},{"floor":26.0,"key":"Old Coin"},{"floor":31.0,"key":"Red Skull"},{"floor":43,"key":"Potion Belt"},{"floor":46,"key":"Anchor"}],"event_choices":[{"event_name":"The Woman in Blue","player_choice":"Bought 2 Potions","floor":4.0,"damage_taken":0.0},{"event_name":"Golden Wing","player_choice":"Gained Gold","floor":13.0,"damage_taken":0.0},{"event_name":"Drug Dealer","player_choice":"Got JAXXED","floor":19.0,"damage_taken":0.0},{"event_name":"Beggar","player_choice":"Gave Gold","floor":28.0,"damage_taken":0.0},{"event_name":"Tomb of Lord Red Mask","player_choice":"Ignored","floor":36,"damage_taken":0},{"event_name":"Falling","player_choice":"Removed Attack","floor":41,"damage_taken":0},{"event_name":"Wheel of Change","player_choice":"Gold","floor":48,"damage_taken":0}],"is_beta":false,"boss_relics":[{"not_picked":["Sozu","Cursed Key"],"picked":"Busted Crown"},{"not_picked":["Fusion Hammer","Black Star"],"picked":"Pandora\u0027s Box"}],"items_purged_floors":[22],"is_endless":false,"potions_floor_spawned":[3,6,12,14,18,25,30,33,39,45,46],"ascension_level":5}