{"gold_per_floor":[112,112,126,51,70,102,102,120,120,120,137,137,172,195,195,294,294,310,140,153,167,181,181,199,233,233,332,332],"floor_reached":28,"playtime":1443,"items_purged":["Decay","Strike_R"],"score":350,"play_id":"00d11e8a-3988-429c-a929-30a34964e07e","local_time":"20180914141857","is_ascension_mode":true,"campfire_choices":[{"data":"Spot Weakness","floor":10,"key":"SMITH"},{"data":"Heavy Blade","floor":12,"key":"SMITH"},{"data":"Warcry","floor":15,"key":"SMITH"},{"data":"Pummel","floor":23,"key":"SMITH"}],"neow_cost":"CURSE","seed_source_timestamp":846212103986836,"circlet_count":0,"master_deck":["Strike_R","Strike_R","Strike_R","Strike_R","Defend_R","Defend_R","Defend_R","Defend_R","Bash","Reaper","Thunderclap","Spot Weakness+1","Warcry+1","Twin Strike","Heavy Blade+1","Sword Boomerang","Reaper","Twin Strike+1","Pummel+1","Rupture+1"],"relics":["Burning Blood","Bag of Preparation","Mercury Hourglass","Blood Vial","Pear","Odd Mushroom","Runic Pyramid","Champion Belt","Ancient Tea Set"],"potions_floor_usage":[16,16,16,25,25],"damage_taken":[{"damage":6,"enemies":"Small Slimes","floor":1,"turns":4},{"damage":10,"enemies":"Jaw Worm","floor":3,"turns":5},{"damage":1,"enemies":"Cultist","floor":5,"turns":3},{"damage":40,"enemies":"3 Sentries","floor":6,"turns":9},{"damage":6,"enemies":"Exordium Wildlife","floor":8,"turns":3},{"damage":17,"enemies":"Looter","floor":11,"turns":3},{"damage":18,"enemies":"Gremlin Nob","floor":13,"turns":3},{"damage":9,"enemies":"The Mushroom Lair","floor":14,"turns":2},{"damage":44,"enemies":"Hexaghost","floor":16,"turns":9},{"damage":21,"enemies":"Shell Parasite","floor":18,"turns":3},{"damage":4,"enemies":"3 Byrds","floor":20,"turns":4},{"damage":8,"enemies":"Cultist and Chosen","floor":21,"turns":4},{"damage":29,"enemies":"Centurion and Healer","floor":22,"turns":5},{"damage":21,"enemies":"Snake Plant","floor":24,"turns":3},{"damage":87,"enemies":"Book of Stabbing","floor":25,"turns":6},{"damage":21,"enemies":"Shelled Parasite and Fungi","floor":28,"turns":2}],"seed_played":"6605629963464633876","potions_obtained":[{"floor":5,"key":"Weak Potion"},{"floor":6,"key":"FearPotion"},{"floor":8,"key":"BloodPotion"},{"floor":14,"key":"Block Potion"},{"floor":16,"key":"LiquidBronze"},{"floor":22,"key":"EssenceOfSteel"}],"is_trial":false,"path_per_floor":["M","?","M","$","M","E","?","M","T","R","M","R","E","?","R","B",null,"M","$","M","M","M","R","M","E","T","?"],"character_chosen":"IRONCLAD","items_purchased":["Pummel"],"campfire_rested":0,"item_purchase_floors":[19],"current_hp_per_floor":[79,61,63,63,68,46,72,80,80,80,74,74,74,73,73,54,81,68,68,88,88,90,90,75,8,8,8,0],"gold":332,"neow_bonus":"THREE_RARE_CARDS","is_prod":false,"is_daily":false,"chose_seed":false,"campfire_upgraded":4,"win_rate":0,"timestamp":1536927537,"path_taken":["M","?","M","$","?","E","?","M","T","R","M","R","E","?","R","BOSS","M","$","M","M","M","R","M","E","T","?","M"],"build_version":"2018-09-06","purchased_purges":2,"victory":false,"max_hp_per_floor":[80,80,80,80,80,80,80,80,80,80,80,80,90,90,90,90,90,90,90,90,90,90,90,90,90,90,90,90],"card_choices":[{"not_picked":["Impervious","Exhume"],"picked":"Reaper","floor":0},{"not_picked":["Twin Strike","Havoc"],"picked":"Thunderclap","floor":1},{"not_picked":["Pummel","Rupture"],"picked":"Spot Weakness","floor":3},{"not_picked":["True Grit","Fire Breathing","Wild Strike"],"picked":"SKIP","floor":5},{"not_picked":["Anger","Thunderclap"],"picked":"Warcry","floor":6},{"not_picked":["Whirlwind","Havoc"],"picked":"Twin Strike","floor":8},{"not_picked":["Combust","Anger"],"picked":"Heavy Blade","floor":11},{"not_picked":["Dropkick","Infernal Blade"],"picked":"Sword Boomerang","floor":13},{"not_picked":["Bludgeon","Juggernaut"],"picked":"Reaper","floor":16},{"not_picked":["Flex","Armaments"],"picked":"Twin Strike+1","floor":18},{"not_picked":["Fire Breathing","Perfected Strike","Warcry"],"picked":"SKIP","floor":20},{"not_picked":["Anger","Whirlwind","Infernal Blade"],"picked":"SKIP","floor":21},{"not_picked":["Carnage","Warcry+1","Anger"],"picked":"SKIP","floor":22},{"not_picked":["Warcry","Cleave","Anger"],"picked":"SKIP","floor":24},{"not_picked":["Rampage","Havoc"],"picked":"Rupture+1","floor":25}],"player_experience":337203,"relics_obtained":[{"floor":6,"key":"Mercury Hourglass"},{"floor":9,"key":"Blood Vial"},{"floor":13,"key":"Pear"},{"floor":14,"key":"Odd Mushroom"},{"floor":25,"key":"Champion Belt"},{"floor":26,"key":"Ancient Tea Set"}],"event_choices":[{"event_name":"Scrap Ooze","player_choice":"success","floor":2,"damage_taken":18},{"event_name":"Big Fish","player_choice":"Banana","floor":7,"damage_taken":0},{"event_name":"Mushrooms","player_choice":"Fought Mushrooms","floor":14,"damage_taken":0},{"event_name":"Nest","player_choice":"Stole From Cult","floor":27,"damage_taken":0}],"is_beta":false,"boss_relics":[{"not_picked":["Calling Bell","Ectoplasm"],"picked":"Runic Pyramid"}],"items_purged_floors":[4,19],"is_endless":false,"potions_floor_spawned":[5,6,8,14,16,22],"killed_by":"Shelled Parasite and Fungi","ascension_level":8}