{"gold_per_floor":[109,127,139,314,330,330,356,373,373,393,393,393,393,393,393,495,495,506,172,185,202,213,213,130,130,130,144,144],"floor_reached":28,"playtime":1407,"items_purged":["Doubt"],"score":258,"play_id":"0c03c447-7779-4c08-b72f-f83bc595aedc","local_time":"20180815102121","is_ascension_mode":true,"campfire_choices":[{"data":"Go for the Eyes","floor":6,"key":"SMITH"},{"data":"Zap","floor":11,"key":"SMITH"},{"data":"Creative AI","floor":15,"key":"SMITH"},{"data":"Buffer","floor":23,"key":"SMITH"},{"data":"Defragment","floor":25,"key":"SMITH"}],"neow_cost":"NONE","seed_source_timestamp":506522367914080,"circlet_count":0,"master_deck":["Strike_B","Strike_B","Strike_B","Strike_B","Defend_B","Defend_B","Defend_B","Defend_B","Zap+1","Dualcast","Cold Snap","FTL","Go for the Eyes+1","Cold Snap","Creative AI+1","Reprogram","Buffer+1","Conserve Battery+1","Doom and Gloom","Defragment+1","Leap","Pain","Sweeping Beam+1"],"relics":["Coffee Dripper","Darkstone Periapt","Ornamental Fan","Anchor","Cursed Key","Question Card","Gremlin Horn"],"potions_floor_usage":[14,27,28,28],"damage_taken":[{"damage":3,"enemies":"Jaw Worm","floor":1,"turns":4},{"damage":0,"enemies":"2 Louse","floor":2,"turns":2},{"damage":0,"enemies":"Small Slimes","floor":3,"turns":4},{"damage":6,"enemies":"Looter","floor":5,"turns":3},{"damage":28,"enemies":"Gremlin Nob","floor":7,"turns":5},{"damage":19,"enemies":"3 Louse","floor":8,"turns":4},{"damage":8,"enemies":"Exordium Wildlife","floor":10,"turns":5},{"damage":0,"enemies":"Large Slime","floor":14,"turns":1},{"damage":7,"enemies":"Hexaghost","floor":16,"turns":10},{"damage":16,"enemies":"Spheric Guardian","floor":18,"turns":5},{"damage":0,"enemies":"Shell Parasite","floor":20,"turns":7},{"damage":15,"enemies":"Snake Plant","floor":21,"turns":6},{"damage":3,"enemies":"Centurion and Healer","floor":22,"turns":9},{"damage":35,"enemies":"Cultist and Chosen","floor":27,"turns":7},{"damage":12,"enemies":"Snake Plant","floor":28,"turns":4}],"seed_played":"-494903195117692336","potions_obtained":[{"floor":1,"key":"SpeedPotion"},{"floor":2,"key":"Dexterity Potion"},{"floor":3,"key":"SmokeBomb"},{"floor":27,"key":"Fire Potion"}],"is_trial":false,"path_per_floor":["M","M","M","?","M","R","E","M","T","M","R","?","?","M","R","B",null,"M","$","M","M","M","R","$","R","T","M"],"character_chosen":"DEFECT","items_purchased":["Question Card","Defragment","Leap"],"campfire_rested":0,"item_purchase_floors":[19,24,24],"current_hp_per_floor":[72,72,72,72,66,66,38,19,19,11,11,11,11,11,11,4,75,59,59,59,44,41,41,41,41,47,12,0],"gold":144,"neow_bonus":"BOSS_RELIC","is_prod":false,"is_daily":false,"chose_seed":false,"campfire_upgraded":5,"win_rate":0,"timestamp":1534321281,"path_taken":["M","M","M","?","M","R","E","M","T","M","R","?","?","M","R","BOSS","M","$","M","M","M","R","$","R","T","M","?"],"build_version":"2018-08-09","purchased_purges":1,"victory":false,"max_hp_per_floor":[75,75,75,75,75,75,75,75,75,75,75,75,75,75,75,75,75,75,75,75,75,75,75,75,75,81,81,81],"card_choices":[{"not_picked":["Steam","Tempest"],"picked":"Cold Snap","floor":1},{"not_picked":["Lockon","Steam"],"picked":"FTL","floor":2},{"not_picked":["Double Energy","Conserve Battery"],"picked":"Go for the Eyes","floor":3},{"not_picked":["Gash","Turbo"],"picked":"Cold Snap","floor":5},{"not_picked":["Go for the Eyes","Streamline"],"picked":"Creative AI","floor":7},{"not_picked":["Consume","Double Energy","Gash"],"picked":"SKIP","floor":8},{"not_picked":["Consume","Double Energy"],"picked":"Reprogram","floor":10},{"not_picked":["Biased Cognition","Amplify"],"picked":"Buffer","floor":16},{"not_picked":["Go for the Eyes+1","Turbo"],"picked":"Conserve Battery+1","floor":18},{"not_picked":["Coolheaded","Darkness+1","Lockon+1"],"picked":"Doom and Gloom","floor":20},{"not_picked":["Steam","Rebound","Fusion+1","Undo"],"picked":"SKIP","floor":21},{"not_picked":["Capacitor","Stack","Turbo","Redo"],"picked":"SKIP","floor":22},{"not_picked":["Turbo+1","Blizzard","Beam Cell"],"picked":"Sweeping Beam+1","floor":27}],"player_experience":266568,"relics_obtained":[{"floor":7,"key":"Darkstone Periapt"},{"floor":9,"key":"Ornamental Fan"},{"floor":26,"key":"Gremlin Horn"}],"event_choices":[{"event_name":"Liars Game","player_choice":"agreed","floor":4,"damage_taken":0},{"event_name":"Dead Adventurer","player_choice":"Searched \u00271\u0027 times","floor":12,"damage_taken":0},{"event_name":"Golden Wing","player_choice":"Ignored","floor":13,"damage_taken":0}],"is_beta":false,"boss_relics":[{"not_picked":["Black Star","Runic Dome"],"picked":"Cursed Key"}],"items_purged_floors":[19],"is_endless":false,"potions_floor_spawned":[1,2,3,7,27],"killed_by":"Snake Plant","ascension_level":3}