{"gold_per_floor":[110,110,110,126,126,126,23,23,23,53,0,20,50,76,76,149,149,162,162,175,187,187,187,204,204,204,204,204],"floor_reached":28,"playtime":899,"items_purged":[],"score":478,"play_id":"8a63acf6-dc0e-4ccd-a064-7ec841350705","local_time":"20190109140545","is_ascension_mode":true,"campfire_choices":[{"data":"Cold Snap","floor":6,"key":"SMITH"},{"data":"Doom and Gloom","floor":8,"key":"SMITH"},{"data":"Defend_B","floor":15,"key":"SMITH"},{"data":"Loop","floor":23,"key":"SMITH"},{"floor":25,"key":"REST"},{"floor":27,"key":"REST"}],"neow_cost":"NONE","seed_source_timestamp":97660773533597,"circlet_count":0,"master_deck":["AscendersBane","Strike_B","Strike_B","Strike_B+1","Strike_B","Defend_B+1","Defend_B+1","Defend_B","Defend_B","Zap+1","Dualcast","Cold Snap+1","Leap+1","Hologram+1","Doom and Gloom+1","Ball Lightning","Stack+1","Redo+1","Multi-Cast+1","Melter","Hologram+1","Loop+1","Fusion+1"],"relics":["Cracked Core","NeowsBlessing","Toxic Egg 2","Matryoshka","Shuriken","Odd Mushroom","Oddly Smooth Stone","Juzu Bracelet","Nuclear Battery","Sundial","Pear"],"potions_floor_usage":[13,24,28,28],"damage_taken":[{"damage":0,"enemies":"Cultist","floor":1,"turns":1},{"damage":0,"enemies":"Jaw Worm","floor":4,"turns":1},{"damage":0,"enemies":"Lagavulin","floor":10,"turns":1},{"damage":3,"enemies":"2 Louse","floor":12,"turns":3},{"damage":0,"enemies":"The Mushroom Lair","floor":13,"turns":3},{"damage":23,"enemies":"Hexaghost","floor":16,"turns":9},{"damage":16,"enemies":"Shell Parasite","floor":18,"turns":4},{"damage":5,"enemies":"3 Byrds","floor":20,"turns":5},{"damage":9,"enemies":"Cultist and Chosen","floor":21,"turns":6},{"damage":13,"enemies":"Snake Plant","floor":24,"turns":4},{"damage":69,"enemies":"Book of Stabbing","floor":28,"turns":5}],"seed_played":"-8658486169305151344","potions_obtained":[{"floor":12,"key":"SkillPotion"},{"floor":13,"key":"SpeedPotion"},{"floor":16,"key":"Block Potion"},{"floor":18,"key":"FocusPotion"},{"floor":24,"key":"Swift Potion"}],"is_trial":false,"path_per_floor":["M","?","T","M","?","R","$","R","T","E","$","M","?","T","R","B",null,"M","?","M","M","?","R","M","R","T","R","E"],"character_chosen":"DEFECT","items_purchased":["Hologram+1","Doom and Gloom","Stack+1"],"campfire_rested":2,"item_purchase_floors":[7,7,11],"current_hp_per_floor":[64,43,43,43,43,43,43,43,43,43,43,40,40,40,40,17,58,42,35,30,21,21,21,8,29,39,63,0],"gold":204,"neow_bonus":"THREE_ENEMY_KILL","is_prod":false,"is_daily":false,"chose_seed":false,"campfire_upgraded":4,"win_rate":0,"timestamp":1547039145,"path_taken":["M","?","?","M","?","R","$","R","T","E","$","M","?","?","R","BOSS","M","?","M","M","?","R","M","R","T","R","E"],"build_version":"2019-01-03v4","purchased_purges":0,"victory":false,"max_hp_per_floor":[71,71,71,71,71,71,71,71,71,71,71,71,71,71,71,71,71,71,71,71,71,71,71,71,71,81,81,81],"card_choices":[{"not_picked":["Coolheaded","Rebound"],"picked":"Cold Snap","floor":1},{"not_picked":["Darkness+1","Barrage"],"picked":"Leap+1","floor":4},{"not_picked":["Auto Shields+1","Reinforced Body+1"],"picked":"Ball Lightning","floor":10},{"not_picked":["Cold Snap","Ball Lightning"],"picked":"Redo+1","floor":12},{"not_picked":["Echo Form","Meteor Strike"],"picked":"Multi-Cast+1","floor":16},{"not_picked":["Chill+1","Skim+1"],"picked":"Melter","floor":18},{"not_picked":["Reprogram+1","Cold Snap"],"picked":"Hologram+1","floor":20},{"not_picked":["Reinforced Body+1","Ball Lightning"],"picked":"Loop","floor":21},{"not_picked":["Static Discharge","Hologram+1"],"picked":"Fusion+1","floor":24}],"player_experience":1143440,"relics_obtained":[{"floor":3,"key":"Toxic Egg 2"},{"floor":9,"key":"Matryoshka"},{"floor":10,"key":"Shuriken"},{"floor":13,"key":"Odd Mushroom"},{"floor":14,"key":"Oddly Smooth Stone"},{"floor":14,"key":"Juzu Bracelet"},{"floor":26,"key":"Sundial"},{"floor":26,"key":"Pear"}],"event_choices":[{"damage_healed":0,"gold_gain":0,"player_choice":"Entered Light","damage_taken":21,"max_hp_gain":0,"max_hp_loss":0,"event_name":"Shining Light","floor":2,"gold_loss":0,"cards_upgraded":["Defend_B","Strike_B"]},{"damage_healed":0,"gold_gain":0,"player_choice":"Grow","damage_taken":0,"max_hp_gain":0,"max_hp_loss":0,"event_name":"Living Wall","floor":5,"gold_loss":0,"cards_upgraded":["Zap"]},{"damage_healed":0,"gold_gain":0,"player_choice":"Fought Mushrooms","damage_taken":0,"max_hp_gain":0,"max_hp_loss":0,"event_name":"Mushrooms","floor":13,"gold_loss":0},{"damage_healed":0,"gold_gain":0,"player_choice":"","damage_taken":7,"max_hp_gain":0,"max_hp_loss":0,"event_name":"Knowing Skull","floor":19,"potions_obtained":[],"gold_loss":0,"cards_obtained":[]},{"damage_healed":0,"gold_gain":0,"player_choice":"Ignored","damage_taken":0,"max_hp_gain":0,"max_hp_loss":0,"event_name":"The Mausoleum","floor":22,"gold_loss":0}],"is_beta":false,"boss_relics":[{"not_picked":["FrozenCore","Snecko Eye"],"picked":"Nuclear Battery"}],"items_purged_floors":[],"is_endless":false,"potions_floor_spawned":[12,13,16,18,24],"killed_by":"Book of Stabbing","ascension_level":20}