{"path_per_floor":["M","?","M","?","M","E","?","R","T","R","E","T","E","M","R","B",null,"M","?","$","$","?","$","E","M","T"],"character_chosen":"IRONCLAD","items_purchased":["Omamori","Finesse","Sadistic Nature","Dramatic Entrance","Combust"],"gold_per_floor":[117,192,203,203,216,252,352,352,352,352,390,390,423,446,446,577,577,590,590,138,49,49,9,52,71,98,98],"floor_reached":27,"campfire_rested":0,"playtime":2060,"current_hp_per_floor":[80,69,75,75,79,73,73,73,73,73,65,65,57,80,80,40,80,80,80,80,80,80,80,31,25,25,0],"items_purged":[],"gold":98,"score":284,"play_id":"2ab8564e-e5b8-40b1-b85e-9428e9b24d9b","local_time":"20180507235145","is_prod":false,"is_daily":false,"chose_seed":false,"is_ascension_mode":true,"campfire_upgraded":3,"timestamp":1525762305,"path_taken":["M","?","?","?","M","E","?","R","T","R","E","?","E","M","R","BOSS","M","?","?","$","?","$","E","M","T","E"],"build_version":"2018-05-03","seed_source_timestamp":1054662161654699,"purchased_purges":0,"victory":false,"master_deck":["Bash+1","Battle Trance","Flame Barrier","Injury","Pommel Strike+1","Flex","Reaper+1","Shrug It Off","Fire Breathing+1","Impervious","Anger+1","Pommel Strike+1","Intimidate","Wild Strike+1","Flex","Armaments","Entrench","Armaments","Finesse","Sadistic Nature","Dramatic Entrance+1","Corruption","Combust","Pommel Strike+1","Cleave+1"],"max_hp_per_floor":[80,80,80,80,80,80,80,80,80,80,80,80,80,80,80,80,80,80,80,80,80,80,80,80,80,80,80],"relics":["Burning Blood","War Paint","Golden Idol","Shuriken","Blood Vial","Molten Egg 2","Smiling Mask","Bottled Flame","Pandora\u0027s Box","Omamori","Matryoshka","Art of War","Prayer Wheel"],"card_choices":[{"not_picked":["Cleave","Heavy Blade"],"picked":"Battle Trance","floor":1},{"not_picked":["Body Slam","Intimidate"],"picked":"Flame Barrier","floor":3},{"not_picked":["Headbutt","Twin Strike"],"picked":"Pommel Strike","floor":5},{"not_picked":["Clothesline","Pommel Strike"],"picked":"Flex","floor":6},{"not_picked":["Power Through","Shrug It Off"],"picked":"Reaper","floor":11},{"not_picked":["Pommel Strike","True Grit"],"picked":"Shrug It Off","floor":13},{"not_picked":["Reckless Charge","Havoc"],"picked":"Fire Breathing","floor":14},{"not_picked":["Barricade","Double Tap"],"picked":"Impervious","floor":16},{"not_picked":["Cleave","Armaments"],"picked":"Pommel Strike","floor":24},{"not_picked":["Warcry","Bloodletting"],"picked":"Cleave","floor":25}],"player_experience":352192,"potions_floor_usage":[6,13,18,25,27],"damage_taken":[{"damage":2,"enemies":"Jaw Worm","floor":1,"turns":4},{"damage":0,"enemies":"2 Louse","floor":3,"turns":3},{"damage":2,"enemies":"Cultist","floor":5,"turns":4},{"damage":12,"enemies":"3 Sentries","floor":6,"turns":10},{"damage":16,"enemies":"Gremlin Nob","floor":11,"turns":4},{"damage":25,"enemies":"Lagavulin","floor":13,"turns":6},{"damage":1,"enemies":"3 Louse","floor":14,"turns":4},{"damage":58,"enemies":"The Guardian","floor":16,"turns":15},{"damage":7,"enemies":"2 Thieves","floor":18,"turns":5},{"damage":65,"enemies":"Slavers","floor":24,"turns":6},{"damage":14,"enemies":"Shell Parasite","floor":25,"turns":3},{"damage":30,"enemies":"Book of Stabbing","floor":27,"turns":4}],"event_choices":[{"event_name":"World of Goop","player_choice":"Gather Gold","floor":2,"damage_taken":0},{"event_name":"Golden Idol","player_choice":"Take Wound","floor":4,"damage_taken":0},{"event_name":"Golden Shrine","player_choice":"Pray","floor":7,"damage_taken":0},{"event_name":"Purifier","player_choice":"One Purge","floor":19,"damage_taken":0},{"event_name":"The Library","player_choice":"Read","floor":22,"damage_taken":0}],"boss_relics":[{"not_picked":["Black Star","Snecko Eye"],"picked":"Pandora\u0027s Box"}],"potions_floor_spawned":[3,5,16,18,25],"seed_played":"-390103746320246794","killed_by":"Book of Stabbing","ascension_level":3,"is_trial":false}