{"gold_per_floor":[110,60,74,74,26,26,56,56,56,76,91,37,37,64,64,162,162,179,196,208,225,225,225,225,103,103,121,135,135,135,61,61,163,163,173,191,0,0,0,0,0,30,30,42,86,138,138,23,23,23],"floor_reached":50,"playtime":3056,"items_purged":["Defend_R"],"score":528,"play_id":"1ed0a617-7a4a-461c-97d6-40df50e868ce","local_time":"20181221230405","is_ascension_mode":false,"campfire_choices":[{"floor":6,"key":"RECALL"},{"data":"Armaments","floor":8,"key":"SMITH"},{"data":"Armaments","floor":15,"key":"SMITH"},{"data":"Dark Embrace","floor":23,"key":"SMITH"},{"data":"Corruption","floor":29,"key":"SMITH"},{"data":"Bash","floor":32,"key":"SMITH"},{"data":"Mayhem","floor":40,"key":"SMITH"},{"data":"Body Slam","floor":47,"key":"SMITH"},{"data":"Demon Form","floor":49,"key":"SMITH"}],"neow_cost":"NONE","seed_source_timestamp":550155035266888,"circlet_count":0,"master_deck":["Strike_R","Strike_R","Strike_R","Defend_R","Bash+1","True Grit","Armaments+1","True Grit","Armaments+1","Corruption+1","Reckless Charge","Twin Strike","Flex","Inflame","Dark Embrace+1","Infernal Blade+1","Inflame+1","Twin Strike+1","Metallicize","Shrug It Off","Intimidate+1","Spot Weakness+1","Intimidate+1","Disarm+1","Demon Form+1","Infernal Blade+1","Body Slam+1","Transmutation+1","Bandage Up+1","Mayhem+1","Pummel+1","Shrug It Off+1","Pommel Strike+1","Havoc+1","Exhume+1"],"relics":["Coffee Dripper","Mango","Mercury Hourglass","Eternal Feather","MutagenicStrength","Toxic Egg 2","White Beast Statue","Red Mask","Frozen Egg 2","Letter Opener","Charon\u0027s Ashes"],"potions_floor_usage":[7,11,11,16,21,27,28,42,42,44,46,50,50],"damage_taken":[{"damage":1,"enemies":"Jaw Worm","floor":1,"turns":4},{"damage":0,"enemies":"Small Slimes","floor":3,"turns":3},{"damage":22,"enemies":"Lagavulin","floor":7,"turns":10},{"damage":0,"enemies":"Cultist","floor":10,"turns":3},{"damage":0,"enemies":"Large Slime","floor":11,"turns":6},{"damage":24,"enemies":"Gremlin Nob","floor":14,"turns":4},{"damage":10,"enemies":"Slime Boss","floor":16,"turns":8},{"damage":19,"enemies":"Shell Parasite","floor":18,"turns":5},{"damage":18,"enemies":"2 Thieves","floor":19,"turns":4},{"damage":3,"enemies":"Cultist and Chosen","floor":20,"turns":4},{"damage":35,"enemies":"Snecko","floor":21,"turns":5},{"damage":17,"enemies":"Chosen and Byrds","floor":27,"turns":5},{"damage":0,"enemies":"Snake Plant","floor":28,"turns":3},{"damage":45,"enemies":"Automaton","floor":33,"turns":7},{"damage":10,"enemies":"Orb Walker","floor":35,"turns":4},{"damage":13,"enemies":"3 Darklings","floor":36,"turns":4},{"damage":36,"enemies":"Reptomancer","floor":42,"turns":6},{"damage":10,"enemies":"Transient","floor":44,"turns":5},{"damage":11,"enemies":"Sphere and 2 Shapes","floor":45,"turns":4},{"damage":35,"enemies":"2 Orb Walkers","floor":46,"turns":4},{"damage":71,"enemies":"Time Eater","floor":50,"turns":7}],"seed_played":"-3232113484730492767","potions_obtained":[{"floor":1,"key":"Fire Potion"},{"floor":7,"key":"Energy Potion"},{"floor":10,"key":"EssenceOfSteel"},{"floor":14,"key":"LiquidBronze"},{"floor":20,"key":"Regen Potion"},{"floor":21,"key":"BloodPotion"},{"floor":27,"key":"Regen Potion"},{"floor":35,"key":"GamblersBrew"},{"floor":36,"key":"Explosive Potion"},{"floor":42,"key":"Regen Potion"},{"floor":44,"key":"Strength Potion"},{"floor":45,"key":"PowerPotion"},{"floor":46,"key":"SteroidPotion"}],"is_trial":false,"path_per_floor":["M","?","M","?","$","R","E","R","T","M","M","$","?","E","R","B",null,"M","M","M","M","?","R","?","$","T","M","M","R","?","$","R","B",null,"M","M","?","?","$","R","?","E","T","M","M","?","R","$","R","B"],"character_chosen":"IRONCLAD","items_purchased":["True Grit","Twin Strike","Shrug It Off","Disarm+1","Havoc+1","Exhume+1"],"campfire_rested":0,"item_purchase_floors":[5,12,25,31,48,48],"current_hp_per_floor":[79,79,79,72,72,72,64,64,64,64,64,64,64,40,40,30,94,75,57,54,33,33,45,45,45,45,37,46,58,58,58,73,28,94,84,71,71,61,61,79,79,49,49,60,55,20,38,38,59,0],"gold":23,"neow_bonus":"BOSS_RELIC","is_prod":false,"is_daily":false,"chose_seed":false,"campfire_upgraded":8,"win_rate":0,"timestamp":1545458645,"path_taken":["M","?","M","?","?","R","E","R","T","M","?","$","?","E","R","BOSS","M","M","M","?","?","R","?","$","T","?","M","R","?","$","R","BOSS","M","?","?","?","$","R","?","E","T","?","M","?","R","$","R","BOSS"],"build_version":"2018-12-20","purchased_purges":1,"victory":false,"max_hp_per_floor":[80,80,80,80,80,80,94,94,94,94,94,94,94,94,94,94,94,94,94,94,94,94,94,94,94,94,94,94,94,94,94,94,94,94,94,94,94,94,94,94,94,94,94,94,94,94,94,94,94,94],"card_choices":[{"not_picked":["Power Through","Iron Wave"],"picked":"True Grit","floor":1},{"not_picked":["Flex","Fire Breathing"],"picked":"Armaments","floor":3},{"not_picked":["Bloodletting","True Grit"],"picked":"Armaments","floor":7},{"not_picked":["Body Slam","Havoc"],"picked":"Corruption","floor":10},{"not_picked":["Seeing Red","Searing Blow"],"picked":"Reckless Charge","floor":11},{"not_picked":["Iron Wave","Brutality"],"picked":"Inflame","floor":14},{"not_picked":["Immolate","Limit Break"],"picked":"Dark Embrace","floor":16},{"not_picked":["Anger","Body Slam"],"picked":"Infernal Blade+1","floor":18},{"not_picked":["Iron Wave","Infernal Blade"],"picked":"Inflame+1","floor":19},{"not_picked":["Spot Weakness","Armaments"],"picked":"Twin Strike+1","floor":20},{"not_picked":["Flex","Headbutt+1"],"picked":"Metallicize","floor":21},{"not_picked":["Havoc+1","Immolate"],"picked":"Intimidate+1","floor":27},{"not_picked":["Dropkick","Rampage"],"picked":"Spot Weakness+1","floor":28},{"not_picked":["Impervious+1","Feed"],"picked":"Demon Form","floor":33},{"not_picked":["Armaments+1","Body Slam"],"picked":"Infernal Blade+1","floor":35},{"not_picked":["Power Through+1","Clash+1"],"picked":"Body Slam","floor":36},{"not_picked":["Forethought+1","Blind+1"],"picked":"Transmutation+1","floor":38},{"not_picked":["Trip+1","Purity+1"],"picked":"Bandage Up+1","floor":38},{"not_picked":["Purity+1","Discovery+1"],"picked":"Mayhem","floor":38},{"not_picked":["True Grit+1","Corruption"],"picked":"Pummel+1","floor":42},{"not_picked":["Clash","Cleave","Power Through+1"],"picked":"SKIP","floor":44},{"not_picked":["Ghostly Armor+1","Uppercut+1"],"picked":"Shrug It Off+1","floor":45},{"not_picked":["Carnage+1","Twin Strike"],"picked":"Pommel Strike+1","floor":46}],"player_experience":268112,"relics_obtained":[{"floor":7,"key":"Mango"},{"floor":14,"key":"Mercury Hourglass"},{"floor":26,"key":"Toxic Egg 2"},{"floor":42,"key":"Frozen Egg 2"},{"floor":43,"key":"Letter Opener"},{"floor":46,"key":"Charon\u0027s Ashes"}],"event_choices":[{"cards_removed":["Strike_R"],"damage_healed":0,"gold_gain":0,"player_choice":"Card Removal","damage_taken":0,"max_hp_gain":0,"max_hp_loss":0,"event_name":"The Cleric","floor":2,"gold_loss":50},{"cards_removed":["Defend_R"],"damage_healed":0,"gold_gain":0,"player_choice":"Card Removal","damage_taken":7,"max_hp_gain":0,"max_hp_loss":0,"event_name":"Golden Wing","floor":4,"gold_loss":0},{"damage_healed":0,"gold_gain":0,"cards_transformed":["Defend_R"],"player_choice":"Transformed","damage_taken":0,"max_hp_gain":0,"max_hp_loss":0,"event_name":"Transmorgrifier","floor":13,"gold_loss":0,"cards_obtained":["Flex"]},{"damage_healed":0,"gold_gain":0,"player_choice":"Inject Mutagens","damage_taken":0,"relics_obtained":["MutagenicStrength"],"max_hp_gain":0,"max_hp_loss":0,"event_name":"Drug Dealer","floor":22,"gold_loss":0},{"damage_healed":0,"gold_gain":0,"player_choice":"Ignored","damage_taken":0,"max_hp_gain":0,"max_hp_loss":0,"event_name":"Ghosts","floor":24,"gold_loss":0},{"damage_healed":0,"gold_gain":0,"player_choice":"Copied","damage_taken":0,"max_hp_gain":0,"max_hp_loss":0,"event_name":"Duplicator","floor":30,"gold_loss":0,"cards_obtained":["Intimidate"]},{"damage_healed":0,"gold_gain":0,"player_choice":"Paid","damage_taken":0,"relics_obtained":["Red Mask"],"max_hp_gain":0,"max_hp_loss":0,"event_name":"Tomb of Lord Red Mask","floor":37,"gold_loss":191},{"damage_healed":0,"gold_gain":0,"player_choice":"Memory 3","damage_taken":10,"max_hp_gain":0,"max_hp_loss":0,"event_name":"SensoryStone","floor":38,"gold_loss":0},{"cards_removed":["Strike_R"],"damage_healed":0,"gold_gain":0,"player_choice":"Removed Attack","damage_taken":0,"max_hp_gain":0,"max_hp_loss":0,"event_name":"Falling","floor":41,"gold_loss":0},{"damage_healed":0,"gold_gain":0,"player_choice":"Fight","damage_taken":0,"max_hp_gain":0,"max_hp_loss":0,"event_name":"Mysterious Sphere","floor":46,"gold_loss":0}],"is_beta":true,"boss_relics":[{"not_picked":["Orrery","Pandora\u0027s Box"],"picked":"Eternal Feather"},{"not_picked":["Empty Cage","Snecko Eye"],"picked":"White Beast Statue"}],"items_purged_floors":[25],"is_endless":false,"potions_floor_spawned":[1,7,10,14,20,21,27,35,36,42,44,45,46],"killed_by":"Time Eater","ascension_level":0}