{"gold_per_floor":[114,126,146,146,157,187,187,31,31,31,41,41,72,84,84,183,183,202,202,184,202,122,155,172,186,186,186,206,222,222,255,255,255],"floor_reached":33,"playtime":8591,"items_purged":["Strike_B","Strike_B"],"score":303,"play_id":"5b55a69a-99dd-4495-9606-6be71af18281","local_time":"20190423152553","is_ascension_mode":false,"campfire_choices":[{"data":"1","floor":15,"key":"LIFT"},{"data":"Reinforced Body","floor":30,"key":"SMITH"},{"floor":32,"key":"REST"}],"neow_cost":"NONE","seed_source_timestamp":942067546481100,"circlet_count":0,"master_deck":["Strike_B+1","Strike_B+1","Defend_B","Defend_B","Defend_B","Zap+1","Dualcast","Genetic Algorithm+1","Reinforced Body+1","Coolheaded","Loop","Reprogram","Defragment","Machine Learning","Ball Lightning+1","Cold Snap+1","Self Repair+1","Glacier+1","Reinforced Body+1"],"relics":["Cracked Core","The Courier","Whetstone","Dodecahedron","Girya","Velvet Choker","CultistMask","Sundial","Pocketwatch","War Paint"],"potions_floor_usage":[5,5,7,7,7,7,11,11,16,16,20,23,23,24,31,33],"damage_taken":[{"damage":0,"enemies":"Cultist","floor":1,"turns":3},{"damage":0,"enemies":"Jaw Worm","floor":2,"turns":6},{"damage":2,"enemies":"2 Louse","floor":3,"turns":4},{"damage":3,"enemies":"Exordium Thugs","floor":5,"turns":6},{"damage":41,"enemies":"Gremlin Nob","floor":6,"turns":6},{"damage":0,"enemies":"Gremlin Gang","floor":7,"turns":3},{"damage":0,"enemies":"Lots of Slimes","floor":11,"turns":4},{"damage":7,"enemies":"3 Sentries","floor":13,"turns":8},{"damage":6,"enemies":"Exordium Wildlife","floor":14,"turns":5},{"damage":39,"enemies":"The Guardian","floor":16,"turns":13},{"damage":7,"enemies":"Shell Parasite","floor":18,"turns":6},{"damage":10,"enemies":"2 Thieves","floor":20,"turns":4},{"damage":15,"enemies":"Sentry and Sphere","floor":21,"turns":10},{"damage":11,"enemies":"Gremlin Leader","floor":23,"turns":6},{"damage":13,"enemies":"Cultist and Chosen","floor":24,"turns":7},{"damage":13,"enemies":"3 Cultists","floor":25,"turns":6},{"damage":4,"enemies":"Snake Plant","floor":28,"turns":5},{"damage":0,"enemies":"Cultist and Chosen","floor":29,"turns":6},{"damage":27,"enemies":"Slavers","floor":31,"turns":7},{"damage":53,"enemies":"Collector","floor":33,"turns":15}],"seed_played":"-3088416247777530923","potions_obtained":[{"floor":0,"key":"Ancient Potion"},{"floor":0,"key":"Block Potion"},{"floor":0,"key":"SneckoOil"},{"floor":5,"key":"GamblersBrew"},{"floor":6,"key":"EntropicBrew"},{"floor":11,"key":"Regen Potion"},{"floor":13,"key":"GamblersBrew"},{"floor":18,"key":"SkillPotion"},{"floor":20,"key":"PowerPotion"},{"floor":21,"key":"Weak Potion"},{"floor":29,"key":"PowerPotion"},{"floor":31,"key":"Strength Potion"}],"is_trial":false,"path_per_floor":["M","M","M","?","M","E","M","$","T","$","M","?","E","M","R","B",null,"M","?","M","M","$","E","M","M","T","?","M","M","R","E","R","B"],"character_chosen":"DEFECT","items_purchased":["Block Potion","Loop"],"campfire_rested":1,"item_purchase_floors":[8,8],"current_hp_per_floor":[75,75,73,48,45,4,4,4,4,4,4,85,78,72,72,48,85,78,78,68,53,53,42,29,16,16,16,22,32,32,25,50,0],"gold":255,"neow_bonus":"THREE_SMALL_POTIONS","is_prod":false,"is_daily":false,"chose_seed":false,"campfire_upgraded":1,"win_rate":0.0,"timestamp":1556047553,"path_taken":["M","?","?","?","M","E","M","$","T","$","M","?","E","M","R","BOSS","M","?","?","?","?","E","?","?","T","?","M","M","R","E","R","BOSS"],"build_version":"2019-01-23","purchased_purges":2,"victory":false,"max_hp_per_floor":[75,75,75,75,75,75,75,75,75,75,75,85,85,85,85,85,85,85,85,85,85,85,85,85,85,85,85,85,85,85,85,85,85],"card_choices":[{"not_picked":["Ball Lightning","Redo"],"picked":"Genetic Algorithm","floor":1},{"not_picked":["Leap","Compile Driver"],"picked":"Reinforced Body","floor":2},{"not_picked":["Leap","Aggregate"],"picked":"Creative AI","floor":3},{"not_picked":["Turbo","Hologram"],"picked":"Coolheaded","floor":5},{"not_picked":["Static Discharge","Force Field","Darkness"],"picked":"SKIP","floor":6},{"not_picked":["Streamline","Multi-Cast","Beam Cell"],"picked":"SKIP","floor":11},{"not_picked":["Self Repair","Undo"],"picked":"Reprogram","floor":13},{"not_picked":["Reinforced Body","Darkness"],"picked":"Defragment","floor":14},{"not_picked":["Multi-Cast","All For One"],"picked":"Machine Learning","floor":16},{"not_picked":["Hologram","Consume+1","Leap"],"picked":"SKIP","floor":18},{"not_picked":["Redo","Compile Driver","Force Field"],"picked":"SKIP","floor":20},{"not_picked":["Rebound","Force Field","Sweeping Beam+1"],"picked":"SKIP","floor":21},{"not_picked":["Beam Cell","Aggregate"],"picked":"Ball Lightning+1","floor":23},{"not_picked":["Blizzard","Heatsinks"],"picked":"Cold Snap+1","floor":24},{"not_picked":["Sunder","Skim+1"],"picked":"Self Repair+1","floor":25},{"not_picked":["Beam Cell+1","Static Discharge"],"picked":"Glacier+1","floor":28},{"not_picked":["Steam Power+1","Redo","Rebound"],"picked":"SKIP","floor":29},{"not_picked":["Compile Driver","Redo"],"picked":"Reinforced Body+1","floor":31}],"player_experience":141424,"relics_obtained":[{"floor":6,"key":"Whetstone"},{"floor":9,"key":"Dodecahedron"},{"floor":13,"key":"Girya"},{"floor":23,"key":"Sundial"},{"floor":26,"key":"Pocketwatch"},{"floor":31,"key":"War Paint"}],"event_choices":[{"damage_healed":0,"gold_gain":0,"player_choice":"Success","damage_taken":25,"relics_obtained":["The Courier"],"max_hp_gain":0,"max_hp_loss":0,"event_name":"Scrap Ooze","floor":4,"gold_loss":0},{"cards_removed":["Creative AI"],"damage_healed":71,"gold_gain":0,"player_choice":"Offered Rare","damage_taken":0,"max_hp_gain":10,"max_hp_loss":0,"event_name":"Bonfire Elementals","floor":12,"gold_loss":0},{"damage_healed":0,"gold_gain":0,"player_choice":"Trade","damage_taken":0,"relics_obtained":["CultistMask"],"max_hp_gain":0,"max_hp_loss":0,"event_name":"FaceTrader","floor":19,"gold_loss":0},{"cards_removed":["Defend_B"],"damage_healed":0,"gold_gain":0,"player_choice":"Elegance","damage_taken":0,"max_hp_gain":0,"max_hp_loss":0,"event_name":"Back to Basics","floor":27,"gold_loss":0}],"is_beta":false,"boss_relics":[{"not_picked":["Orrery","Sozu"],"picked":"Velvet Choker"}],"items_purged_floors":[8,22],"is_endless":false,"potions_floor_spawned":[5,6,11,13,18,20,21,29,31],"killed_by":"Collector","ascension_level":0}