{"gold_per_floor":[117,192,206,206,219,219,219,246,298,327,342,355,370,386,386,489,489,504,429,0,15,27,27,43,73,73,73],"floor_reached":27,"playtime":1233,"items_purged":["Doubt"],"score":346,"play_id":"36ec6bb6-9c86-4bc2-a21c-865323ae50b2","local_time":"20180810155738","is_ascension_mode":true,"campfire_choices":[{"data":"Inflame","floor":6,"key":"SMITH"},{"data":"Bash","floor":15,"key":"SMITH"},{"floor":23,"key":"REST"}],"neow_cost":"NONE","seed_source_timestamp":94867270553333,"circlet_count":0,"master_deck":["Strike_R","Strike_R","Strike_R","Strike_R","Strike_R","Defend_R","Defend_R","Defend_R","Defend_R","Bash+1","Twin Strike","Inflame+1","Anger","Reaper","Shrug It Off","Regret","Cleave"],"relics":["Burning Blood","Orichalcum","Dream Catcher","Blood Vial","Calling Bell","Omamori","Pear","Nunchaku","Vajra","ClockworkSouvenir","Bronze Scales","Molten Egg 2"],"potions_floor_usage":[8,8,10,18,18,21,25],"damage_taken":[{"damage":8,"enemies":"Cultist","floor":1,"turns":6},{"damage":5,"enemies":"Small Slimes","floor":3,"turns":4},{"damage":9,"enemies":"Jaw Worm","floor":5,"turns":3},{"damage":8,"enemies":"Gremlin Nob","floor":8,"turns":3},{"damage":29,"enemies":"Lagavulin","floor":10,"turns":6},{"damage":0,"enemies":"Exordium Wildlife","floor":11,"turns":3},{"damage":20,"enemies":"Large Slime","floor":12,"turns":7},{"damage":0,"enemies":"2 Fungi Beasts","floor":13,"turns":3},{"damage":16,"enemies":"3 Louse","floor":14,"turns":4},{"damage":37,"enemies":"Slime Boss","floor":16,"turns":8},{"damage":49,"enemies":"3 Byrds","floor":18,"turns":9},{"damage":16,"enemies":"2 Thieves","floor":21,"turns":4},{"damage":44,"enemies":"Cultist and Chosen","floor":22,"turns":6},{"damage":16,"enemies":"Centurion and Healer","floor":24,"turns":6},{"damage":88,"enemies":"Book of Stabbing","floor":25,"turns":6},{"damage":24,"enemies":"Sentry and Sphere","floor":27,"turns":3}],"seed_played":"-5459840806935858412","potions_obtained":[{"floor":1,"key":"Regen Potion"},{"floor":3,"key":"Poison Potion"},{"floor":8,"key":"PowerPotion"},{"floor":11,"key":"BloodPotion"},{"floor":16,"key":"Fire Potion"},{"floor":18,"key":"SteroidPotion"},{"floor":22,"key":"Strength Potion"}],"is_trial":false,"path_per_floor":["M","?","M","?","M","R","?","E","T","E","M","M","M","M","R","B",null,"M","?","$","M","M","R","M","E","T"],"character_chosen":"IRONCLAD","items_purchased":["Vajra","ClockworkSouvenir"],"campfire_rested":1,"item_purchase_floors":[20,20],"current_hp_per_floor":[78,67,68,68,65,65,65,72,72,49,63,65,80,88,88,71,94,65,65,65,70,54,83,83,18,18,0],"gold":73,"neow_bonus":"TEN_PERCENT_HP_BONUS","is_prod":false,"is_daily":false,"chose_seed":false,"campfire_upgraded":2,"win_rate":0,"timestamp":1533909458,"path_taken":["M","?","M","?","M","R","?","E","T","E","M","?","M","M","R","BOSS","M","?","$","M","?","R","M","E","T","M"],"build_version":"2018-08-09","purchased_purges":1,"victory":false,"max_hp_per_floor":[88,88,88,88,88,88,88,88,88,88,88,88,88,88,88,88,98,98,98,98,98,98,98,98,98,98,98],"card_choices":[{"not_picked":["Fire Breathing","Heavy Blade"],"picked":"Twin Strike","floor":1},{"not_picked":["Heavy Blade","Sword Boomerang"],"picked":"Inflame","floor":3},{"not_picked":["Wild Strike","Reckless Charge","Blood for Blood"],"picked":"SKIP","floor":5},{"not_picked":["Wild Strike","Rampage"],"picked":"Anger","floor":8},{"not_picked":["Uppercut","Iron Wave"],"picked":"Reaper","floor":10},{"not_picked":["Corruption","Hemokinesis"],"picked":"Shrug It Off","floor":11},{"not_picked":["Wild Strike","Disarm","Perfected Strike"],"picked":"SKIP","floor":12},{"not_picked":["Armaments","Iron Wave","Shrug It Off"],"picked":"SKIP","floor":13},{"not_picked":["True Grit","Havoc","Heavy Blade"],"picked":"SKIP","floor":14},{"not_picked":["Warcry","Havoc","Body Slam"],"picked":"SKIP","floor":18},{"not_picked":["Iron Wave","Uppercut+1","Burning Pact"],"picked":"SKIP","floor":21},{"not_picked":["Perfected Strike+1","Power Through","Sentinel"],"picked":"SKIP","floor":22},{"not_picked":["Seeing Red","Rupture"],"picked":"Cleave","floor":24},{"not_picked":["Clash","Fiend Fire","Armaments"],"picked":"SKIP","floor":25}],"player_experience":261317,"relics_obtained":[{"floor":8,"key":"Orichalcum"},{"floor":9,"key":"Dream Catcher"},{"floor":10,"key":"Blood Vial"},{"floor":17,"key":"Omamori"},{"floor":17,"key":"Pear"},{"floor":17,"key":"Nunchaku"},{"floor":25,"key":"Bronze Scales"},{"floor":26,"key":"Molten Egg 2"}],"event_choices":[{"event_name":"World of Goop","player_choice":"Gather Gold","floor":2,"damage_taken":0},{"event_name":"Golden Wing","player_choice":"Ignored","floor":4,"damage_taken":0},{"event_name":"Liars Game","player_choice":"disagreed","floor":7,"damage_taken":0},{"event_name":"Beggar","player_choice":"Gave Gold","floor":19,"damage_taken":0}],"is_beta":false,"boss_relics":[{"not_picked":["Velvet Choker","Orrery"],"picked":"Calling Bell"}],"items_purged_floors":[20],"is_endless":false,"potions_floor_spawned":[1,3,8,11,16,18,22],"killed_by":"Sentry and Sphere","ascension_level":6}