{"gold_per_floor":[10,23,34,50,50,50,76,76,76,76,151,180,180,236,236,333,333,333,258,183,33,33,33,33,33,33,33,33,33,33,33,33,33,33,33,0,0,0,0,0,0,0,0,0,0,0,0,0,0,0],"floor_reached":51,"playtime":3115,"items_purged":[],"score":909,"play_id":"e8627248-d456-4578-b3e1-db58383296ac","local_time":"20190330184318","is_ascension_mode":true,"campfire_choices":[{"data":"Double Tap","floor":6,"key":"SMITH"},{"data":"Bash","floor":8,"key":"SMITH"},{"data":"Demon Form","floor":15,"key":"SMITH"},{"data":"Intimidate","floor":23,"key":"SMITH"},{"data":"Whirlwind","floor":27,"key":"SMITH"},{"data":"Iron Wave","floor":29,"key":"SMITH"},{"data":"True Grit","floor":32,"key":"SMITH"},{"floor":46,"key":"REST"},{"data":"Bludgeon","floor":49,"key":"SMITH"}],"neow_cost":"NO_GOLD","seed_source_timestamp":89127989834,"circlet_count":0,"master_deck":["Strike_R","Strike_R","Strike_R+1","Strike_R","Defend_R","Defend_R","Bash+1","Double Tap+1","Iron Wave","Iron Wave+1","True Grit+1","Clash","Intimidate+1","Flex","Demon Form+1","Clash+1","Bludgeon+1","Battle Trance+1","Clothesline","Second Wind","Whirlwind+1","Reaper","Offering","Secret Weapon","Fire Breathing","True Grit+1","Reaper","Disarm+1","Burning Pact+1"],"relics":["Burning Blood","Juzu Bracelet","Red Skull","Question Card","Tiny Chest","Ectoplasm","Pen Nib","Bag of Preparation","FossilizedHelix","Sozu","Red Mask","Champion Belt","Blood Vial","Whetstone","Blue Candle","Kunai","Dead Branch"],"potions_floor_usage":[7,16,16,25,25,25,30,40],"damage_taken":[{"damage":5,"enemies":"Small Slimes","floor":1,"turns":3},{"damage":6,"enemies":"Jaw Worm","floor":2,"turns":5},{"damage":1,"enemies":"Cultist","floor":3,"turns":3},{"damage":2,"enemies":"Blue Slaver","floor":4,"turns":5},{"damage":35,"enemies":"3 Sentries","floor":7,"turns":10},{"damage":0,"enemies":"Gremlin Nob","floor":12,"turns":2},{"damage":11,"enemies":"3 Sentries","floor":14,"turns":6},{"damage":3,"enemies":"Hexaghost","floor":16,"turns":6},{"damage":7,"enemies":"3 Byrds","floor":18,"turns":4},{"damage":35,"enemies":"2 Thieves","floor":20,"turns":4},{"damage":3,"enemies":"Cultist and Chosen","floor":25,"turns":7},{"damage":0,"enemies":"Gremlin Leader","floor":28,"turns":3},{"damage":1,"enemies":"Snecko","floor":30,"turns":4},{"damage":22,"enemies":"Sentry and Sphere","floor":31,"turns":4},{"damage":35,"enemies":"Collector","floor":33,"turns":7},{"damage":34,"enemies":"3 Shapes","floor":35,"turns":3},{"damage":6,"enemies":"Mind Bloom Boss Battle","floor":38,"turns":3},{"damage":0,"enemies":"Orb Walker","floor":39,"turns":3},{"damage":10,"enemies":"Nemesis","floor":40,"turns":5},{"damage":45,"enemies":"Giant Head","floor":42,"turns":6},{"damage":12,"enemies":"Nemesis","floor":45,"turns":3},{"damage":26,"enemies":"3 Darklings","floor":47,"turns":5},{"damage":76,"enemies":"Donu and Deca","floor":50,"turns":6}],"seed_played":"-7029809242218918796","potions_obtained":[{"floor":3,"key":"GamblersBrew"},{"floor":7,"key":"Weak Potion"},{"floor":12,"key":"SkillPotion"},{"floor":14,"key":"Block Potion"},{"floor":16,"key":"Dexterity Potion"},{"floor":20,"key":"GamblersBrew"},{"floor":28,"key":"Block Potion"},{"floor":33,"key":"Swift Potion"}],"is_trial":false,"path_per_floor":["?","?","?","?","?","?","$","?","?","?","$","T","?"],"character_chosen":"IRONCLAD","items_purchased":["Pen Nib"],"campfire_rested":1,"item_purchase_floors":[21],"current_hp_per_floor":[80,80,80,80,73,73,44,44,44,44,33,39,39,34,34,37,80,79,79,50,50,50,50,50,53,53,53,59,59,67,56,56,80,80,52,52,47,47,60,56,56,19,19,19,16,40,67,67,67,30],"gold":0,"neow_bonus":"THREE_RARE_CARDS","is_prod":false,"is_daily":false,"chose_seed":false,"campfire_upgraded":8,"win_rate":0,"timestamp":1553946198,"path_taken":["M","M","M","M","?","R","E","R","T","?","?","E","?","E","R","BOSS","M","?","M","$","?","R","?","M","T","R","E","R","M","M","R","BOSS","M","?","?","?","M","E","?","E","T","?","E","R","M","?","R","BOSS"],"build_version":"2019-01-23","purchased_purges":0,"victory":true,"max_hp_per_floor":[80,80,80,80,80,80,80,80,80,80,80,80,80,80,80,80,80,80,80,80,80,80,80,80,80,80,80,80,80,80,80,80,80,80,80,80,80,80,80,80,80,80,80,80,80,80,80,80,80,80],"card_choices":[{"not_picked":["Limit Break","Exhume"],"picked":"Double Tap","floor":0},{"not_picked":["Pommel Strike","True Grit"],"picked":"Iron Wave","floor":1},{"not_picked":["Evolve","Flex"],"picked":"Iron Wave","floor":2},{"not_picked":["Warcry","Thunderclap"],"picked":"True Grit","floor":3},{"not_picked":["Feel No Pain","Body Slam"],"picked":"Clash","floor":4},{"not_picked":["Heavy Blade","Evolve"],"picked":"Intimidate","floor":7},{"not_picked":["Bloodletting","Berserk"],"picked":"Demon Form","floor":12},{"not_picked":["Bloodletting","Dropkick","Havoc"],"picked":"Clash","floor":14},{"not_picked":["Limit Break","Dark Embrace","Fiend Fire"],"picked":"Bludgeon","floor":16},{"not_picked":["Bloodletting","Intimidate","Reckless Charge"],"picked":"Battle Trance+1","floor":18},{"not_picked":["Dual Wield","Sword Boomerang","Warcry+1"],"picked":"Clothesline","floor":20},{"not_picked":["Clothesline","Warcry","Thunderclap"],"picked":"Whirlwind","floor":25},{"not_picked":["Perfected Strike","Evolve","Havoc"],"picked":"Reaper","floor":28},{"not_picked":["Thunderclap","Metallicize+1","Iron Wave","Entrench"],"picked":"SKIP","floor":30},{"not_picked":["Flex","True Grit","Shrug It Off","Perfected Strike+1"],"picked":"SKIP","floor":31},{"not_picked":["Berserk","Demon Form","Fiend Fire"],"picked":"Offering","floor":33},{"not_picked":["Havoc","Iron Wave","Dropkick","Shrug It Off"],"picked":"SKIP","floor":35},{"not_picked":["Swift Strike","The Bomb","Mind Blast"],"picked":"Secret Weapon","floor":37},{"not_picked":["Cleave","Rampage","Anger+1"],"picked":"Fire Breathing","floor":38},{"not_picked":["Perfected Strike","Evolve","Headbutt","Hemokinesis"],"picked":"SKIP","floor":39},{"not_picked":["Iron Wave+1","Cleave+1","Clothesline+1"],"picked":"True Grit+1","floor":40},{"not_picked":["Whirlwind+1","Rupture+1","Clothesline+1"],"picked":"Reaper","floor":42},{"not_picked":["Armaments+1","Brutality","Shockwave"],"picked":"Disarm+1","floor":45},{"not_picked":["Pommel Strike","Twin Strike","Metallicize+1"],"picked":"Burning Pact+1","floor":47}],"player_experience":147317,"relics_obtained":[{"floor":7,"key":"Juzu Bracelet"},{"floor":9,"key":"Red Skull"},{"floor":12,"key":"Question Card"},{"floor":14,"key":"Tiny Chest"},{"floor":26,"key":"Bag of Preparation"},{"floor":28,"key":"FossilizedHelix"},{"floor":38,"key":"Champion Belt"},{"floor":40,"key":"Blood Vial"},{"floor":42,"key":"Whetstone"},{"floor":43,"key":"Blue Candle"},{"floor":44,"key":"Kunai"},{"floor":45,"key":"Dead Branch"}],"event_choices":[{"cards_removed":["Defend_R"],"damage_healed":0,"gold_gain":0,"player_choice":"Card Removal","damage_taken":7,"max_hp_gain":0,"max_hp_loss":0,"event_name":"Golden Wing","floor":5,"gold_loss":0},{"damage_healed":0,"gold_gain":0,"cards_transformed":["Defend_R"],"player_choice":"Transformed","damage_taken":0,"max_hp_gain":0,"max_hp_loss":0,"event_name":"Transmorgrifier","floor":10,"gold_loss":0,"cards_obtained":["Flex"]},{"damage_healed":0,"gold_gain":75,"player_choice":"Gather Gold","damage_taken":11,"max_hp_gain":0,"max_hp_loss":0,"event_name":"World of Goop","floor":11,"gold_loss":0},{"damage_healed":0,"gold_gain":0,"player_choice":"Ignored","damage_taken":0,"max_hp_gain":0,"max_hp_loss":0,"event_name":"Liars Game","floor":13,"gold_loss":0},{"cards_removed":["Strike_R"],"damage_healed":0,"gold_gain":0,"player_choice":"Gave Gold","damage_taken":0,"max_hp_gain":0,"max_hp_loss":0,"event_name":"Beggar","floor":19,"gold_loss":75},{"damage_healed":0,"gold_gain":0,"player_choice":"Read","damage_taken":0,"max_hp_gain":0,"max_hp_loss":0,"event_name":"The Library","floor":22,"gold_loss":0,"cards_obtained":["Second Wind"]},{"damage_healed":0,"gold_gain":0,"player_choice":"Paid","damage_taken":0,"relics_obtained":["Red Mask"],"max_hp_gain":0,"max_hp_loss":0,"event_name":"Tomb of Lord Red Mask","floor":36,"gold_loss":33},{"damage_healed":0,"gold_gain":0,"player_choice":"Memory 2","damage_taken":5,"max_hp_gain":0,"max_hp_loss":0,"event_name":"SensoryStone","floor":37,"gold_loss":0},{"damage_healed":0,"gold_gain":0,"player_choice":"Fight","damage_taken":0,"max_hp_gain":0,"max_hp_loss":0,"event_name":"MindBloom","floor":38,"gold_loss":0},{"damage_healed":0,"gold_gain":0,"player_choice":"Ignored","damage_taken":0,"max_hp_gain":0,"max_hp_loss":0,"event_name":"Mysterious Sphere","floor":48,"gold_loss":0}],"is_beta":false,"boss_relics":[{"not_picked":["Astrolabe","Runic Dome"],"picked":"Ectoplasm"},{"not_picked":["Mark of Pain","Snecko Eye"],"picked":"Sozu"}],"items_purged_floors":[],"is_endless":false,"potions_floor_spawned":[3,7,12,14,16,20,28,33,39,42,47],"ascension_level":3}