{"gold_per_floor":[113,113,0,20,34,69,69,19,19,48,48,58,71,104,104,200,200,220,238,257,257,271,303,303,213,239,239,272,290,290,315,315,414,414,433,383,383,163,163,195,215,249,261,273,285,316,359,371,383,395,407,419,133,167,167],"floor_reached":55,"playtime":1560,"items_purged":["Strike_R","Strike_R"],"score":951,"play_id":"f3c0f702-859d-4977-a13f-c7d1def896a3","local_time":"20190425030921","is_ascension_mode":true,"campfire_choices":[{"data":"Whirlwind","floor":7,"key":"SMITH"},{"data":"Rage","floor":11,"key":"SMITH"},{"data":"Bash","floor":15,"key":"SMITH"},{"data":"Limit Break","floor":24,"key":"SMITH"},{"data":"Sword Boomerang","floor":27,"key":"SMITH"},{"data":"Clash","floor":30,"key":"SMITH"},{"data":"Clash","floor":32,"key":"SMITH"},{"data":"Inflame","floor":44,"key":"SMITH"},{"floor":49,"key":"RECALL"},{"data":"1","floor":52,"key":"LIFT"}],"neow_cost":"NONE","seed_source_timestamp":228216396092700,"circlet_count":0,"master_deck":["Defend_R+1","Limit Break+1","Clash+1","Whirlwind+1","Rage+1","Sword Boomerang+1","Battle Trance+1","True Grit+1","Body Slam+1","Clash+1","Flex+1","Shrug It Off+1","Inflame+1","Flex+1","Violence+1","Evolve"],"relics":["Burning Blood","Mercury Hourglass","Toxic Egg 2","Letter Opener","Lantern","Sozu","Regal Pillow","Omamori","Smiling Mask","Bottled Flame","Empty Cage","TheAbacus","Pantograph","MawBank","Girya","Dodecahedron","Anchor"],"potions_floor_usage":[10,16,23],"damage_taken":[{"damage":1,"enemies":"2 Louse","floor":1,"turns":5},{"damage":12,"enemies":"Small Slimes","floor":4,"turns":4},{"damage":6,"enemies":"Jaw Worm","floor":5,"turns":3},{"damage":13,"enemies":"3 Sentries","floor":6,"turns":8},{"damage":0,"enemies":"Gremlin Nob","floor":10,"turns":3},{"damage":13,"enemies":"Red Slaver","floor":12,"turns":2},{"damage":0,"enemies":"Blue Slaver","floor":13,"turns":2},{"damage":11,"enemies":"Lagavulin","floor":14,"turns":5},{"damage":14,"enemies":"Hexaghost","floor":16,"turns":8},{"damage":0,"enemies":"Chosen","floor":18,"turns":3},{"damage":3,"enemies":"Shell Parasite","floor":19,"turns":2},{"damage":6,"enemies":"3 Cultists","floor":20,"turns":3},{"damage":10,"enemies":"Centurion and Healer","floor":22,"turns":2},{"damage":15,"enemies":"Slavers","floor":23,"turns":2},{"damage":0,"enemies":"Gremlin Leader","floor":28,"turns":4},{"damage":3,"enemies":"Snecko","floor":29,"turns":3},{"damage":0,"enemies":"Book of Stabbing","floor":31,"turns":2},{"damage":13,"enemies":"Collector","floor":33,"turns":5},{"damage":2,"enemies":"3 Darklings","floor":35,"turns":3},{"damage":2,"enemies":"Reptomancer","floor":40,"turns":4},{"damage":0,"enemies":"3 Shapes","floor":41,"turns":1},{"damage":0,"enemies":"Giant Head","floor":42,"turns":5},{"damage":21,"enemies":"Writhing Mass","floor":46,"turns":2},{"damage":0,"enemies":"Reptomancer","floor":47,"turns":3},{"damage":17,"enemies":"Donu and Deca","floor":50,"turns":4},{"damage":39,"enemies":"Shield and Spear","floor":54,"turns":3},{"damage":70,"enemies":"The Heart","floor":55,"turns":3}],"seed_played":"-7465412696434704149","potions_obtained":[{"floor":4,"key":"Swift Potion"},{"floor":13,"key":"Dexterity Potion"},{"floor":16,"key":"Strength Potion"}],"is_trial":false,"path_per_floor":["M","?","$","M","M","E","R","?","T","E","R","M","M","E","R","B",null,"M","M","M","?","M","E","R","?","T","R","E","M","R","E","R","B",null,"M","$","?","$","?","E","M","E","T","R","?","M","E","?","R","B",null,"R","$","E","B"],"character_chosen":"IRONCLAD","items_purchased":["Whirlwind","TheAbacus","Shrug It Off+1","Dodecahedron","Evolve"],"campfire_rested":0,"item_purchase_floors":[3,38,38,53,53],"current_hp_per_floor":[80,73,73,67,67,60,60,60,60,66,66,59,65,60,60,52,80,80,80,80,80,76,67,67,67,67,67,73,76,76,80,80,73,80,80,80,80,80,76,76,76,76,76,76,76,61,67,57,57,65,76,76,76,43,0],"gold":167,"neow_bonus":"ONE_RANDOM_RARE_CARD","is_prod":false,"is_daily":false,"chose_seed":false,"campfire_upgraded":8,"win_rate":0,"timestamp":1556186961,"path_taken":["M","?","$","M","M","E","R","?","T","E","R","M","M","E","R","BOSS","M","M","M","?","?","E","R","?","T","R","E","?","R","E","R","BOSS","M","$","?","$","?","E","M","E","T","R","?","?","E","?","R","BOSS","R","$","E","BOSS"],"build_version":"2019-01-23","purchased_purges":2,"victory":false,"max_hp_per_floor":[80,80,80,80,80,80,80,80,80,80,80,80,80,80,80,80,80,80,80,80,80,80,80,80,80,80,80,80,80,80,80,80,80,80,80,80,80,80,76,76,76,76,76,76,76,76,76,76,76,76,76,76,76,76,76],"card_choices":[{"not_picked":["Cleave","Entrench"],"picked":"Clash","floor":1},{"not_picked":["Shrug It Off","Armaments"],"picked":"Rage","floor":4},{"not_picked":["True Grit","Cleave","Wild Strike"],"picked":"SKIP","floor":5},{"not_picked":["Twin Strike","Blood for Blood","Armaments"],"picked":"SKIP","floor":6},{"not_picked":["Barricade","Juggernaut"],"picked":"Sword Boomerang","floor":10},{"not_picked":["Pommel Strike","Combust"],"picked":"Battle Trance+1","floor":12},{"not_picked":["Headbutt","Twin Strike","Armaments+1"],"picked":"SKIP","floor":13},{"not_picked":["Headbutt","Wild Strike"],"picked":"True Grit+1","floor":14},{"not_picked":["Hemokinesis","Wild Strike"],"picked":"Body Slam+1","floor":18},{"not_picked":["Twin Strike+1","Sever Soul+1","Perfected Strike"],"picked":"SKIP","floor":19},{"not_picked":["Uppercut","True Grit+1"],"picked":"Clash","floor":20},{"not_picked":["Blood for Blood","Shrug It Off+1"],"picked":"Flex+1","floor":22},{"not_picked":["Twin Strike","Second Wind+1","Body Slam"],"picked":"SKIP","floor":23},{"not_picked":["Shrug It Off+1","Reaper","Corruption"],"picked":"SKIP","floor":28},{"not_picked":["Body Slam+1","Armaments+1","Pommel Strike"],"picked":"SKIP","floor":29},{"not_picked":["Feel No Pain","Body Slam","Clash"],"picked":"SKIP","floor":31},{"not_picked":["Entrench+1","Body Slam+1","Corruption"],"picked":"SKIP","floor":35},{"not_picked":["Shrug It Off+1","Disarm+1","Thunderclap"],"picked":"SKIP","floor":40},{"not_picked":["Warcry+1","Cleave"],"picked":"Inflame","floor":41},{"not_picked":["Battle Trance+1","Bloodletting+1"],"picked":"Flex+1","floor":42},{"not_picked":["Rampage+1","Warcry+1","Rupture+1"],"picked":"SKIP","floor":46},{"not_picked":["Barricade","Uppercut+1","Disarm+1"],"picked":"SKIP","floor":47},{"not_picked":["PanicButton+1","Flash of Steel"],"picked":"Violence+1","floor":48},{"not_picked":["Pummel","Armaments+1","Rampage+1"],"picked":"SKIP","floor":54}],"player_experience":940893,"relics_obtained":[{"floor":6,"key":"Mercury Hourglass"},{"floor":9,"key":"Toxic Egg 2"},{"floor":10,"key":"Letter Opener"},{"floor":14,"key":"Lantern"},{"floor":23,"key":"Regal Pillow"},{"floor":26,"key":"Omamori"},{"floor":28,"key":"Smiling Mask"},{"floor":31,"key":"Bottled Flame"},{"floor":40,"key":"Pantograph"},{"floor":42,"key":"MawBank"},{"floor":47,"key":"Girya"},{"floor":54,"key":"Anchor"}],"event_choices":[{"cards_removed":["Defend_R"],"damage_healed":0,"gold_gain":0,"player_choice":"Card Removal","damage_taken":7,"max_hp_gain":0,"max_hp_loss":0,"event_name":"Golden Wing","floor":2,"gold_loss":0},{"cards_removed":["Defend_R"],"damage_healed":0,"gold_gain":0,"player_choice":"Card Removal","damage_taken":0,"max_hp_gain":0,"max_hp_loss":0,"event_name":"The Cleric","floor":8,"gold_loss":50},{"cards_removed":["Strike_R"],"damage_healed":0,"gold_gain":0,"player_choice":"Purged","damage_taken":0,"max_hp_gain":0,"max_hp_loss":0,"event_name":"Purifier","floor":21,"gold_loss":0},{"cards_removed":["Strike_R"],"damage_healed":0,"gold_gain":0,"player_choice":"Upgrade and Remove","damage_taken":0,"max_hp_gain":0,"max_hp_loss":0,"event_name":"Designer","floor":25,"gold_loss":90,"cards_upgraded":["Defend_R"]},{"cards_removed":["Bash"],"damage_healed":0,"gold_gain":0,"player_choice":"Removed Attack","damage_taken":0,"max_hp_gain":0,"max_hp_loss":0,"event_name":"Falling","floor":37,"gold_loss":0},{"damage_healed":0,"gold_gain":0,"player_choice":"Max HP","damage_taken":0,"max_hp_gain":0,"max_hp_loss":4,"event_name":"Winding Halls","floor":39,"gold_loss":0},{"damage_healed":0,"gold_gain":0,"player_choice":"Ignored","damage_taken":0,"max_hp_gain":0,"max_hp_loss":0,"event_name":"Tomb of Lord Red Mask","floor":45,"gold_loss":0},{"damage_healed":0,"gold_gain":0,"player_choice":"Memory 3","damage_taken":10,"max_hp_gain":0,"max_hp_loss":0,"event_name":"SensoryStone","floor":48,"gold_loss":0}],"is_beta":false,"boss_relics":[{"not_picked":["Orrery","Calling Bell"],"picked":"Sozu"},{"not_picked":["Philosopher\u0027s Stone","Runic Cube"],"picked":"Empty Cage"}],"items_purged_floors":[3,36],"is_endless":false,"potions_floor_spawned":[4,13,16,20,22,23,31,42,46],"killed_by":"The Heart","ascension_level":1}