{"path_per_floor":["M","?","?","M","?","E","$","R","T","E","M","E","?","$","R","B",null,"M","M","$","?","M","R","E","R","T","M","E","?","T","M","R","B",null,"M","M"],"character_chosen":"IRONCLAD","items_purchased":["Metallicize","Thunderclap","Battle Trance","Metallicize"],"gold_per_floor":[114,214,174,188,138,172,41,41,41,66,82,107,107,33,33,133,133,145,158,91,91,101,101,129,129,155,169,195,120,144,160,160,264,264,276,289,289],"floor_reached":37,"campfire_rested":1,"playtime":3633,"current_hp_per_floor":[80,80,80,80,80,63,63,63,63,77,83,65,58,58,58,41,90,87,56,56,38,49,77,37,37,37,53,52,52,52,61,61,40,95,85,73,0],"items_purged":[],"gold":289,"score":535,"play_id":"a4ef0e41-20b9-4544-b825-d6cd1ac85385","local_time":"20180508223911","is_prod":false,"is_daily":false,"chose_seed":false,"is_ascension_mode":true,"campfire_upgraded":4,"timestamp":1525844351,"path_taken":["M","?","?","M","?","E","?","R","T","E","?","E","?","$","R","BOSS","M","M","$","?","M","R","E","R","T","M","E","?","?","M","R","BOSS","M","M","?"],"build_version":"2018-05-03","seed_source_timestamp":1135131498230100,"purchased_purges":0,"victory":false,"master_deck":["Strike_R","Strike_R+1","Strike_R","Strike_R","Strike_R","Defend_R","Bash","Ghostly Armor","Clothesline+1","Infernal Blade+1","Rampage+1","Metallicize+1","Thunderclap+1","Warcry","Battle Trance","Battle Trance","Demon Form","Disarm","Thunderclap+1","Metallicize","Impervious","Thunderclap+1","Barricade","Feel No Pain"],"max_hp_per_floor":[80,80,80,80,80,80,80,80,80,90,90,90,90,90,90,90,90,90,90,90,95,95,95,95,95,95,95,95,95,95,95,95,95,95,95,95,95],"relics":["Burning Blood","Vajra","Meat on the Bone","Pear","Champion Belt","Art of War","Runic Cube","Whetstone","Orichalcum","Kunai","Oddly Smooth Stone","Runic Pyramid"],"card_choices":[{"not_picked":["Warcry","Sword Boomerang"],"picked":"Clothesline","floor":1},{"not_picked":["Blood for Blood","Cleave"],"picked":"Infernal Blade","floor":4},{"not_picked":["Barricade","Demon Form"],"picked":"Rampage","floor":6},{"not_picked":["Cleave","Clash"],"picked":"Warcry","floor":10},{"not_picked":["Spot Weakness","Searing Blow"],"picked":"Battle Trance","floor":11},{"not_picked":["Barricade","Limit Break"],"picked":"Demon Form","floor":16},{"not_picked":["Armaments","Anger"],"picked":"Disarm","floor":18},{"not_picked":["Entrench","Armaments"],"picked":"Thunderclap","floor":19},{"not_picked":["Warcry","Heavy Blade"],"picked":"Impervious","floor":22},{"not_picked":["Corruption","Anger"],"picked":"Thunderclap","floor":24},{"not_picked":["Berserk","Juggernaut"],"picked":"Barricade","floor":33},{"not_picked":["Iron Wave","Twin Strike"],"picked":"Feel No Pain","floor":36}],"player_experience":367483,"potions_floor_usage":[6,6,10,10,16,18,22,27,28,33],"damage_taken":[{"damage":1,"enemies":"2 Louse","floor":1,"turns":2},{"damage":4,"enemies":"Cultist","floor":4,"turns":3},{"damage":23,"enemies":"Lagavulin","floor":6,"turns":5},{"damage":2,"enemies":"3 Sentries","floor":10,"turns":4},{"damage":0,"enemies":"Small Slimes","floor":11,"turns":3},{"damage":24,"enemies":"Lagavulin","floor":12,"turns":5},{"damage":35,"enemies":"The Guardian","floor":16,"turns":10},{"damage":9,"enemies":"3 Byrds","floor":18,"turns":5},{"damage":37,"enemies":"Spheric Guardian","floor":19,"turns":6},{"damage":7,"enemies":"Snake Plant","floor":22,"turns":6},{"damage":58,"enemies":"Gremlin Leader","floor":24,"turns":8},{"damage":2,"enemies":"3 Cultists","floor":27,"turns":3},{"damage":19,"enemies":"Slavers","floor":28,"turns":5},{"damage":9,"enemies":"Chosen and Byrds","floor":31,"turns":5},{"damage":39,"enemies":"Collector","floor":33,"turns":10},{"damage":16,"enemies":"3 Shapes","floor":35,"turns":3},{"damage":18,"enemies":"3 Darklings","floor":36,"turns":7},{"damage":73,"enemies":"Mysterious Sphere","floor":37,"turns":5}],"event_choices":[{"event_name":"Wheel of Change","player_choice":"Gold","floor":2,"damage_taken":0},{"event_name":"The Woman in Blue","player_choice":"Bought 3 Potions","floor":3,"damage_taken":0},{"event_name":"The Cleric","player_choice":"Card Removal","floor":5,"damage_taken":0},{"event_name":"Scrap Ooze","player_choice":"success","floor":13,"damage_taken":7},{"event_name":"Forgotten Altar","player_choice":"Shed Blood","floor":21,"damage_taken":0},{"event_name":"Beggar","player_choice":"Gave Gold","floor":29,"damage_taken":0},{"event_name":"Mysterious Sphere","player_choice":"Fight","floor":37,"damage_taken":0}],"boss_relics":[{"not_picked":["Black Blood","White Beast Statue"],"picked":"Runic Cube"},{"not_picked":["Orrery","Velvet Choker"],"picked":"Runic Pyramid"}],"potions_floor_spawned":[6,12,16,19,24,27,31],"seed_played":"-2167561559206557450","killed_by":"Mysterious Sphere","ascension_level":4,"is_trial":false}