{"gold_per_floor":[111,125,137,137,137,180,180,205,276,276],"floor_reached":10,"playtime":261,"items_purged":[],"score":136,"play_id":"890acbde-3116-4da0-b1b0-8fd842edbd70","local_time":"20190427212528","is_ascension_mode":true,"campfire_choices":[{"data":"Melter","floor":7,"key":"SMITH"}],"neow_cost":"NONE","seed_source_timestamp":394343213598600,"circlet_count":0,"master_deck":["AscendersBane","Strike_B","Strike_B","Strike_B","Strike_B","Defend_B+1","Defend_B","Defend_B","Defend_B","Zap+1","Dualcast","Machine Learning","Ball Lightning","Steam","Melter+1","Ball Lightning","Steam"],"relics":["Cracked Core","Golden Idol","Ginger","Singing Bowl"],"potions_floor_usage":[6],"damage_taken":[{"damage":2,"enemies":"Cultist","floor":1,"turns":4},{"damage":4,"enemies":"Jaw Worm","floor":2,"turns":3},{"damage":0,"enemies":"2 Louse","floor":3,"turns":3},{"damage":2,"enemies":"Lagavulin","floor":6,"turns":6},{"damage":7,"enemies":"Blue Slaver","floor":8,"turns":3},{"damage":31,"enemies":"Gremlin Nob","floor":10,"turns":3}],"seed_played":"-7725766346016631509","potions_obtained":[{"floor":3,"key":"PowerPotion"},{"floor":6,"key":"Energy Potion"}],"is_trial":false,"path_per_floor":["M","M","M","?","?","E","R","M","T","E"],"character_chosen":"DEFECT","items_purchased":[],"campfire_rested":0,"item_purchase_floors":[],"current_hp_per_floor":[62,58,58,37,37,35,35,28,28,0],"gold":276,"neow_bonus":"ONE_RANDOM_RARE_CARD","is_prod":false,"is_daily":false,"chose_seed":false,"campfire_upgraded":1,"win_rate":0,"timestamp":1556393128,"path_taken":["M","?","M","?","?","E","R","M","T","E"],"build_version":"2019-01-23","purchased_purges":0,"victory":false,"max_hp_per_floor":[71,71,71,71,64,64,64,64,64,64],"card_choices":[{"not_picked":["Aggregate","Capacitor"],"picked":"Ball Lightning","floor":1},{"not_picked":["Gash","Double Energy"],"picked":"Steam","floor":2},{"not_picked":["Cold Snap","Steam Power"],"picked":"Melter","floor":3},{"not_picked":["Barrage","Steam Power"],"picked":"Ball Lightning","floor":6},{"not_picked":["Capacitor","Sweeping Beam"],"picked":"Steam","floor":8}],"player_experience":640433,"relics_obtained":[{"floor":6,"key":"Ginger"},{"floor":9,"key":"Singing Bowl"}],"event_choices":[{"damage_healed":0,"gold_gain":0,"player_choice":"Entered Light","damage_taken":21,"max_hp_gain":0,"max_hp_loss":0,"event_name":"Shining Light","floor":4,"gold_loss":0,"cards_upgraded":["Zap","Defend_B"]},{"damage_healed":0,"gold_gain":0,"player_choice":"Lose Max HP","damage_taken":0,"relics_obtained":["Golden Idol"],"max_hp_gain":0,"max_hp_loss":7,"event_name":"Golden Idol","floor":5,"gold_loss":0}],"is_beta":false,"boss_relics":[],"items_purged_floors":[],"is_endless":false,"potions_floor_spawned":[3,6],"killed_by":"Gremlin Nob","ascension_level":20}