{"gold_per_floor":[115,129,144,157,157,182,182,209,209,59,59,70,80,94,94,189,189,199,199,212,223,243,277,297,297,297,324,342,353,150,185,185,290,290,310,310,321,338,188,223,236,281,281,281,281,309,309,327,327,327,327,327,8,42,42],"floor_reached":56,"playtime":4964,"items_purged":["Strike_G","Strike_G"],"score":1288,"play_id":"dffb047e-71a2-4909-bb97-bb4c844c2292","local_time":"20190428111523","is_ascension_mode":false,"campfire_choices":[{"floor":7,"key":"REST"},{"floor":15,"key":"RECALL"},{"floor":25,"key":"REST"},{"floor":32,"key":"REST"},{"floor":44,"key":"REST"},{"floor":49,"key":"REST"},{"floor":52,"key":"REST"}],"neow_cost":"NONE","seed_source_timestamp":636731926763900,"circlet_count":0,"master_deck":["Defend_G","Defend_G","Defend_G","Defend_G","Strike_G","Survivor","Neutralize","Well Laid Plans","Acrobatics","Dagger Spray","Sucker Punch","Poisoned Stab","Cloak And Dagger","Backflip","Wraith Form v2","Strike_B","Deadly Poison","Poisoned Stab","Catalyst","Caltrops","Backflip+1","Clumsy","Malaise","Dagger Spray+1","Dodge and Roll+1","Crippling Poison","Poisoned Stab","Quick Slash+1","Adrenaline","Crippling Poison+1","Predator","Backflip","Footwork+1","Poisoned Stab+1","Leg Sweep+1","Injury","Discovery","Panacea","Trip","Blade Dance+1","Apotheosis","Footwork","Footwork+1"],"relics":["Fusion Hammer","Incense Burner","Snake Skull","Ornamental Fan","Oddly Smooth Stone","Cursed Key","Pear","Du-Vu Doll","Shuriken","Red Mask","Runic Pyramid","Regal Pillow","Tingsha","Letter Opener","Paper Crane"],"potions_floor_usage":[8,8,8,27,55,55],"damage_taken":[{"damage":0,"enemies":"Small Slimes","floor":1,"turns":3},{"damage":0,"enemies":"Cultist","floor":2,"turns":4},{"damage":0,"enemies":"2 Louse","floor":3,"turns":3},{"damage":8,"enemies":"Exordium Wildlife","floor":4,"turns":5},{"damage":17,"enemies":"3 Sentries","floor":6,"turns":11},{"damage":14,"enemies":"Gremlin Nob","floor":8,"turns":4},{"damage":0,"enemies":"Lots of Slimes","floor":12,"turns":5},{"damage":0,"enemies":"Red Slaver","floor":13,"turns":3},{"damage":0,"enemies":"Large Slime","floor":14,"turns":5},{"damage":16,"enemies":"The Guardian","floor":16,"turns":14},{"damage":0,"enemies":"Shell Parasite","floor":18,"turns":7},{"damage":0,"enemies":"3 Byrds","floor":20,"turns":6},{"damage":3,"enemies":"Centurion and Healer","floor":21,"turns":7},{"damage":8,"enemies":"Snake Plant","floor":22,"turns":6},{"damage":21,"enemies":"Gremlin Leader","floor":23,"turns":7},{"damage":2,"enemies":"3 Cultists","floor":24,"turns":6},{"damage":22,"enemies":"Slavers","floor":27,"turns":4},{"damage":5,"enemies":"Centurion and Healer","floor":28,"turns":6},{"damage":2,"enemies":"Sentry and Sphere","floor":29,"turns":5},{"damage":6,"enemies":"Masked Bandits","floor":31,"turns":4},{"damage":19,"enemies":"Automaton","floor":33,"turns":11},{"damage":17,"enemies":"3 Darklings","floor":35,"turns":3},{"damage":0,"enemies":"3 Shapes","floor":37,"turns":3},{"damage":0,"enemies":"3 Darklings","floor":38,"turns":5},{"damage":0,"enemies":"Nemesis","floor":40,"turns":5},{"damage":4,"enemies":"4 Shapes","floor":41,"turns":3},{"damage":3,"enemies":"2 Orb Walkers","floor":42,"turns":4},{"damage":21,"enemies":"Reptomancer","floor":46,"turns":5},{"damage":5,"enemies":"Sphere and 2 Shapes","floor":48,"turns":4},{"damage":14,"enemies":"Awakened One","floor":50,"turns":13},{"damage":22,"enemies":"Shield and Spear","floor":54,"turns":7},{"damage":25,"enemies":"The Heart","floor":55,"turns":10}],"seed_played":"3381995107554810370","potions_obtained":[{"floor":1,"key":"PowerPotion"},{"floor":2,"key":"Poison Potion"},{"floor":6,"key":"GamblersBrew"},{"floor":8,"key":"Weak Potion"},{"floor":18,"key":"PowerPotion"},{"floor":20,"key":"Fire Potion"},{"floor":27,"key":"Ancient Potion"}],"is_trial":false,"path_per_floor":["M","M","M","M","?","E","R","E","T","$","?","M","M","M","R","B",null,"M","?","M","M","M","E","M","R","T","E","M","M","$","?","R","B",null,"M","?","M","M","$","E","M","?","T","R","?","E","?","M","R","B",null,"R","$","E","B",null],"character_chosen":"THE_SILENT","items_purchased":["Oddly Smooth Stone","Crippling Poison","Poisoned Stab","Backflip","Apotheosis","Footwork","LiquidBronze"],"campfire_rested":6,"item_purchase_floors":[10,30,30,39,53,53,53],"current_hp_per_floor":[70,70,70,62,55,38,59,45,45,45,68,68,68,68,68,52,70,70,70,70,67,59,48,46,70,70,48,43,41,41,35,59,40,80,63,63,63,63,63,63,59,56,56,80,80,59,49,44,80,66,80,80,80,58,33],"gold":42,"neow_bonus":"BOSS_RELIC","is_prod":false,"is_daily":false,"chose_seed":false,"campfire_upgraded":0,"win_rate":0,"timestamp":1556475323,"path_taken":["M","M","M","M","?","E","R","E","T","$","?","M","M","M","R","BOSS","M","?","M","?","M","E","M","R","T","E","M","M","$","?","R","BOSS","M","?","?","M","?","E","M","?","T","R","?","E","?","M","R","BOSS","R","$","E","BOSS"],"build_version":"2019-04-23","purchased_purges":2,"victory":true,"max_hp_per_floor":[70,70,70,70,70,70,70,70,70,70,70,70,70,70,70,70,70,70,70,70,70,70,80,80,80,80,80,80,80,80,80,80,80,80,80,80,80,80,80,80,80,80,80,80,80,80,80,80,80,80,80,80,80,80,80],"card_choices":[{"not_picked":["PiercingWail","Dagger Throw"],"picked":"Well Laid Plans","floor":1},{"not_picked":["Flechettes","Eviscerate"],"picked":"Acrobatics","floor":2},{"not_picked":["Underhanded Strike","Blade Dance","Cloak And Dagger"],"picked":"SKIP","floor":3},{"not_picked":["PiercingWail","Well Laid Plans"],"picked":"Dagger Spray","floor":4},{"not_picked":["Flying Knee","Crippling Poison"],"picked":"Sucker Punch","floor":6},{"not_picked":["Slice","Acrobatics"],"picked":"Poisoned Stab","floor":8},{"not_picked":["Sucker Punch","All Out Attack","Accuracy"],"picked":"SKIP","floor":12},{"not_picked":["Quick Slash","Setup"],"picked":"Cloak And Dagger","floor":13},{"not_picked":["Outmaneuver","Blade Dance"],"picked":"Backflip","floor":14},{"not_picked":["Doppelganger","Bullet Time"],"picked":"Wraith Form v2","floor":16},{"not_picked":["Bane","Outmaneuver"],"picked":"Choke","floor":18},{"not_picked":["Dagger Spray+1","Blade Dance+1"],"picked":"Deadly Poison","floor":20},{"not_picked":["Dagger Throw","Riddle With Holes"],"picked":"Poisoned Stab","floor":21},{"not_picked":["Flying Knee+1","Grand Finale"],"picked":"Catalyst","floor":22},{"not_picked":["Setup","Poisoned Stab"],"picked":"Caltrops","floor":23},{"not_picked":["Expertise","Prepared"],"picked":"Backflip+1","floor":24},{"not_picked":["Infinite Blades","Eviscerate"],"picked":"Malaise","floor":27},{"not_picked":["Expertise","Flying Knee+1"],"picked":"Dagger Spray+1","floor":28},{"not_picked":["Backflip","Quick Slash"],"picked":"Dodge and Roll+1","floor":29},{"not_picked":["Riddle With Holes","Wraith Form v2"],"picked":"Quick Slash+1","floor":31},{"not_picked":["Glass Knife","Unload"],"picked":"Adrenaline","floor":33},{"not_picked":["Tactician","Outmaneuver","Eviscerate+1"],"picked":"SKIP","floor":35},{"not_picked":["Deflect+1","Flying Knee+1"],"picked":"Crippling Poison+1","floor":37},{"not_picked":["Endless Agony+1","Cloak And Dagger"],"picked":"Predator","floor":38},{"not_picked":["Bane","Sucker Punch"],"picked":"Footwork+1","floor":40},{"not_picked":["Flying Knee+1","Dagger Spray+1"],"picked":"Poisoned Stab+1","floor":41},{"not_picked":["Escape Plan","Predator"],"picked":"Leg Sweep+1","floor":42},{"not_picked":["Phantasmal Killer","Outmaneuver","Slice"],"picked":"SKIP","floor":46},{"not_picked":["Swift Strike","Master of Strategy"],"picked":"Discovery","floor":47},{"not_picked":["PanicButton","Transmutation"],"picked":"Panacea","floor":47},{"not_picked":["Thinking Ahead","Bandage Up"],"picked":"Trip","floor":47},{"not_picked":["Skewer","Bane"],"picked":"Blade Dance+1","floor":48},{"not_picked":["Riddle With Holes+1","Slice+1"],"picked":"Footwork+1","floor":54}],"player_experience":732957,"relics_obtained":[{"floor":6,"key":"Incense Burner"},{"floor":8,"key":"Snake Skull"},{"floor":9,"key":"Ornamental Fan"},{"floor":23,"key":"Pear"},{"floor":26,"key":"Du-Vu Doll"},{"floor":27,"key":"Shuriken"},{"floor":31,"key":"Red Mask"},{"floor":40,"key":"Regal Pillow"},{"floor":42,"key":"Tingsha"},{"floor":46,"key":"Letter Opener"},{"floor":54,"key":"Paper Crane"}],"event_choices":[{"cards_removed":["Strike_G"],"damage_healed":0,"gold_gain":0,"player_choice":"Card Removal","damage_taken":7,"max_hp_gain":0,"max_hp_loss":0,"event_name":"Golden Wing","floor":5,"gold_loss":0},{"damage_healed":23,"gold_gain":0,"player_choice":"Banana","damage_taken":0,"max_hp_gain":0,"max_hp_loss":0,"event_name":"Big Fish","floor":11,"gold_loss":0},{"cards_removed":["Choke"],"damage_healed":0,"gold_gain":0,"player_choice":"Took Card","damage_taken":0,"max_hp_gain":0,"max_hp_loss":0,"event_name":"NoteForYourself","floor":19,"gold_loss":0,"cards_obtained":["Strike_B"]},{"damage_healed":0,"gold_gain":0,"player_choice":"Fought Bandits","damage_taken":0,"max_hp_gain":0,"max_hp_loss":0,"event_name":"Masked Bandits","floor":31,"gold_loss":0},{"cards_removed":["Strike_G"],"damage_healed":0,"gold_gain":0,"player_choice":"Offered Basic","damage_taken":0,"max_hp_gain":0,"max_hp_loss":0,"event_name":"Bonfire Elementals","floor":36,"gold_loss":0},{"damage_healed":0,"gold_gain":0,"player_choice":"Fight","damage_taken":0,"max_hp_gain":0,"max_hp_loss":0,"event_name":"Mysterious Sphere","floor":42,"gold_loss":0},{"cards_removed":["Defend_G"],"damage_healed":0,"gold_gain":0,"player_choice":"Removed Skill","damage_taken":0,"max_hp_gain":0,"max_hp_loss":0,"event_name":"Falling","floor":45,"gold_loss":0},{"damage_healed":0,"gold_gain":0,"player_choice":"Memory 3","damage_taken":10,"max_hp_gain":0,"max_hp_loss":0,"event_name":"SensoryStone","floor":47,"gold_loss":0}],"is_beta":true,"boss_relics":[{"not_picked":["Lizard Tail","Velvet Choker"],"picked":"Cursed Key"},{"not_picked":["Philosopher\u0027s Stone","Calling Bell"],"picked":"Runic Pyramid"}],"items_purged_floors":[30,39],"is_endless":false,"potions_floor_spawned":[1,2,6,8,18,20,27,33,37,40,41],"ascension_level":0}