{"gold_per_floor":[13,13,27,43,43,75,75,100,124,124,152,152,163,174,174,250,250,262,312,227,227,71,71,71],"floor_reached":24,"playtime":744,"items_purged":["Pain"],"score":424,"play_id":"121b86fa-2d15-402f-84bb-b406ed145e00","local_time":"20190427173602","is_ascension_mode":true,"campfire_choices":[{"floor":7,"key":"REST"},{"floor":10,"key":"REST"},{"data":"Conserve Battery","floor":12,"key":"SMITH"},{"floor":15,"key":"REST"},{"data":"Static Discharge","floor":23,"key":"SMITH"}],"neow_cost":"NO_GOLD","seed_source_timestamp":380093575589600,"circlet_count":0,"master_deck":["AscendersBane","Strike_B","Defend_B","Defend_B","Defend_B","Defend_B","Zap","Dualcast","Electrodynamics","Conserve Battery+1","Streamline","Hologram","FTL","Sunder","Consume","Coolheaded","BootSequence","Static Discharge+1"],"relics":["Cracked Core","Oddly Smooth Stone","Dream Catcher","Happy Flower","Art of War","Empty Cage","Kunai","WarpedTongs"],"potions_floor_usage":[8,16,16],"damage_taken":[{"damage":1,"enemies":"2 Louse","floor":1,"turns":3},{"damage":0,"enemies":"Jaw Worm","floor":3,"turns":4},{"damage":0,"enemies":"Cultist","floor":4,"turns":3},{"damage":37,"enemies":"Lagavulin","floor":6,"turns":6},{"damage":35,"enemies":"Gremlin Nob","floor":8,"turns":4},{"damage":10,"enemies":"Lagavulin","floor":11,"turns":5},{"damage":0,"enemies":"Exordium Thugs","floor":13,"turns":4},{"damage":3,"enemies":"Red Slaver","floor":14,"turns":3},{"damage":29,"enemies":"Slime Boss","floor":16,"turns":9},{"damage":9,"enemies":"2 Thieves","floor":18,"turns":4},{"damage":65,"enemies":"Slavers","floor":24,"turns":4}],"seed_played":"-6977592455221802014","potions_obtained":[{"floor":6,"key":"Regen Potion"},{"floor":11,"key":"Swift Potion"},{"floor":13,"key":"Regen Potion"}],"is_trial":false,"path_per_floor":["M","?","M","M","?","E","R","E","T","R","E","R","M","M","R","B",null,"M","?","?","?","$","R","E"],"character_chosen":"DEFECT","items_purchased":["Static Discharge"],"campfire_rested":3,"item_purchase_floors":[22],"current_hp_per_floor":[63,56,56,56,56,19,40,17,17,38,28,28,28,25,46,32,61,52,52,52,52,52,52,0],"gold":71,"neow_bonus":"THREE_RARE_CARDS","is_prod":false,"is_daily":false,"chose_seed":false,"campfire_upgraded":2,"win_rate":0,"timestamp":1556379362,"path_taken":["M","?","M","M","?","E","R","E","T","R","E","R","M","M","R","BOSS","M","?","?","?","$","R","E"],"build_version":"2019-01-23","purchased_purges":1,"victory":false,"max_hp_per_floor":[71,71,71,71,71,71,71,71,71,71,71,71,71,71,71,71,71,71,71,71,71,71,71,71],"card_choices":[{"not_picked":["Echo Form","Fission"],"picked":"Electrodynamics","floor":0},{"not_picked":["Stack","Beam Cell"],"picked":"Conserve Battery","floor":1},{"not_picked":["BootSequence","Steam"],"picked":"Streamline","floor":3},{"not_picked":["Compile Driver","Reprogram"],"picked":"Hologram","floor":4},{"not_picked":["Turbo","White Noise"],"picked":"FTL","floor":6},{"not_picked":["Turbo","Chaos","Streamline"],"picked":"SKIP","floor":8},{"not_picked":["Leap","Fusion"],"picked":"Sunder","floor":10},{"not_picked":["Redo","Sweeping Beam"],"picked":"Consume","floor":11},{"not_picked":["Compile Driver","Redo","Hologram"],"picked":"SKIP","floor":13},{"not_picked":["Leap","Aggregate"],"picked":"Coolheaded","floor":14},{"not_picked":["Recycle","Beam Cell"],"picked":"BootSequence","floor":18}],"player_experience":636412,"relics_obtained":[{"floor":6,"key":"Oddly Smooth Stone"},{"floor":8,"key":"Dream Catcher"},{"floor":9,"key":"Happy Flower"},{"floor":11,"key":"Art of War"}],"event_choices":[{"cards_removed":["Strike_B"],"damage_healed":0,"gold_gain":0,"player_choice":"Card Removal","damage_taken":7,"max_hp_gain":0,"max_hp_loss":0,"event_name":"Golden Wing","floor":2,"gold_loss":0},{"damage_healed":0,"gold_gain":0,"player_choice":"Ignored","damage_taken":0,"max_hp_gain":0,"max_hp_loss":0,"event_name":"Liars Game","floor":5,"gold_loss":0},{"damage_healed":0,"gold_gain":50,"player_choice":"Stole From Cult","damage_taken":0,"max_hp_gain":0,"max_hp_loss":0,"event_name":"Nest","floor":19,"gold_loss":0},{"damage_healed":0,"gold_gain":0,"player_choice":"Obtained Relic","damage_taken":0,"relics_obtained":["Kunai"],"max_hp_gain":0,"max_hp_loss":0,"event_name":"Addict","floor":20,"gold_loss":85},{"damage_healed":0,"gold_gain":0,"player_choice":"Rummage","damage_taken":0,"relics_obtained":["WarpedTongs"],"max_hp_gain":0,"max_hp_loss":0,"event_name":"Accursed Blacksmith","floor":21,"gold_loss":0,"cards_obtained":["Pain"]}],"is_beta":false,"boss_relics":[{"not_picked":["Ectoplasm","Orrery"],"picked":"Empty Cage"}],"items_purged_floors":[22],"is_endless":false,"potions_floor_spawned":[6,11,13,14],"killed_by":"Slavers","ascension_level":20}