{"gold_per_floor":[112,112,122,134,57,88,88,101,155,80,80,98,110,80,80,183,183,201,101,101,26,40,40,73,91,145,176,176,194,194,194,194,291,291,301,318,318,193,193,223,223,238,262,281,300,315,20,48,48,48,48,48,48,74,74],"floor_reached":55,"playtime":8521,"items_purged":["Defend_B","Strike_B","Stack+1","Melter"],"score":968,"play_id":"5da1a227-707c-446f-93e0-17c936b38c8c","local_time":"20190116165050","is_ascension_mode":true,"campfire_choices":[{"floor":7.0,"key":"RECALL"},{"floor":11.0,"key":"REST"},{"data":"Creative AI","floor":15.0,"key":"SMITH"},{"data":"Dualcast","floor":23.0,"key":"SMITH"},{"data":"Double Energy","floor":28.0,"key":"SMITH"},{"data":"Self Repair","floor":30.0,"key":"SMITH"},{"data":"Self Repair","floor":32.0,"key":"SMITH"},{"data":"Self Repair","floor":41.0,"key":"SMITH"},{"data":"Loop","floor":49.0,"key":"SMITH"},{"data":"BootSequence","floor":52.0,"key":"SMITH"}],"neow_cost":"NONE","seed_source_timestamp":0,"circlet_count":0,"master_deck":["Defend_B+1","Defend_B+1","Zap+1","Dualcast+1","Double Energy+1","Creative AI+1","BootSequence+1","Loop+1","Self Repair+1","Self Repair+1","Undo+1","Reboot+1","Gash+1","Self Repair+1","Coolheaded+1","Storm+1","Seek+1","Recycle+1","Blind+1","Madness+1","Madness+1","Blizzard+1"],"special_seed":0,"relics":["Cracked Core","Toxic Egg 2","DataDisk","Coffee Dripper","War Paint","Gremlin Horn","Sozu","Strawberry","Centennial Puzzle","Art of War","Incense Burner","Ornamental Fan"],"potions_floor_usage":[],"damage_taken":[{"damage":2.0,"enemies":"Jaw Worm","floor":1.0,"turns":4.0},{"damage":6.0,"enemies":"Cultist","floor":3.0,"turns":5.0},{"damage":0.0,"enemies":"2 Louse","floor":4.0,"turns":3.0},{"damage":25.0,"enemies":"3 Sentries","floor":6.0,"turns":6.0},{"damage":12.0,"enemies":"Red Slaver","floor":8.0,"turns":5.0},{"damage":10.0,"enemies":"3 Louse","floor":12.0,"turns":4.0},{"damage":10.0,"enemies":"2 Fungi Beasts","floor":13.0,"turns":4.0},{"damage":38.0,"enemies":"Slime Boss","floor":16.0,"turns":9.0},{"damage":34.0,"enemies":"3 Byrds","floor":18.0,"turns":6.0},{"damage":18.0,"enemies":"Shell Parasite","floor":22.0,"turns":5.0},{"damage":35.0,"enemies":"Gremlin Leader","floor":24.0,"turns":7.0},{"damage":0.0,"enemies":"Snake Plant","floor":25.0,"turns":4.0},{"damage":37.0,"enemies":"Slavers","floor":27.0,"turns":4.0},{"damage":10.0,"enemies":"Snecko","floor":29.0,"turns":4.0},{"damage":0.0,"enemies":"Colosseum Slavers","floor":31.0,"turns":4.0},{"damage":9.0,"enemies":"Automaton","floor":33.0,"turns":8.0},{"damage":5.0,"enemies":"Orb Walker","floor":35.0,"turns":3.0},{"damage":14.0,"enemies":"3 Darklings","floor":36.0,"turns":6.0},{"damage":2.0,"enemies":"Giant Head","floor":40.0,"turns":11.0},{"damage":0.0,"enemies":"Sphere and 2 Shapes","floor":42.0,"turns":3.0},{"damage":8.0,"enemies":"Transient","floor":44.0,"turns":5.0},{"damage":0.0,"enemies":"4 Shapes","floor":45.0,"turns":5.0},{"damage":0.0,"enemies":"3 Darklings","floor":46.0,"turns":5.0},{"damage":51.0,"enemies":"Nemesis","floor":48.0,"turns":9.0},{"damage":29.0,"enemies":"Donu and Deca","floor":50.0,"turns":13.0},{"damage":31.0,"enemies":"Shield and Spear","floor":54.0,"turns":10.0},{"damage":80,"enemies":"The Heart","floor":55,"turns":5}],"seed_played":"-1795230915611617704","potions_obtained":[{"floor":3.0,"key":"FearPotion"},{"floor":4.0,"key":"Fire Potion"},{"floor":8.0,"key":"Regen Potion"},{"floor":14.0,"key":"Energy Potion"},{"floor":14.0,"key":"SkillPotion"},{"floor":24.0,"key":"Fruit Juice"},{"floor":33.0,"key":"Explosive Potion"}],"is_trial":false,"path_per_floor":["M","?","M","M","$","E","R","M","T","$","R","M","M","?","R","B",null,"M","$","?","?","M","R","E","M","T","E","R","M","R","?","R","B",null,"M","M","?","$","?","E","R","M","T","M","M","M","$","E","R","B",null,"R","$","E","B"],"character_chosen":"DEFECT","items_purchased":["Self Repair","Art of War"],"campfire_rested":1,"item_purchase_floors":[5,47],"current_hp_per_floor":[66,66,60,60,60,42,42,37,37,37,59,68,72,72,72,48,68,48,48,48,48,51,51,37,51,51,40,40,44,44,61,61,79,80,80,80,70,70,60,87,87,87,87,87,87,87,87,66,66,57,80,80,80,79,0],"gold":74,"neow_bonus":"UPGRADE_CARD","is_prod":false,"is_daily":false,"chose_seed":false,"campfire_upgraded":8,"win_rate":0,"timestamp":1547686250,"path_taken":["M","?","M","?","?","E","R","?","T","$","R","M","M","?","R","BOSS","M","$","?","?","M","R","E","M","T","E","R","M","R","?","R","BOSS","M","M","?","$","?","E","R","M","T","M","M","M","$","E","R","BOSS","R","$","E","BOSS"],"build_version":"2019-01-10","purchased_purges":4,"victory":false,"max_hp_per_floor":[75,75,75,75,75,75,75,75,75,75,75,75,75,75,75,75,75,75,75,75,75,75,75,75,75,75,80,80,80,80,80,80,80,80,80,80,80,80,80,87,87,87,87,87,87,87,87,87,87,87,87,87,87,87,87],"card_choices":[{"not_picked":["Leap","Chill"],"picked":"Double Energy","floor":1.0},{"not_picked":["Redo","Hologram"],"picked":"BootSequence","floor":3.0},{"not_picked":["Leap","Hologram"],"picked":"Loop","floor":4.0},{"not_picked":["Ball Lightning","Rebound","Tempest"],"picked":"SKIP","floor":6.0},{"not_picked":["Capacitor","Loop"],"picked":"Stack+1","floor":8.0},{"not_picked":["Loop","Recycle+1"],"picked":"Self Repair","floor":12.0},{"not_picked":["Storm","All For One"],"picked":"Undo+1","floor":13.0},{"not_picked":["Rainbow+1","Biased Cognition"],"picked":"Reboot+1","floor":16.0},{"not_picked":["Redo+1","Cold Snap"],"picked":"Gash+1","floor":18.0},{"not_picked":["Darkness+1","Steam Power+1"],"picked":"Coolheaded+1","floor":22.0},{"not_picked":["Darkness+1","BootSequence+1","Scrape"],"picked":"SKIP","floor":24.0},{"not_picked":["Hologram+1","Double Energy+1"],"picked":"Storm+1","floor":25.0},{"not_picked":["Beam Cell+1","Rebound+1","Turbo+1"],"picked":"SKIP","floor":27.0},{"not_picked":["Leap+1","Melter","Undo+1"],"picked":"SKIP","floor":29.0},{"not_picked":["Meteor Strike","Hyperbeam"],"picked":"Seek+1","floor":33.0},{"not_picked":["Stack+1","Lockon+1","Barrage"],"picked":"SKIP","floor":35.0},{"not_picked":["Ball Lightning+1","Rebound"],"picked":"Recycle+1","floor":36.0},{"not_picked":["Dark Shackles+1","PanicButton+1"],"picked":"Blind+1","floor":37.0},{"not_picked":["Turbo+1","Barrage+1","Sweeping Beam"],"picked":"SKIP","floor":40.0},{"not_picked":["Stack+1","Beam Cell","Steam+1"],"picked":"SKIP","floor":42.0},{"not_picked":["FTL","Go for the Eyes+1","BootSequence+1"],"picked":"SKIP","floor":44.0},{"not_picked":["Leap+1","Barrage","Beam Cell"],"picked":"SKIP","floor":45.0},{"not_picked":["Double Energy+1","Loop","Doom and Gloom"],"picked":"SKIP","floor":46.0},{"not_picked":["Fission+1","Coolheaded+1","BootSequence+1"],"picked":"SKIP","floor":48.0},{"not_picked":["Ball Lightning+1","Auto Shields+1"],"picked":"Blizzard+1","floor":54.0}],"player_experience":1040349,"relics_obtained":[{"floor":6.0,"key":"Toxic Egg 2"},{"floor":9.0,"key":"DataDisk"},{"floor":24.0,"key":"War Paint"},{"floor":27.0,"key":"Gremlin Horn"},{"floor":40.0,"key":"Strawberry"},{"floor":43.0,"key":"Centennial Puzzle"},{"floor":48.0,"key":"Incense Burner"},{"floor":54.0,"key":"Ornamental Fan"}],"event_choices":[{"damage_healed":0.0,"max_hp_gain":0.0,"max_hp_loss":0.0,"gold_gain":0.0,"cards_transformed":["Strike_B"],"event_name":"Transmorgrifier","player_choice":"Transformed","floor":2.0,"gold_loss":0.0,"damage_taken":0.0,"cards_obtained":["Creative AI"]},{"damage_healed":0.0,"max_hp_gain":0.0,"max_hp_loss":0.0,"gold_gain":0.0,"event_name":"The Woman in Blue","player_choice":"Bought 2 Potions","floor":14.0,"gold_loss":0.0,"damage_taken":0.0},{"damage_healed":0.0,"max_hp_gain":0.0,"max_hp_loss":0.0,"gold_gain":0.0,"cards_transformed":["Defend_B","Strike_B"],"event_name":"Drug Dealer","player_choice":"Became Test Subject","floor":20.0,"gold_loss":0.0,"damage_taken":0.0,"cards_obtained":["Melter","Self Repair"]},{"cards_removed":["Strike_B"],"damage_healed":0.0,"max_hp_gain":0.0,"max_hp_loss":0.0,"gold_gain":0.0,"event_name":"Beggar","player_choice":"Gave Gold","floor":21.0,"gold_loss":75.0,"damage_taken":0.0},{"damage_healed":0.0,"max_hp_gain":0.0,"max_hp_loss":0.0,"gold_gain":0.0,"event_name":"Colosseum","player_choice":"Fight","floor":31.0,"gold_loss":0.0,"damage_taken":0.0},{"damage_healed":0.0,"max_hp_gain":0.0,"max_hp_loss":0.0,"gold_gain":0.0,"event_name":"Colosseum","player_choice":"Fled From Nobs","floor":31.0,"gold_loss":0.0,"damage_taken":0.0},{"damage_healed":0.0,"max_hp_gain":0.0,"max_hp_loss":0.0,"gold_gain":0.0,"event_name":"SensoryStone","player_choice":"Memory 3","floor":37.0,"gold_loss":0.0,"damage_taken":10.0},{"damage_healed":0.0,"max_hp_gain":0.0,"max_hp_loss":0.0,"gold_gain":0.0,"event_name":"Winding Halls","player_choice":"Embrace Madness","floor":39.0,"gold_loss":0.0,"damage_taken":10.0,"cards_obtained":["Madness","Madness"]}],"is_beta":false,"boss_relics":[{"not_picked":["White Beast Statue","Tiny House"],"picked":"Coffee Dripper"},{"not_picked":["Snecko Eye","Velvet Choker"],"picked":"Sozu"}],"items_purged_floors":[10,19,38,47],"is_endless":false,"potions_floor_spawned":[3,4,8,24,33,36,40,44,46,54],"killed_by":"The Heart","ascension_level":7}