{"gold_per_floor":[118,118,136,9,21,21,48,48,48,76,91,103,49,62,62,165,165,179,179,179,254,274,274,299,299,351,374,386,414,426,451,463,475],"floor_reached":33,"playtime":968,"items_purged":["Strike_R"],"score":317,"play_id":"40fa3a2e-88f4-4d2f-b4ea-0f5eb9c0593d","local_time":"20190422230440","is_ascension_mode":true,"campfire_choices":[{"data":"Flex","floor":6.0,"key":"SMITH"},{"data":"Clothesline","floor":8.0,"key":"SMITH"},{"data":"Double Tap","floor":15.0,"key":"SMITH"},{"data":"RitualDagger","floor":23.0,"key":"SMITH"},{"data":"Flex","floor":25.0,"key":"SMITH"},{"data":"Sword Boomerang","floor":28.0,"key":"SMITH"},{"data":"Bash","floor":32,"key":"SMITH"}],"neow_cost":"NONE","seed_source_timestamp":0,"circlet_count":0,"master_deck":["Strike_R","Strike_R","Defend_R","Defend_R","Bash+1","Clothesline+1","Flex+1","Sword Boomerang","Clash","Flex+1","Sword Boomerang+1","Clash","Double Tap+1","Power Through+1","Corruption+1","Clothesline+1","Sever Soul","RitualDagger+1","Pommel Strike+1","Heavy Blade+1"],"special_seed":0,"relics":["Burning Blood","Mummified Hand","Matryoshka","Kunai","Astrolabe","Ginger","Bag of Marbles","MawBank","Frozen Egg 2"],"potions_floor_usage":[],"damage_taken":[{"damage":12.0,"enemies":"Small Slimes","floor":1.0,"turns":3.0},{"damage":6.0,"enemies":"Cultist","floor":3.0,"turns":3.0},{"damage":3.0,"enemies":"Jaw Worm","floor":5.0,"turns":3.0},{"damage":21.0,"enemies":"Lagavulin","floor":7.0,"turns":6.0},{"damage":11.0,"enemies":"3 Sentries","floor":10.0,"turns":7.0},{"damage":0.0,"enemies":"Large Slime","floor":11.0,"turns":4.0},{"damage":0.0,"enemies":"2 Fungi Beasts","floor":12.0,"turns":2.0},{"damage":4.0,"enemies":"Gremlin Gang","floor":14.0,"turns":3.0},{"damage":41.0,"enemies":"The Guardian","floor":16.0,"turns":9.0},{"damage":10.0,"enemies":"Spheric Guardian","floor":18.0,"turns":3.0},{"damage":22.0,"enemies":"3 Byrds","floor":22.0,"turns":5.0},{"damage":0.0,"enemies":"Gremlin Leader","floor":24.0,"turns":4.0},{"damage":17.0,"enemies":"Snecko","floor":27.0,"turns":4.0},{"damage":21.0,"enemies":"Cultist and Chosen","floor":29.0,"turns":5.0},{"damage":6,"enemies":"Shelled Parasite and Fungi","floor":31,"turns":2},{"damage":50,"enemies":"Automaton","floor":33,"turns":6}],"seed_played":"-486897908692630012","potions_obtained":[{"floor":3.0,"key":"EssenceOfSteel"},{"floor":5.0,"key":"Swift Potion"},{"floor":10.0,"key":"Block Potion"},{"floor":12.0,"key":"Regen Potion"},{"floor":22.0,"key":"GamblersBrew"},{"floor":24.0,"key":"LiquidBronze"}],"is_trial":false,"path_per_floor":["M","?","M","$","M","R","E","R","T","E","M","M","$","M","R","B",null,"M","?","?","?","M","R","E","R","T","M","R","M","?","M","R","B"],"character_chosen":"IRONCLAD","items_purchased":["Sword Boomerang","Clash"],"campfire_rested":0,"item_purchase_floors":[4,13],"current_hp_per_floor":[74,66,66,66,69,69,54,54,54,49,55,61,61,63,63,28,80,76,76,70,62,46,46,52,52,52,41,41,40,40,40,40,0],"gold":475,"neow_bonus":"TRANSFORM_CARD","is_prod":false,"is_daily":false,"chose_seed":false,"campfire_upgraded":7,"win_rate":0,"timestamp":1555999480,"path_taken":["M","?","?","$","M","R","E","R","T","E","M","M","$","?","R","BOSS","M","?","?","?","?","R","E","R","T","M","R","M","?","M","R","BOSS"],"build_version":"2019-01-23","purchased_purges":1,"victory":false,"max_hp_per_floor":[80,80,80,80,80,80,80,80,80,80,80,80,80,80,80,80,80,80,80,80,80,80,80,80,80,80,80,80,80,80,80,80,80],"card_choices":[{"not_picked":["Anger","Metallicize"],"picked":"Flex","floor":1.0},{"not_picked":["Pommel Strike","Entrench","Headbutt"],"picked":"SKIP","floor":3.0},{"not_picked":["Sever Soul","Shockwave"],"picked":"Clash","floor":5.0},{"not_picked":["Headbutt","Berserk","Perfected Strike"],"picked":"SKIP","floor":7.0},{"not_picked":["Thunderclap","Pummel"],"picked":"Flex","floor":10.0},{"not_picked":["Twin Strike","Pommel Strike"],"picked":"Sword Boomerang","floor":11.0},{"not_picked":["Intimidate","Shrug It Off","Anger"],"picked":"SKIP","floor":12.0},{"not_picked":["Thunderclap","Sword Boomerang"],"picked":"Double Tap","floor":14.0},{"not_picked":["Body Slam","Clash"],"picked":"Sever Soul","floor":18.0},{"not_picked":["Cleave","True Grit"],"picked":"Pommel Strike+1","floor":22.0},{"not_picked":["Intimidate","Armaments","Hemokinesis"],"picked":"SKIP","floor":24.0},{"not_picked":["Shockwave","Power Through+1","Heavy Blade+1"],"picked":"SKIP","floor":27.0},{"not_picked":["Shockwave","Power Through+1"],"picked":"Heavy Blade+1","floor":27.0},{"not_picked":["Sword Boomerang+1","Reckless Charge+1","Shrug It Off"],"picked":"SKIP","floor":29.0},{"not_picked":["Armaments+1","Feel No Pain+1","Wild Strike+1"],"picked":"SKIP","floor":31}],"player_experience":936438,"relics_obtained":[{"floor":7.0,"key":"Mummified Hand"},{"floor":9.0,"key":"Matryoshka"},{"floor":10.0,"key":"Kunai"},{"floor":24.0,"key":"Ginger"},{"floor":26.0,"key":"Bag of Marbles"},{"floor":26.0,"key":"MawBank"}],"event_choices":[{"damage_healed":0.0,"max_hp_gain":0.0,"max_hp_loss":0.0,"gold_gain":0.0,"event_name":"Wheel of Change","player_choice":"Damaged","floor":2.0,"gold_loss":0.0,"damage_taken":8.0},{"damage_healed":0.0,"max_hp_gain":0.0,"max_hp_loss":0.0,"gold_gain":0.0,"event_name":"The Mausoleum","player_choice":"Ignored","floor":19.0,"gold_loss":0.0,"damage_taken":0.0},{"damage_healed":0.0,"max_hp_gain":0.0,"max_hp_loss":0.0,"gold_gain":0.0,"event_name":"Nest","player_choice":"Joined the Cult","floor":20.0,"gold_loss":0.0,"damage_taken":6.0,"cards_obtained":["RitualDagger"]},{"damage_healed":0.0,"max_hp_gain":0.0,"max_hp_loss":0.0,"gold_gain":75.0,"event_name":"FaceTrader","player_choice":"Touch","floor":21.0,"gold_loss":0.0,"damage_taken":8.0},{"damage_healed":0.0,"max_hp_gain":0.0,"max_hp_loss":0.0,"gold_gain":0.0,"event_name":"WeMeetAgain","player_choice":"Gave Potion","floor":30.0,"gold_loss":0.0,"damage_taken":0.0,"relics_obtained":["Frozen Egg 2"]}],"is_beta":false,"boss_relics":[{"not_picked":["White Beast Statue","Lizard Tail"],"picked":"Astrolabe"}],"items_purged_floors":[4],"is_endless":false,"potions_floor_spawned":[3,5,10,12,22,24],"killed_by":"Automaton","ascension_level":1}