{"gold_per_floor":[12,12,36,36,60,60,75,89,89,89,110,151,175,189,189,314,314,338,52,66,66,85,118,141,161,161,161,175,0,0,24,24,24],"floor_reached":33,"playtime":2111,"items_purged":["Strike_R"],"score":275,"play_id":"2df4e9fd-57a3-4b9f-9074-254981e1e457","local_time":"20190206020949","is_ascension_mode":false,"campfire_choices":[{"data":"Flex","floor":6,"key":"SMITH"},{"data":"Pommel Strike","floor":10,"key":"SMITH"},{"data":"Rage","floor":15,"key":"SMITH"},{"floor":30,"key":"REST"},{"floor":32,"key":"REST"}],"neow_cost":"NO_GOLD","seed_source_timestamp":195177950138666,"circlet_count":0,"master_deck":["Strike_R","Strike_R","Strike_R+1","Strike_R+1","Defend_R","Defend_R","Defend_R","Defend_R","Bash","Twin Strike","Pommel Strike+1","Decay","Flex+1","Shrug It Off","Rage+1","Perfected Strike","Clash","Rampage","Second Wind","Double Tap","Battle Trance+1","Flex","Warcry","Cleave","Clash","Warcry","Pain"],"relics":["Burning Blood","Golden Idol","Whetstone","PreservedInsect","Cursed Key","Vajra","MutagenicStrength","Question Card","Ornamental Fan","Bag of Preparation"],"potions_floor_usage":[16,16,33,33],"damage_taken":[{"damage":7,"enemies":"2 Louse","floor":1,"turns":3},{"damage":6,"enemies":"Cultist","floor":3,"turns":3},{"damage":2,"enemies":"Small Slimes","floor":5,"turns":3},{"damage":9,"enemies":"3 Louse","floor":7,"turns":4},{"damage":4,"enemies":"Looter","floor":8,"turns":3},{"damage":9,"enemies":"Exordium Wildlife","floor":11,"turns":4},{"damage":17,"enemies":"Gremlin Nob","floor":12,"turns":4},{"damage":7,"enemies":"Blue Slaver","floor":13,"turns":2},{"damage":2,"enemies":"2 Fungi Beasts","floor":14,"turns":3},{"damage":55,"enemies":"The Guardian","floor":16,"turns":9},{"damage":24,"enemies":"Shell Parasite","floor":18,"turns":5},{"damage":5,"enemies":"Chosen","floor":20,"turns":2},{"damage":11,"enemies":"Snake Plant","floor":22,"turns":3},{"damage":44,"enemies":"Slavers","floor":23,"turns":4},{"damage":8,"enemies":"3 Cultists","floor":24,"turns":5},{"damage":4,"enemies":"Centurion and Healer","floor":25,"turns":3},{"damage":16,"enemies":"Snake Plant","floor":28,"turns":3},{"damage":13,"enemies":"Shelled Parasite and Fungi","floor":31,"turns":4},{"damage":83,"enemies":"Champ","floor":33,"turns":8}],"seed_played":"7754575627167777432","potions_obtained":[{"floor":3,"key":"BloodPotion"},{"floor":5,"key":"PowerPotion"},{"floor":11,"key":"SmokeBomb"},{"floor":20,"key":"GamblersBrew"},{"floor":23,"key":"Energy Potion"},{"floor":25,"key":"FearPotion"},{"floor":28,"key":"BloodPotion"}],"is_trial":false,"path_per_floor":["M","?","M","?","M","R","M","M","T","R","M","E","M","M","R","B",null,"M","$","M","?","M","E","M","M","T","?","M","?","R","M","R","B"],"character_chosen":"IRONCLAD","items_purchased":["Vajra","Flex"],"campfire_rested":2,"item_purchase_floors":[19,19],"current_hp_per_floor":[95,89,89,89,89,89,86,88,88,88,85,74,73,77,77,36,89,71,71,72,72,67,29,27,29,29,29,19,19,45,38,64,0],"gold":24,"neow_bonus":"TWENTY_PERCENT_HP_BONUS","is_prod":false,"is_daily":false,"chose_seed":false,"campfire_upgraded":3,"win_rate":0.0,"timestamp":1549393789,"path_taken":["M","?","M","?","M","R","M","M","T","R","?","E","M","M","R","BOSS","M","$","M","?","M","E","M","M","T","?","M","?","R","M","R","BOSS"],"build_version":"2018-12-4","purchased_purges":1,"victory":false,"max_hp_per_floor":[96,89,89,89,89,89,89,89,89,89,89,89,89,89,89,89,89,89,89,89,89,89,89,89,89,89,89,89,89,89,89,89,89],"card_choices":[{"not_picked":["Clothesline","Thunderclap"],"picked":"Twin Strike","floor":1},{"not_picked":["Twin Strike","True Grit"],"picked":"Pommel Strike","floor":3},{"not_picked":["True Grit","Warcry"],"picked":"Flex","floor":5},{"not_picked":["Body Slam","True Grit"],"picked":"Shrug It Off","floor":7},{"not_picked":["Clothesline","Twin Strike"],"picked":"Rage","floor":8},{"not_picked":["Reaper","Heavy Blade"],"picked":"Perfected Strike","floor":11},{"not_picked":["Uppercut","Clothesline"],"picked":"Clash","floor":12},{"not_picked":["Iron Wave","Flex"],"picked":"Rampage","floor":13},{"not_picked":["Rage","Ghostly Armor"],"picked":"Second Wind","floor":14},{"not_picked":["Feed","Bludgeon"],"picked":"Double Tap","floor":16},{"not_picked":["Dropkick","Blood for Blood"],"picked":"Battle Trance+1","floor":18},{"not_picked":["Reckless Charge","Flame Barrier","Power Through"],"picked":"SKIP","floor":20},{"not_picked":["Pommel Strike+1","Shrug It Off+1"],"picked":"Warcry","floor":22},{"not_picked":["Flex","Headbutt+1"],"picked":"Cleave","floor":23},{"not_picked":["Shrug It Off","Iron Wave","Body Slam"],"picked":"Clash","floor":24},{"not_picked":["Shockwave","Thunderclap","Body Slam+1"],"picked":"Warcry","floor":25},{"not_picked":["Disarm+1","Body Slam","Clothesline","Bludgeon"],"picked":"SKIP","floor":28},{"not_picked":["Bloodletting","Warcry","Ghostly Armor","Sever Soul"],"picked":"SKIP","floor":31}],"player_experience":16606,"relics_obtained":[{"floor":9,"key":"Whetstone"},{"floor":12,"key":"PreservedInsect"},{"floor":23,"key":"Question Card"},{"floor":26,"key":"Ornamental Fan"}],"event_choices":[{"damage_healed":0,"gold_gain":0,"player_choice":"Lose Max HP","damage_taken":0,"relics_obtained":["Golden Idol"],"max_hp_gain":0,"max_hp_loss":7,"event_name":"Golden Idol","floor":2,"gold_loss":0},{"damage_healed":0,"gold_gain":0,"player_choice":"Cursed","damage_taken":0,"max_hp_gain":0,"max_hp_loss":0,"event_name":"Wheel of Change","floor":4,"gold_loss":0,"cards_obtained":["Decay"]},{"damage_healed":0,"gold_gain":0,"player_choice":"Inject Mutagens","damage_taken":0,"relics_obtained":["MutagenicStrength"],"max_hp_gain":0,"max_hp_loss":0,"event_name":"Drug Dealer","floor":21,"gold_loss":0},{"damage_healed":0,"gold_gain":0,"player_choice":"Opened","damage_taken":0,"relics_obtained":["Bag of Preparation"],"max_hp_gain":0,"max_hp_loss":0,"event_name":"The Mausoleum","floor":27,"gold_loss":0},{"damage_healed":0,"gold_gain":0,"player_choice":"Paid Fearfully","damage_taken":0,"max_hp_gain":0,"max_hp_loss":0,"event_name":"Masked Bandits","floor":29,"gold_loss":175}],"is_beta":true,"boss_relics":[{"not_picked":["Astrolabe","Lizard Tail"],"picked":"Cursed Key"}],"items_purged_floors":[19],"is_endless":false,"potions_floor_spawned":[3,5,11,12,20,23,25,28],"killed_by":"Champ","ascension_level":0}