{"gold_per_floor":[219,219,40,53,53,53,83,83,83,83,5,16,29,49,49,128,128,147,37,87,105,119,119],"floor_reached":23,"playtime":800,"items_purged":["Strike_B"],"score":482,"play_id":"71529b56-a3ae-4475-a81e-6afea037858e","local_time":"20181227195512","is_ascension_mode":true,"campfire_choices":[{"data":"Rip and Tear","floor":6.0,"key":"SMITH"},{"floor":15,"key":"REST"}],"neow_cost":"NONE","seed_source_timestamp":0,"circlet_count":0,"master_deck":["AscendersBane","Defend_B","Defend_B","Defend_B","Defend_B+1","Zap","Dualcast","Coolheaded","Machine Learning+1","Rip and Tear+1","Compile Driver","Hologram","Self Repair","Conserve Battery","Sweeping Beam","BootSequence","Biased Cognition","Gash+1","Leap+1","Steam Power+1","Ball Lightning","Ball Lightning","Sweeping Beam+1"],"special_seed":0,"relics":["Cracked Core","Art of War","Dead Branch","DataDisk","Astrolabe"],"potions_floor_usage":[16,22],"damage_taken":[{"damage":4.0,"enemies":"Jaw Worm","floor":1.0,"turns":3.0},{"damage":0.0,"enemies":"Cultist","floor":4.0,"turns":4.0},{"damage":28.0,"enemies":"Gremlin Nob","floor":7.0,"turns":4.0},{"damage":4.0,"enemies":"Small Slimes","floor":12.0,"turns":3.0},{"damage":6,"enemies":"3 Louse","floor":13,"turns":4},{"damage":5,"enemies":"Blue Slaver","floor":14,"turns":3},{"damage":0,"enemies":"Slime Boss","floor":16,"turns":5},{"damage":13,"enemies":"Chosen","floor":18,"turns":6},{"damage":13,"enemies":"2 Thieves","floor":21,"turns":3},{"damage":30,"enemies":"Shelled Parasite and Fungi","floor":22,"turns":6},{"damage":10,"enemies":"Gremlin Leader","floor":23,"turns":2}],"seed_played":"115833681645867123","potions_obtained":[{"floor":7.0,"key":"PowerPotion"},{"floor":14,"key":"Ancient Potion"}],"is_trial":false,"path_per_floor":["M","?","$","M","?","R","E","?","T","?","$","M","M","M","R","B",null,"M","$","?","M","M","E"],"character_chosen":"DEFECT","items_purchased":["Rip and Tear","Compile Driver","Self Repair","Ball Lightning","Block Potion"],"campfire_rested":1,"item_purchase_floors":[3,3,11,19,19],"current_hp_per_floor":[60,60,60,60,39,39,11,6,6,6,6,9,10,12,33,33,62,49,49,49,36,6,0],"gold":119,"neow_bonus":"HUNDRED_GOLD","is_prod":false,"is_daily":false,"chose_seed":false,"campfire_upgraded":1,"win_rate":0,"timestamp":1545936912,"path_taken":["M","?","$","?","?","R","E","?","T","?","?","M","M","M","R","BOSS","M","$","?","?","M","E"],"build_version":"2018-12-20","purchased_purges":1,"victory":false,"max_hp_per_floor":[71,71,71,71,71,71,71,71,71,71,71,71,71,71,71,71,71,71,71,71,71,71,71],"card_choices":[{"not_picked":["Rebound","Stack"],"picked":"Coolheaded","floor":1.0},{"not_picked":["Fusion","Redo","Stack"],"picked":"SKIP","floor":4.0},{"not_picked":["Creative AI","Static Discharge"],"picked":"Hologram","floor":7.0},{"not_picked":["Beam Cell","Melter"],"picked":"Conserve Battery","floor":12.0},{"not_picked":["Chill","Double Energy"],"picked":"Sweeping Beam","floor":13},{"not_picked":["Steam","Consume"],"picked":"BootSequence","floor":14},{"not_picked":["Seek","Core Surge"],"picked":"Biased Cognition","floor":16},{"not_picked":["Coolheaded","Leap+1"],"picked":"Ball Lightning","floor":18},{"not_picked":["Capacitor","Coolheaded+1"],"picked":"Sweeping Beam+1","floor":21},{"not_picked":["Redo","Coolheaded","Ball Lightning"],"picked":"SKIP","floor":22}],"player_experience":1054123,"relics_obtained":[{"floor":7.0,"key":"Art of War"},{"floor":9.0,"key":"DataDisk"}],"event_choices":[{"damage_healed":0.0,"max_hp_gain":0.0,"max_hp_loss":0.0,"gold_gain":0.0,"event_name":"Match and Keep!","player_choice":"1 cards matched","floor":2.0,"gold_loss":0.0,"damage_taken":0.0,"cards_obtained":["Machine Learning"]},{"damage_healed":0.0,"max_hp_gain":0.0,"max_hp_loss":0.0,"gold_gain":0.0,"event_name":"Shining Light","player_choice":"Entered Light","floor":5.0,"gold_loss":0.0,"damage_taken":21.0,"cards_upgraded":["Defend_B","Machine Learning"]},{"damage_healed":0.0,"max_hp_gain":0.0,"max_hp_loss":0.0,"gold_gain":0.0,"event_name":"Scrap Ooze","player_choice":"Success","floor":8.0,"gold_loss":0.0,"damage_taken":5.0,"relics_obtained":["Dead Branch"]},{"damage_healed":0.0,"max_hp_gain":0.0,"max_hp_loss":0.0,"gold_gain":0.0,"event_name":"Dead Adventurer","player_choice":"Searched \u00270\u0027 times","floor":10.0,"gold_loss":0.0,"damage_taken":0.0},{"damage_healed":0,"gold_gain":50,"player_choice":"Pray","damage_taken":0,"max_hp_gain":0,"max_hp_loss":0,"event_name":"Golden Shrine","floor":20,"gold_loss":0}],"is_beta":false,"boss_relics":[{"not_picked":["Black Star","Inserter"],"picked":"Astrolabe"}],"items_purged_floors":[3],"is_endless":false,"potions_floor_spawned":[7,14,21],"killed_by":"Gremlin Leader","ascension_level":20}