{"gold_per_floor":[115,115,15,29,42,77,93,93,93,112,187,200,234,50,50,146,146,158,158,174,174,68,68,100,100,123,123,138,63,89,101,101,199,199,214,214,264,6,6,39,39,65,89,120,138,138,150,176,176,176,176,176,1,36,36],"floor_reached":55,"playtime":5163,"items_purged":["Pain","Shame","Regret"],"score":890,"play_id":"765f4d7e-bb6d-4331-aa8b-1a90afe42716","local_time":"20190210123134","is_ascension_mode":true,"campfire_choices":[{"data":"White Noise","floor":8,"key":"SMITH"},{"data":"Zap","floor":15,"key":"SMITH"},{"data":"Go for the Eyes","floor":23,"key":"SMITH"},{"data":"Redo","floor":25,"key":"SMITH"},{"data":"Fusion","floor":32,"key":"SMITH"},{"floor":41,"key":"RECALL"},{"floor":46,"key":"DIG"},{"floor":49,"key":"DIG"},{"floor":52,"key":"DIG"}],"neow_cost":"NONE","seed_source_timestamp":2280679130553800,"circlet_count":0,"master_deck":["Strike_B","Strike_B","Strike_B","Defend_B","Defend_B+1","Defend_B","Defend_B","Zap+1","Dualcast","Storm","Cold Snap","White Noise+1","Fusion+1","Redo+1","Capacitor","Glacier","Reinforced Body+1","Stack","Conserve Battery","Self Repair","Turbo","Machine Learning","Go for the Eyes+1","Chill","Cold Snap","Capacitor","Auto Shields","All For One","Ghostly","Ghostly","Ghostly","Ghostly","Ghostly","Redo+1","Skim+1","Reboot","Defragment+1","Sweeping Beam","Ball Lightning","Coolheaded","Self Repair","Sunder+1","Aggregate+1","Clumsy","Barrage+1","Chill","FTL","Coolheaded","Scrape+1"],"relics":["Coffee Dripper","WarpedTongs","Dream Catcher","Mango","White Beast Statue","Nilry\u0027s Codex","Vajra","Orichalcum","War Paint","Cursed Key","Shovel","Turnip","Ornamental Fan","Pen Nib","Oddly Smooth Stone","Mercury Hourglass","Bag of Preparation","Boot","Bronze Scales","Sundial","DataDisk"],"potions_floor_usage":[6,6,13,13,16,24,24,33,37,37,42,44,54,54,55,55],"damage_taken":[{"damage":0,"enemies":"2 Louse","floor":1,"turns":2},{"damage":0,"enemies":"Cultist","floor":4,"turns":4},{"damage":0,"enemies":"Jaw Worm","floor":5,"turns":3},{"damage":2,"enemies":"3 Sentries","floor":6,"turns":3},{"damage":1,"enemies":"2 Fungi Beasts","floor":7,"turns":3},{"damage":9,"enemies":"Large Slime","floor":10,"turns":6},{"damage":0,"enemies":"Blue Slaver","floor":12,"turns":5},{"damage":5,"enemies":"Lagavulin","floor":13,"turns":6},{"damage":12,"enemies":"The Guardian","floor":16,"turns":16},{"damage":10,"enemies":"3 Byrds","floor":18,"turns":6},{"damage":5,"enemies":"Chosen","floor":20,"turns":8},{"damage":13,"enemies":"Gremlin Leader","floor":24,"turns":8},{"damage":0,"enemies":"Centurion and Healer","floor":28,"turns":10},{"damage":6,"enemies":"Book of Stabbing","floor":30,"turns":9},{"damage":0,"enemies":"Cultist and Chosen","floor":31,"turns":11},{"damage":29,"enemies":"Automaton","floor":33,"turns":13},{"damage":0,"enemies":"3 Shapes","floor":35,"turns":7},{"damage":5,"enemies":"2 Orb Walkers","floor":37,"turns":6},{"damage":0,"enemies":"Reptomancer","floor":40,"turns":7},{"damage":1,"enemies":"Nemesis","floor":42,"turns":7},{"damage":3,"enemies":"Reptomancer","floor":44,"turns":8},{"damage":0,"enemies":"3 Darklings","floor":45,"turns":5},{"damage":0,"enemies":"Writhing Mass","floor":47,"turns":5},{"damage":16,"enemies":"Time Eater","floor":50,"turns":10},{"damage":33,"enemies":"Shield and Spear","floor":54,"turns":9},{"damage":48,"enemies":"The Heart","floor":55,"turns":8}],"seed_played":"6991307283485909654","potions_obtained":[{"floor":1,"key":"Strength Potion"},{"floor":4,"key":"Fire Potion"},{"floor":10,"key":"FearPotion"},{"floor":12,"key":"Dexterity Potion"},{"floor":13,"key":"Block Potion"},{"floor":18,"key":"LiquidBronze"},{"floor":20,"key":"EssenceOfSteel"},{"floor":24,"key":"Explosive Potion"},{"floor":28,"key":"Regen Potion"},{"floor":30,"key":"GamblersBrew"},{"floor":33,"key":"Fire Potion"},{"floor":37,"key":"GamblersBrew"},{"floor":40,"key":"FearPotion"},{"floor":42,"key":"SteroidPotion"},{"floor":44,"key":"Block Potion"},{"floor":54,"key":"Swift Potion"}],"is_trial":false,"path_per_floor":["M","?","$","M","M","E","M","R","T","M","?","M","E","$","R","B",null,"M","?","M","?","$","R","E","R","T","?","M","?","E","M","R","B",null,"M","T","?","$","?","E","R","E","T","E","M","R","M","T","R","B",null,"R","$","E","B"],"character_chosen":"DEFECT","items_purchased":["Cold Snap","Conserve Battery","Self Repair","Turbo","Capacitor","Auto Shields","Ball Lightning","Coolheaded","Self Repair","Coolheaded"],"campfire_rested":0,"item_purchase_floors":[3,14,14,14,22,22,38,38,38,53],"current_hp_per_floor":[75,75,75,75,75,73,72,72,72,63,52,52,61,61,61,56,89,86,86,88,72,72,72,66,66,66,44,44,44,44,44,44,25,44,44,44,39,39,39,44,44,44,44,44,44,44,44,44,44,28,44,44,44,43,0],"gold":36,"neow_bonus":"BOSS_RELIC","is_prod":false,"is_daily":false,"chose_seed":false,"campfire_upgraded":5,"win_rate":0,"timestamp":1549827094,"path_taken":["M","?","?","M","?","E","M","R","T","?","?","M","E","?","R","BOSS","M","?","M","?","?","R","E","R","T","?","M","?","E","?","R","BOSS","M","?","?","$","?","E","R","E","T","E","?","R","M","?","R","BOSS","R","$","E","BOSS"],"build_version":"2019-02-06","purchased_purges":3,"victory":false,"max_hp_per_floor":[75,75,75,75,75,75,75,75,75,75,75,75,89,89,89,89,89,89,89,89,89,89,89,89,89,89,44,44,44,44,44,44,44,44,44,44,44,44,44,44,44,44,44,44,44,44,44,44,44,44,44,44,44,44,44],"card_choices":[{"not_picked":["Doom and Gloom","Steam Power"],"picked":"Storm","floor":1},{"not_picked":["Gash","Rebound"],"picked":"White Noise","floor":4},{"not_picked":["Chaos","Sweeping Beam"],"picked":"Fusion","floor":5},{"not_picked":["Barrage","Fusion"],"picked":"Redo","floor":6},{"not_picked":["Rebound","Hologram"],"picked":"Capacitor","floor":7},{"not_picked":["Streamline","Reprogram"],"picked":"Glacier","floor":10},{"not_picked":["Stack","Rip and Tear"],"picked":"Reinforced Body","floor":12},{"not_picked":["Rip and Tear","Gash"],"picked":"Stack","floor":13},{"not_picked":["Seek","Amplify"],"picked":"Machine Learning","floor":16},{"not_picked":["Rebound","Stack"],"picked":"Go for the Eyes","floor":18},{"not_picked":["Double Energy","Rip and Tear"],"picked":"Cold Snap","floor":20},{"not_picked":["Beam Cell","Blizzard"],"picked":"All For One","floor":24},{"not_picked":["Hologram+1","Conserve Battery"],"picked":"Redo+1","floor":28},{"not_picked":["Consume","Ball Lightning"],"picked":"Skim+1","floor":30},{"not_picked":["Streamline","Gash","Rip and Tear"],"picked":"SKIP","floor":31},{"not_picked":["Amplify","Biased Cognition"],"picked":"Reboot","floor":33},{"not_picked":["Self Repair","Cold Snap+1"],"picked":"Defragment+1","floor":35},{"not_picked":["Fusion","Leap"],"picked":"Sweeping Beam","floor":37},{"not_picked":["Force Field","Cold Snap+1"],"picked":"Sunder+1","floor":40},{"not_picked":["Steam","Stack+1"],"picked":"Aggregate+1","floor":42},{"not_picked":["Gash+1","Steam"],"picked":"Barrage+1","floor":44},{"not_picked":["Turbo","Barrage+1"],"picked":"Chill","floor":45},{"not_picked":["Beam Cell+1","Sweeping Beam+1"],"picked":"FTL","floor":47},{"not_picked":["Fusion","Meteor Strike"],"picked":"Scrape+1","floor":54}],"player_experience":477817,"relics_obtained":[{"floor":6,"key":"Dream Catcher"},{"floor":13,"key":"Mango"},{"floor":21,"key":"Nilry\u0027s Codex"},{"floor":24,"key":"Vajra"},{"floor":26,"key":"Orichalcum"},{"floor":30,"key":"War Paint"},{"floor":36,"key":"Shovel"},{"floor":37,"key":"Turnip"},{"floor":40,"key":"Ornamental Fan"},{"floor":42,"key":"Pen Nib"},{"floor":43,"key":"Oddly Smooth Stone"},{"floor":44,"key":"Mercury Hourglass"},{"floor":46,"key":"Bag of Preparation"},{"floor":48,"key":"Boot"},{"floor":49,"key":"Bronze Scales"},{"floor":52,"key":"Sundial"},{"floor":54,"key":"DataDisk"}],"event_choices":[{"damage_healed":0,"gold_gain":0,"player_choice":"Rummage","damage_taken":0,"relics_obtained":["WarpedTongs"],"max_hp_gain":0,"max_hp_loss":0,"event_name":"Accursed Blacksmith","floor":2,"gold_loss":0,"cards_obtained":["Pain"]},{"damage_healed":0,"gold_gain":75,"player_choice":"Gather Gold","damage_taken":11,"max_hp_gain":0,"max_hp_loss":0,"event_name":"World of Goop","floor":11,"gold_loss":0},{"damage_healed":0,"gold_gain":0,"player_choice":"Read","damage_taken":0,"max_hp_gain":0,"max_hp_loss":0,"event_name":"The Library","floor":19,"gold_loss":0,"cards_obtained":["Chill"]},{"damage_healed":0,"gold_gain":0,"player_choice":"Obtained Book","damage_taken":16,"max_hp_gain":0,"max_hp_loss":0,"event_name":"Cursed Tome","floor":21,"gold_loss":0},{"damage_healed":0,"gold_gain":0,"player_choice":"Became a Ghost","damage_taken":0,"max_hp_gain":0,"max_hp_loss":45,"event_name":"Ghosts","floor":27,"gold_loss":0,"cards_obtained":["Ghostly","Ghostly","Ghostly","Ghostly","Ghostly"]},{"cards_removed":["Strike_B"],"damage_healed":0,"gold_gain":0,"player_choice":"Gave Gold","damage_taken":0,"max_hp_gain":0,"max_hp_loss":0,"event_name":"Beggar","floor":29,"gold_loss":75},{"damage_healed":0,"gold_gain":0,"player_choice":"Fight","damage_taken":0,"max_hp_gain":0,"max_hp_loss":0,"event_name":"Mysterious Sphere","floor":37,"gold_loss":0},{"damage_healed":0,"gold_gain":0,"player_choice":"Ignored","damage_taken":0,"max_hp_gain":0,"max_hp_loss":0,"event_name":"SecretPortal","floor":39,"gold_loss":0}],"is_beta":true,"boss_relics":[{"not_picked":["Tiny House","Fusion Hammer"],"picked":"White Beast Statue"},{"not_picked":["Snecko Eye","Runic Dome"],"picked":"Cursed Key"}],"items_purged_floors":[3,38,53],"is_endless":false,"potions_floor_spawned":[1,4,10,12,13,18,20,24,28,30,31,33,35,37,40,42,44,45,47,54],"killed_by":"The Heart","ascension_level":1}