{"path_per_floor":["M","?","?","?","?","E","$","E","T","E","M","?","M","M","R","B",null,"M","?","M","?","$","E","M","R","T","R","E","R","M","M","R"],"character_chosen":"IRONCLAD","items_purchased":["Twin Strike","Thunderclap","Apotheosis","Shrug It Off"],"gold_per_floor":[117,117,117,117,82,115,13,54,54,89,107,107,126,149,149,278,278,298,298,323,323,84,125,141,141,210,210,241,241,266,291,291],"floor_reached":33,"campfire_rested":5,"playtime":5137,"current_hp_per_floor":[76,60,60,53,73,64,64,39,39,10,11,11,17,23,47,13,80,76,76,72,72,72,48,13,37,37,61,24,48,40,43,67],"items_purged":[],"gold":291,"score":303,"play_id":"ed045c5d-9620-42f0-87c8-b3a58cb2b2f8","is_prod":false,"is_daily":false,"is_ascension_mode":false,"campfire_upgraded":0,"path_taken":["M","?","?","?","?","E","?","E","T","E","?","?","?","M","R","BOSS","M","?","M","?","$","E","M","R","T","R","E","R","M","M","R","BOSS"],"build_version":"2018-02-22-PROD2","purchased_purges":0,"victory":false,"master_deck":["Strike_R+1","Strike_R+1","Strike_R+1","Strike_R+1","Strike_R+1","Defend_R+1","Bash+1","Entrench+1","Pommel Strike","Twin Strike","Thunderclap","Ghostly Armor","Double Tap","Infernal Blade","Carnage","Flex","Metallicize","Impervious","Twin Strike+1","Immolate+1","Armaments+1","Inflame","Clothesline","Apotheosis","Shrug It Off","Dropkick","Infernal Blade","Dropkick","Cleave","Ghostly Armor"],"max_hp_per_floor":[80,80,80,80,80,80,80,80,80,80,80,80,80,80,80,80,80,80,80,80,80,80,80,80,80,80,80,80,80,80,80,80],"relics":["Burning Blood","Golden Idol","Bottled Flame","Pen Nib","Du-Vu Doll","Vajra","Astrolabe","Lantern","Matryoshka","Blood Vial"],"card_choices":[{"not_picked":["Iron Wave","Second Wind"],"picked":"Entrench"},{"not_picked":["Flame Barrier","Body Slam"],"picked":"Pommel Strike"},{"not_picked":["Clash","Iron Wave"],"picked":"Ghostly Armor"},{"not_picked":["Wild Strike","Dual Wield"],"picked":"Double Tap"},{"not_picked":["True Grit","Clothesline"],"picked":"Infernal Blade"},{"not_picked":["Seeing Red","Clothesline"],"picked":"Flex"},{"not_picked":["Pommel Strike","Flex"],"picked":"Metallicize"},{"not_picked":["Juggernaut","Brutality"],"picked":"Impervious"},{"not_picked":["Iron Wave","Heavy Blade"],"picked":"Inflame"},{"not_picked":["Wild Strike","Rage"],"picked":"Clothesline"},{"not_picked":["Clash","Clothesline"],"picked":"Dropkick"},{"not_picked":["Pommel Strike","Dark Embrace"],"picked":"Infernal Blade"},{"not_picked":["Bludgeon","Armaments"],"picked":"Dropkick"},{"not_picked":["Anger","Clothesline"],"picked":"Cleave"},{"not_picked":["Rupture","Entrench"],"picked":"Ghostly Armor"}],"player_experience":152018,"potions_floor_usage":[6,10,14,20,28,33],"damage_taken":[{"damage":10,"enemies":"Jaw Worm","floor":1,"turns":4},{"damage":15,"enemies":"Gremlin Nob","floor":6,"turns":4},{"damage":31,"enemies":"3 Sentries","floor":8,"turns":10},{"damage":35,"enemies":"Lagavulin","floor":10,"turns":7},{"damage":5,"enemies":"Small Slimes","floor":11,"turns":3},{"damage":0,"enemies":"2 Louse","floor":13,"turns":3},{"damage":0,"enemies":"Blue Slaver","floor":14,"turns":2},{"damage":40,"enemies":"The Guardian","floor":16,"turns":8},{"damage":10,"enemies":"Chosen","floor":18,"turns":3},{"damage":10,"enemies":"Spheric Guardian","floor":20,"turns":3},{"damage":30,"enemies":"Gremlin Leader","floor":23,"turns":10},{"damage":41,"enemies":"Slaver and Parasite","floor":24,"turns":4},{"damage":43,"enemies":"Slavers","floor":28,"turns":5},{"damage":16,"enemies":"3 Cultists","floor":30,"turns":4},{"damage":5,"enemies":"Snake Plant","floor":31,"turns":3},{"damage":70,"enemies":"Collector","floor":33,"turns":10}],"event_choices":[{"event_name":"Shining Light","player_choice":"Entered Light","floor":2,"damage_taken":0},{"event_name":"Golden Idol","player_choice":"Take Wound","floor":3,"damage_taken":0},{"event_name":"Golden Wing","player_choice":"Card Removal","floor":4,"damage_taken":0},{"event_name":"The Cleric","player_choice":"Healed","floor":5,"damage_taken":0},{"event_name":"Transmorgrifier","player_choice":"Transform","floor":12,"damage_taken":0},{"event_name":"Back to Basics","player_choice":"Simplicity","floor":19,"damage_taken":0},{"event_name":"Beggar","player_choice":"Ignored","floor":21,"damage_taken":0}],"boss_relics":[{"not_picked":["Tiny House","Lizard Tail"],"picked":"Astrolabe"}],"potions_floor_spawned":[1,8,11,18,24,30],"seed_played":"-1458026186687783638","killed_by":"Collector","ascension_level":0,"is_trial":false}