{"gold_per_floor":[118,134,134,145,145,145,179,179,179,191,208,158,158,184,184,282,282,301,319,164,164,180,206,206,221,221,271,301,301,316,333,333,437,437,454,471,371,386,386,421,421,434,459,471,471,485,515,534,534,534],"floor_reached":51,"playtime":3504,"items_purged":["Strike_R","Strike_R"],"score":786,"play_id":"4b05bcdb-4bfc-42d3-a05d-d6e4fa9c3612","local_time":"20190429110854","is_ascension_mode":false,"campfire_choices":[{"data":"Demon Form","floor":6,"key":"SMITH"},{"data":"Battle Trance","floor":8,"key":"SMITH"},{"data":"Clothesline","floor":15,"key":"SMITH"},{"data":"Corruption","floor":24,"key":"SMITH"},{"data":"Shockwave","floor":29,"key":"SMITH"},{"data":"Flex","floor":32,"key":"SMITH"},{"data":"Blind","floor":41,"key":"SMITH"},{"data":"Immolate","floor":45,"key":"SMITH"},{"data":"Shrug It Off","floor":49,"key":"SMITH"}],"neow_cost":"NONE","seed_source_timestamp":1467402134367300,"circlet_count":0,"master_deck":["Strike_R","Defend_R","Defend_R","Defend_R","Defend_R","Bash+1","Shrug It Off+1","Iron Wave+1","Demon Form+1","Battle Trance+1","Clothesline+1","Whirlwind+1","Shrug It Off","Immolate+1","Twin Strike","Ghostly Armor","Corruption+1","Bloodletting","Immolate","Shockwave+1","Flex+1","Flex+1","Impervious","Shrug It Off+1","Battle Trance+1","PanicButton","Blind+1","Madness","Iron Wave+1","Body Slam+1","Iron Wave+1","Shockwave+1"],"relics":["Burning Blood","Letter Opener","Oddly Smooth Stone","Darkstone Periapt","Runic Pyramid","Mummified Hand","Bottled Flame","Regal Pillow","Sozu","Ancient Tea Set","Potion Belt","Paper Frog"],"potions_floor_usage":[7,7,23,23,50,50],"damage_taken":[{"damage":5,"enemies":"Jaw Worm","floor":1,"turns":4},{"damage":0,"enemies":"Small Slimes","floor":2,"turns":3},{"damage":0,"enemies":"Cultist","floor":4,"turns":3},{"damage":21,"enemies":"3 Sentries","floor":7,"turns":7},{"damage":3,"enemies":"Exordium Wildlife","floor":10,"turns":4},{"damage":0,"enemies":"3 Louse","floor":11,"turns":3},{"damage":20,"enemies":"Gremlin Nob","floor":14,"turns":4},{"damage":10,"enemies":"Hexaghost","floor":16,"turns":8},{"damage":0,"enemies":"Chosen","floor":18,"turns":6},{"damage":11,"enemies":"Shell Parasite","floor":19,"turns":7},{"damage":2,"enemies":"Centurion and Healer","floor":22,"turns":8},{"damage":5,"enemies":"Book of Stabbing","floor":23,"turns":6},{"damage":9,"enemies":"Snecko","floor":25,"turns":3},{"damage":12,"enemies":"Gremlin Leader","floor":28,"turns":6},{"damage":0,"enemies":"Chosen and Byrds","floor":30,"turns":5},{"damage":8,"enemies":"Shelled Parasite and Fungi","floor":31,"turns":6},{"damage":30,"enemies":"Automaton","floor":33,"turns":8},{"damage":0,"enemies":"3 Darklings","floor":35,"turns":3},{"damage":0,"enemies":"3 Shapes","floor":36,"turns":2},{"damage":0,"enemies":"Maw","floor":38,"turns":9},{"damage":14,"enemies":"Giant Head","floor":40,"turns":6},{"damage":0,"enemies":"4 Shapes","floor":42,"turns":3},{"damage":3,"enemies":"Sphere and 2 Shapes","floor":44,"turns":5},{"damage":0,"enemies":"Transient","floor":46,"turns":5},{"damage":0,"enemies":"Nemesis","floor":47,"turns":5},{"damage":0,"enemies":"Maw","floor":48,"turns":8},{"damage":5,"enemies":"Awakened One","floor":50,"turns":12}],"seed_played":"4026546018100078533","potions_obtained":[{"floor":0,"key":"BloodPotion"},{"floor":0,"key":"SkillPotion"},{"floor":0,"key":"Energy Potion"},{"floor":1,"key":"Weak Potion"},{"floor":7,"key":"PowerPotion"},{"floor":14,"key":"FearPotion"},{"floor":23,"key":"Strength Potion"},{"floor":31,"key":"Swift Potion"},{"floor":33,"key":"PowerPotion"}],"is_trial":false,"path_per_floor":["M","M","?","M","?","R","E","R","T","M","M","?","?","E","R","B",null,"M","M","$","?","M","E","R","M","T","?","E","R","M","M","R","B",null,"M","M","$","M","?","E","R","M","T","M","R","M","E","M","R","B",null],"character_chosen":"IRONCLAD","items_purchased":["Corruption"],"campfire_rested":0,"item_purchase_floors":[20],"current_hp_per_floor":[80,80,64,70,70,70,55,55,55,58,64,64,64,50,50,46,80,80,75,75,75,79,80,80,77,77,77,71,71,77,75,75,51,80,80,80,80,80,70,62,62,68,68,71,71,77,80,80,80,80],"gold":534,"neow_bonus":"THREE_SMALL_POTIONS","is_prod":false,"is_daily":false,"chose_seed":false,"campfire_upgraded":9,"win_rate":1,"timestamp":1556561334,"path_taken":["M","M","?","M","?","R","E","R","T","?","M","?","?","E","R","BOSS","M","M","$","?","M","E","R","M","T","?","E","R","?","M","R","BOSS","M","M","$","M","?","E","R","M","T","M","R","M","E","M","R","BOSS"],"build_version":"2019-01-23","purchased_purges":2,"victory":true,"max_hp_per_floor":[80,80,80,80,80,80,80,80,80,80,80,80,80,80,80,80,80,80,80,80,80,80,80,80,80,80,80,80,80,80,80,80,80,80,80,80,80,80,80,80,80,80,80,80,80,80,80,80,80,80],"card_choices":[{"not_picked":["Heavy Blade","Iron Wave"],"picked":"Shrug It Off","floor":1},{"not_picked":["Heavy Blade","Wild Strike"],"picked":"Iron Wave","floor":2},{"not_picked":["Burning Pact","True Grit"],"picked":"Demon Form","floor":4},{"not_picked":["Iron Wave","Heavy Blade"],"picked":"Battle Trance","floor":7},{"not_picked":["Heavy Blade","Pummel"],"picked":"Clothesline","floor":10},{"not_picked":["Second Wind","Body Slam"],"picked":"Whirlwind","floor":11},{"not_picked":["Twin Strike","Reckless Charge"],"picked":"Shrug It Off","floor":14},{"not_picked":["Reaper","Brutality"],"picked":"Immolate","floor":16},{"not_picked":["Pommel Strike","Wild Strike"],"picked":"Twin Strike","floor":18},{"not_picked":["Blood for Blood","Battle Trance"],"picked":"Ghostly Armor","floor":19},{"not_picked":["Blood for Blood","Searing Blow","Thunderclap"],"picked":"SKIP","floor":22},{"not_picked":["Blood for Blood","Searing Blow","Thunderclap"],"picked":"SKIP","floor":22},{"not_picked":["Shrug It Off","Intimidate"],"picked":"Immolate","floor":23},{"not_picked":["Pummel","Intimidate"],"picked":"Shockwave","floor":25},{"not_picked":["Pommel Strike","Demon Form"],"picked":"Flex","floor":28},{"not_picked":["Heavy Blade","Thunderclap","Perfected Strike+1"],"picked":"SKIP","floor":30},{"not_picked":["Second Wind","Armaments"],"picked":"Flex+1","floor":31},{"not_picked":["Immolate","Bludgeon"],"picked":"Impervious","floor":33},{"not_picked":["Corruption","Body Slam+1"],"picked":"Shrug It Off+1","floor":35},{"not_picked":["Corruption+1","Infernal Blade"],"picked":"Battle Trance+1","floor":36},{"not_picked":["Anger","Battle Trance+1","Warcry+1"],"picked":"SKIP","floor":38},{"not_picked":["Madness","Trip"],"picked":"PanicButton","floor":39},{"not_picked":["Thinking Ahead","Trip"],"picked":"Blind","floor":39},{"not_picked":["Good Instincts","Bandage Up"],"picked":"Madness","floor":39},{"not_picked":["Rampage","Thunderclap+1"],"picked":"Iron Wave+1","floor":40},{"not_picked":["Heavy Blade+1","Sever Soul+1"],"picked":"Body Slam+1","floor":42},{"not_picked":["Entrench","Pommel Strike","Rupture+1"],"picked":"SKIP","floor":44},{"not_picked":["Corruption","Juggernaut"],"picked":"Iron Wave+1","floor":46},{"not_picked":["Sentinel","Reckless Charge"],"picked":"Shockwave+1","floor":47}],"player_experience":658362,"relics_obtained":[{"floor":7,"key":"Letter Opener"},{"floor":9,"key":"Oddly Smooth Stone"},{"floor":14,"key":"Darkstone Periapt"},{"floor":23,"key":"Mummified Hand"},{"floor":26,"key":"Bottled Flame"},{"floor":28,"key":"Regal Pillow"},{"floor":40,"key":"Ancient Tea Set"},{"floor":43,"key":"Potion Belt"},{"floor":47,"key":"Paper Frog"}],"event_choices":[{"damage_healed":0,"gold_gain":0,"player_choice":"Entered Light","damage_taken":16,"max_hp_gain":0,"max_hp_loss":0,"event_name":"Shining Light","floor":3,"gold_loss":0,"cards_upgraded":["Bash","Iron Wave"]},{"cards_removed":["Strike_R"],"damage_healed":0,"gold_gain":0,"player_choice":"Purged","damage_taken":0,"max_hp_gain":0,"max_hp_loss":0,"event_name":"Purifier","floor":5,"gold_loss":0},{"cards_removed":["Strike_R"],"damage_healed":0,"gold_gain":0,"player_choice":"Card Removal","damage_taken":0,"max_hp_gain":0,"max_hp_loss":0,"event_name":"The Cleric","floor":12,"gold_loss":50},{"damage_healed":0,"gold_gain":0,"player_choice":"Grow","damage_taken":0,"max_hp_gain":0,"max_hp_loss":0,"event_name":"Living Wall","floor":13,"gold_loss":0,"cards_upgraded":["Whirlwind"]},{"damage_healed":0,"gold_gain":0,"player_choice":"Read","damage_taken":0,"max_hp_gain":0,"max_hp_loss":0,"event_name":"The Library","floor":21,"gold_loss":0,"cards_obtained":["Bloodletting"]},{"damage_healed":0,"gold_gain":100,"player_choice":"Bet on Murderer","damage_taken":0,"max_hp_gain":0,"max_hp_loss":0,"event_name":"The Joust","floor":27,"gold_loss":50},{"damage_healed":0,"gold_gain":0,"player_choice":"Memory 3","damage_taken":10,"max_hp_gain":0,"max_hp_loss":0,"event_name":"SensoryStone","floor":39,"gold_loss":0}],"is_beta":false,"boss_relics":[{"not_picked":["Eternal Feather","Orrery"],"picked":"Runic Pyramid"},{"not_picked":["Runic Cube","Empty Cage"],"picked":"Sozu"}],"items_purged_floors":[20,37],"is_endless":false,"potions_floor_spawned":[1,7,14,16,18,19,23,31,33,35,40,42,48],"ascension_level":0}