{"path_per_floor":["M","?","?","?","M","R","M","E","T","E","T","$","?","M","R","B",null,"M","?","$","?","$","E","R","M","T","M","M","R","E","M","R","B",null,"M","$","M","M","?","E","R","E","T","E","M","E","M","T","R","B"],"character_chosen":"THE_SILENT","items_purchased":["Crippling Poison","Thinking Ahead","Bandage Up","Infinite Blades","Endless Agony","Orichalcum","Noxious Fumes"],"gold_per_floor":[16,16,16,191,208,208,218,279,279,308,308,69,69,89,89,193,193,203,203,29,29,29,60,60,76,153,169,184,184,216,231,231,334,334,349,0,10,29,0,33,33,66,115,146,161,187,200,226,226,226],"floor_reached":51,"campfire_rested":5,"playtime":8187,"current_hp_per_floor":[84,67,55,55,55,80,80,69,69,59,59,59,59,59,84,69,84,74,74,74,74,74,26,51,44,44,40,52,52,54,59,84,32,84,84,84,79,67,67,58,58,44,44,38,38,31,35,35,60,63],"items_purged":["Doubt"],"gold":226,"score":851,"play_id":"e212b4eb-bdc3-43ae-b9d3-24b13667f19f","local_time":"20180419234117","is_prod":false,"is_daily":false,"chose_seed":false,"is_ascension_mode":true,"campfire_upgraded":2,"timestamp":1524206477,"path_taken":["M","?","?","?","M","R","M","E","T","E","?","$","?","?","R","BOSS","M","?","?","?","?","E","R","M","T","M","M","R","E","?","R","BOSS","M","$","M","M","?","E","R","E","T","E","M","E","M","?","R","BOSS"],"build_version":"2018-04-19","seed_source_timestamp":161530149817491,"purchased_purges":1,"victory":true,"master_deck":["Survivor","Neutralize","Blur","Poisoned Stab","Infinite Blades+1","Sucker Punch","Accuracy","Crippling Poison","Thinking Ahead","Dagger Throw","After Image","Quick Slash","Writhe","Bandage Up","Infinite Blades","Endless Agony+1","PiercingWail","Blade Dance+1","Slice+1","Dodge and Roll+1","Sucker Punch+1","Die Die Die","Masterful Stab","Flying Knee","Dodge and Roll","Masterful Stab","Bane","Dagger Spray","Sucker Punch","Slice","Underhanded Strike","Dodge and Roll","Backflip+1","Endless Agony","Noxious Fumes","Crippling Poison+1","Caltrops","Calculated Gamble+1","Caltrops+1","PiercingWail","PiercingWail+1","Bullet Time","Cloak And Dagger+1"],"max_hp_per_floor":[84,84,84,84,84,84,84,84,84,84,84,84,84,84,84,84,84,84,84,84,84,84,84,84,84,84,84,84,84,84,84,84,84,84,84,84,84,84,84,84,84,84,84,84,84,84,84,84,84,84],"relics":["Ring of the Snake","Dead Branch","Tiny Chest","Paper Crane","Blood Vial","Dodecahedron","Blue Candle","White Beast Statue","Pantograph","The Specimen","Bottled Flame","Smiling Mask","Pandora\u0027s Box","Orichalcum","Red Mask","Bottled Tornado","Thread and Needle","Bronze Scales","Bag of Marbles","Centennial Puzzle","Snake Skull"],"card_choices":[{"not_picked":["Bane","Flechettes"],"picked":"Blur","floor":1},{"not_picked":["Dagger Spray","Deflect"],"picked":"Poisoned Stab","floor":5},{"not_picked":["Backflip","Endless Agony"],"picked":"Infinite Blades","floor":7},{"not_picked":["Deflect","Outmaneuver"],"picked":"Sucker Punch","floor":8},{"not_picked":["Leg Sweep","Reflex"],"picked":"Accuracy","floor":10},{"not_picked":["Footwork","Deflect"],"picked":"Dagger Throw","floor":14},{"not_picked":["A Thousand Cuts","Phantasmal Killer"],"picked":"After Image","floor":16},{"not_picked":["Acrobatics","Skewer"],"picked":"Quick Slash","floor":18},{"not_picked":["Underhanded Strike","Dodge and Roll"],"picked":"Endless Agony","floor":23},{"not_picked":["Flying Knee","Prepared"],"picked":"PiercingWail","floor":25},{"not_picked":["Accuracy","Bane"],"picked":"Blade Dance","floor":27},{"not_picked":["Skewer","Quick Slash"],"picked":"Slice","floor":28},{"not_picked":["Deadly Poison","Poisoned Stab"],"picked":"Dodge and Roll","floor":30},{"not_picked":["Deadly Poison","Glass Knife"],"picked":"Sucker Punch","floor":31},{"not_picked":["Wraith Form v2","Doppelganger"],"picked":"Die Die Die","floor":33},{"not_picked":["Poisoned Stab","Reflex"],"picked":"Backflip","floor":35},{"not_picked":["Acrobatics","Well Laid Plans"],"picked":"Crippling Poison","floor":37},{"not_picked":["All Out Attack","Setup"],"picked":"Caltrops","floor":38},{"not_picked":["Unload","Flying Knee"],"picked":"Calculated Gamble","floor":40},{"not_picked":["Deadly Poison","Outmaneuver"],"picked":"Caltrops","floor":42},{"not_picked":["Dagger Throw","Flying Knee"],"picked":"PiercingWail","floor":44},{"not_picked":["Reflex","Eviscerate"],"picked":"PiercingWail","floor":45},{"not_picked":["Quick Slash","Doppelganger"],"picked":"Bullet Time","floor":46},{"not_picked":["Quick Slash","Deflect"],"picked":"Cloak And Dagger","floor":47}],"player_experience":234266,"potions_floor_usage":[8,10,23,23,25,28,30,31,33,33,37,38,40,42,42,44,44,44,46,46,50,50],"damage_taken":[{"damage":0,"enemies":"2 Louse","floor":1,"turns":3},{"damage":0,"enemies":"Jaw Worm","floor":5,"turns":7},{"damage":0,"enemies":"Small Slimes","floor":7,"turns":4},{"damage":11,"enemies":"Lagavulin","floor":8,"turns":8},{"damage":10,"enemies":"3 Sentries","floor":10,"turns":6},{"damage":2,"enemies":"2 Fungi Beasts","floor":14,"turns":3},{"damage":15,"enemies":"Hexaghost","floor":16,"turns":9},{"damage":10,"enemies":"Shell Parasite","floor":18,"turns":5},{"damage":69,"enemies":"Slavers","floor":23,"turns":7},{"damage":13,"enemies":"2 Thieves","floor":25,"turns":4},{"damage":10,"enemies":"Cultist and Chosen","floor":27,"turns":8},{"damage":2,"enemies":"Snake Plant","floor":28,"turns":4},{"damage":4,"enemies":"Book of Stabbing","floor":30,"turns":6},{"damage":1,"enemies":"Snecko","floor":31,"turns":4},{"damage":56,"enemies":"Automaton","floor":33,"turns":9},{"damage":1,"enemies":"Orb Walker","floor":35,"turns":4},{"damage":5,"enemies":"3 Darklings","floor":37,"turns":4},{"damage":18,"enemies":"Sphere and 2 Shapes","floor":38,"turns":6},{"damage":15,"enemies":"Nemesis","floor":40,"turns":9},{"damage":20,"enemies":"2 Orb Walkers","floor":42,"turns":5},{"damage":12,"enemies":"Nemesis","floor":44,"turns":5},{"damage":6,"enemies":"Maw","floor":45,"turns":7},{"damage":13,"enemies":"Giant Head","floor":46,"turns":9},{"damage":2,"enemies":"4 Shapes","floor":47,"turns":7},{"damage":25,"enemies":"Time Eater","floor":50,"turns":10}],"event_choices":[{"event_name":"Shining Light","player_choice":"Entered Light","floor":2,"damage_taken":0},{"event_name":"Scrap Ooze","player_choice":"success","floor":3,"damage_taken":12},{"event_name":"Liars Game","player_choice":"agreed","floor":4,"damage_taken":0},{"event_name":"Accursed Blacksmith","player_choice":"Rummage","floor":13,"damage_taken":0},{"event_name":"The Mausoleum","player_choice":"Yes","floor":19,"damage_taken":0},{"event_name":"Addict","player_choice":"Ignored","floor":21,"damage_taken":0},{"event_name":"Tomb of Lord Red Mask","player_choice":"Paid","floor":39,"damage_taken":0}],"boss_relics":[{"not_picked":["Cursed Key","Lizard Tail"],"picked":"White Beast Statue"},{"not_picked":["Runic Dome","Velvet Choker"],"picked":"Pandora\u0027s Box"}],"potions_floor_spawned":[5,7,10,18,23,25,27,28,30,31,33,35,37,38,40,42,44,45,46,47],"seed_played":"7726921335047643352","ascension_level":1,"is_trial":false}