{"gold_per_floor":[119,119,138,38,38,38,38,63,63,81,112,12,32,32,32,136,136,149,137,153,171,184,215,215,215],"floor_reached":25,"playtime":1047,"items_purged":["Strike_R","Regret"],"score":335,"play_id":"87e364a5-7400-46b4-8876-7e032b8b1567","local_time":"20190208181145","is_ascension_mode":true,"campfire_choices":[{"data":"Armaments","floor":6,"key":"SMITH"},{"floor":15,"key":"DIG"}],"neow_cost":"NONE","seed_source_timestamp":2132404651033999,"circlet_count":0,"master_deck":["Strike_R","Strike_R","Strike_R","Strike_R","Defend_R","Defend_R","Defend_R+1","Defend_R","Bash","Twin Strike+1","Whirlwind","Armaments+1","Whirlwind","Shrug It Off","Demon Form","Clothesline+1"],"relics":["Burning Blood","NeowsBlessing","Pantograph","Oddly Smooth Stone","Shovel","Singing Bowl","Pear","Blood Vial","Busted Crown","Bottled Lightning","Nilry\u0027s Codex"],"potions_floor_usage":[11,22,23,25],"damage_taken":[{"damage":0,"enemies":"Cultist","floor":1,"turns":1},{"damage":0,"enemies":"Jaw Worm","floor":3,"turns":1},{"damage":0,"enemies":"Lagavulin","floor":8,"turns":1},{"damage":2,"enemies":"Small Slimes","floor":10,"turns":3},{"damage":15,"enemies":"3 Sentries","floor":11,"turns":5},{"damage":0,"enemies":"Looter","floor":13,"turns":4},{"damage":75,"enemies":"The Guardian","floor":16,"turns":18},{"damage":6,"enemies":"Chosen","floor":18,"turns":4},{"damage":24,"enemies":"2 Thieves","floor":19,"turns":4},{"damage":32,"enemies":"3 Cultists","floor":20,"turns":4},{"damage":9,"enemies":"Cultist and Chosen","floor":21,"turns":5},{"damage":16,"enemies":"Centurion and Healer","floor":22,"turns":4},{"damage":43,"enemies":"Book of Stabbing","floor":23,"turns":6},{"damage":5,"enemies":"Gremlin Leader","floor":25,"turns":3}],"seed_played":"616918800220076740","potions_obtained":[{"floor":1,"key":"GamblersBrew"},{"floor":8,"key":"Energy Potion"},{"floor":11,"key":"Ancient Potion"},{"floor":18,"key":"GamblersBrew"},{"floor":20,"key":"Explosive Potion"},{"floor":21,"key":"Swift Potion"}],"is_trial":false,"path_per_floor":["M","?","M","$","?","R","?","E","T","M","E","$","M","$","R","B",null,"M","M","M","M","M","E","?","E"],"character_chosen":"IRONCLAD","items_purchased":["Armaments"],"campfire_rested":0,"item_purchase_floors":[4],"current_hp_per_floor":[80,64,70,70,58,58,58,64,64,70,73,73,79,79,79,25,94,96,80,58,57,51,18,2,0],"gold":215,"neow_bonus":"THREE_ENEMY_KILL","is_prod":false,"is_daily":false,"chose_seed":false,"campfire_upgraded":1,"win_rate":0,"timestamp":1549674705,"path_taken":["M","?","M","$","?","R","?","E","T","M","E","?","M","$","R","BOSS","M","M","?","M","M","E","?","E"],"build_version":"2019-02-06","purchased_purges":2,"victory":false,"max_hp_per_floor":[80,80,80,80,80,80,80,80,80,82,94,94,94,94,94,94,94,96,98,100,100,102,104,104,104],"card_choices":[{"not_picked":["Fire Breathing","Second Wind"],"picked":"Twin Strike","floor":1},{"not_picked":["Rage","Sever Soul"],"picked":"Whirlwind","floor":3},{"not_picked":["Twin Strike","Cleave"],"picked":"Whirlwind","floor":8},{"not_picked":["Headbutt","Iron Wave","Twin Strike"],"picked":"Singing Bowl","floor":10},{"not_picked":["Bloodletting","Anger","Brutality"],"picked":"Singing Bowl","floor":11},{"not_picked":["Body Slam","Heavy Blade"],"picked":"Shrug It Off","floor":13},{"not_picked":["Impervious","Limit Break"],"picked":"Demon Form","floor":16},{"not_picked":["Clash+1"],"picked":"Singing Bowl","floor":18},{"not_picked":["Power Through+1"],"picked":"Singing Bowl","floor":19},{"not_picked":["Perfected Strike"],"picked":"Singing Bowl","floor":20},{"not_picked":[],"picked":"Clothesline+1","floor":21},{"not_picked":["Flex+1"],"picked":"Singing Bowl","floor":22},{"not_picked":["Hemokinesis"],"picked":"Singing Bowl","floor":23}],"player_experience":473616,"relics_obtained":[{"floor":8,"key":"Shovel"},{"floor":9,"key":"Singing Bowl"},{"floor":11,"key":"Pear"},{"floor":15,"key":"Blood Vial"},{"floor":23,"key":"Bottled Lightning"},{"floor":24,"key":"Nilry\u0027s Codex"}],"event_choices":[{"damage_healed":0,"gold_gain":0,"player_choice":"Entered Light","damage_taken":16,"max_hp_gain":0,"max_hp_loss":0,"event_name":"Shining Light","floor":2,"gold_loss":0,"cards_upgraded":["Twin Strike","Defend_R"]},{"damage_healed":0,"gold_gain":0,"player_choice":"Success","damage_taken":12,"relics_obtained":["Pantograph"],"max_hp_gain":0,"max_hp_loss":0,"event_name":"Scrap Ooze","floor":5,"gold_loss":0},{"damage_healed":0,"gold_gain":0,"player_choice":"Box","damage_taken":0,"relics_obtained":["Oddly Smooth Stone"],"max_hp_gain":0,"max_hp_loss":0,"event_name":"Big Fish","floor":7,"gold_loss":0,"cards_obtained":["Regret"]},{"damage_healed":0,"gold_gain":0,"player_choice":"Obtained Book","damage_taken":16,"max_hp_gain":0,"max_hp_loss":0,"event_name":"Cursed Tome","floor":24,"gold_loss":0}],"is_beta":true,"boss_relics":[{"not_picked":["Runic Pyramid","Coffee Dripper"],"picked":"Busted Crown"}],"items_purged_floors":[4,12],"is_endless":false,"potions_floor_spawned":[1,8,11,18,20,21],"killed_by":"Gremlin Leader","ascension_level":4}