{"gold_per_floor":[112,130,148,168,15,15,47,59,59,59,76,76,105,105,105,181,181,191,203,232,232,246,275,275,351,421,436,436,471,471,498,498,576,576,591,591,591,607,626,626,659,659,735,274,274,274,301,301,301,301],"floor_reached":51,"playtime":2436,"items_purged":["Writhe"],"score":1322,"play_id":"7fcac2a7-fbd1-445a-b05c-93a951fb78fe","local_time":"20181025143407","is_ascension_mode":true,"campfire_choices":[{"data":"Footwork","floor":6,"key":"SMITH"},{"data":"A Thousand Cuts","floor":10,"key":"SMITH"},{"data":"Blade Dance","floor":15,"key":"SMITH"},{"floor":24,"key":"REST"},{"data":"After Image","floor":28,"key":"SMITH"},{"data":"Blade Dance","floor":30,"key":"SMITH"},{"data":"Well Laid Plans","floor":32,"key":"SMITH"},{"data":"Terror","floor":40,"key":"SMITH"},{"data":"Accuracy","floor":42,"key":"SMITH"},{"data":"Storm of Steel","floor":49,"key":"SMITH"}],"neow_cost":"NONE","seed_source_timestamp":75343870632279,"circlet_count":0,"master_deck":["Defend_G","Defend_G","Defend_G","Defend_G","Defend_G","Strike_G","Survivor","Neutralize+1","AscendersBane","Blade Dance+1","Flying Knee","Footwork+1","PiercingWail","A Thousand Cuts+1","Blade Dance+1","After Image+1","Infinite Blades+1","Writhe","Corpse Explosion","Dodge and Roll+1","Well Laid Plans+1","Adrenaline","Tactician+1","Dagger Spray+1","Footwork+1","Distraction+1","Terror+1","Calculated Gamble","Accuracy+1","Malaise","Acrobatics","Storm of Steel+1"],"relics":["Ring of the Snake","Lantern","Pocketwatch","Matryoshka","Paper Crane","Pantograph","Ninja Scroll","WristBlade","Red Mask","Vajra","Question Card","Ornamental Fan","Meat on the Bone","Sundial","Regal Pillow","Pen Nib","Astrolabe","Juzu Bracelet","Dodecahedron","Bronze Scales","Pear","Ice Cream"],"potions_floor_usage":[7,18,20,41,50,50],"damage_taken":[{"damage":0,"enemies":"Cultist","floor":1,"turns":4},{"damage":7,"enemies":"Small Slimes","floor":2,"turns":4},{"damage":0,"enemies":"2 Louse","floor":3,"turns":4},{"damage":1,"enemies":"Large Slime","floor":4,"turns":6},{"damage":16,"enemies":"Gremlin Nob","floor":7,"turns":5},{"damage":0,"enemies":"3 Louse","floor":8,"turns":4},{"damage":4,"enemies":"Looter","floor":11,"turns":3},{"damage":5,"enemies":"3 Sentries","floor":13,"turns":7},{"damage":2,"enemies":"The Guardian","floor":16,"turns":12},{"damage":0,"enemies":"Chosen","floor":18,"turns":4},{"damage":13,"enemies":"2 Thieves","floor":19,"turns":3},{"damage":0,"enemies":"Masked Bandits","floor":20,"turns":2},{"damage":0,"enemies":"Centurion and Healer","floor":22,"turns":4},{"damage":38,"enemies":"Book of Stabbing","floor":23,"turns":6},{"damage":9,"enemies":"Snecko","floor":27,"turns":4},{"damage":2,"enemies":"Gremlin Leader","floor":29,"turns":6},{"damage":5,"enemies":"Slavers","floor":31,"turns":3},{"damage":28,"enemies":"Automaton","floor":33,"turns":10},{"damage":25,"enemies":"3 Darklings","floor":35,"turns":3},{"damage":6,"enemies":"3 Shapes","floor":38,"turns":3},{"damage":10,"enemies":"Jaw Worm Horde","floor":39,"turns":2},{"damage":0,"enemies":"Reptomancer","floor":41,"turns":6},{"damage":5,"enemies":"Nemesis","floor":47,"turns":5},{"damage":21,"enemies":"Mind Bloom Boss Battle","floor":48,"turns":5},{"damage":2,"enemies":"Time Eater","floor":50,"turns":9}],"seed_played":"599008858782232165","potions_obtained":[{"floor":1,"key":"SkillPotion"},{"floor":2,"key":"Poison Potion"},{"floor":13,"key":"AttackPotion"},{"floor":18,"key":"Dexterity Potion"},{"floor":22,"key":"SmokeBomb"},{"floor":29,"key":"Weak Potion"},{"floor":41,"key":"EssenceOfSteel"}],"is_trial":false,"path_per_floor":["M","M","M","M","$","R","E","M","T","R","M","T","E","?","R","B",null,"M","M","?","?","M","E","R","T","T","M","R","E","R","E","R","B",null,"M","?","?","M","M","R","E","R","T","$","?","?","E","?","R","B"],"character_chosen":"THE_SILENT","items_purchased":["Lantern","Bronze Scales","Malaise","GhostInAJar"],"campfire_rested":1,"item_purchase_floors":[5,44,44,44],"current_hp_per_floor":[63,56,56,55,55,55,39,39,39,39,35,35,30,23,23,46,64,64,51,51,51,51,13,34,34,34,37,37,47,47,42,42,39,62,37,55,55,49,39,39,39,39,39,39,39,39,56,59,59,78],"gold":301,"neow_bonus":"UPGRADE_CARD","is_prod":false,"is_daily":false,"chose_seed":false,"campfire_upgraded":9,"win_rate":0,"timestamp":1540470847,"path_taken":["M","M","M","M","$","R","E","?","T","R","M","?","E","?","R","BOSS","M","?","?","?","M","E","R","?","T","M","R","E","R","E","R","BOSS","M","?","?","M","M","R","E","R","T","$","?","?","E","?","R","BOSS"],"build_version":"2018-10-18","purchased_purges":1,"victory":true,"max_hp_per_floor":[70,70,70,70,70,70,70,70,70,70,70,70,70,70,70,70,70,70,70,70,70,70,70,70,70,70,70,70,70,70,70,70,70,70,70,70,70,70,70,70,70,70,70,70,70,70,80,80,80,80],"card_choices":[{"not_picked":["Dodge and Roll","Bouncing Flask"],"picked":"Blade Dance","floor":1},{"not_picked":["Blade Dance","Expertise"],"picked":"Flying Knee","floor":2},{"not_picked":["Crippling Poison","Predator"],"picked":"Footwork","floor":3},{"not_picked":["Underhanded Strike","Outmaneuver","Dagger Throw"],"picked":"SKIP","floor":4},{"not_picked":["Poisoned Stab","Cloak And Dagger"],"picked":"PiercingWail","floor":7},{"not_picked":["Prepared","Flying Knee"],"picked":"A Thousand Cuts","floor":8},{"not_picked":["Tactician","Flechettes"],"picked":"Blade Dance","floor":11},{"not_picked":["Outmaneuver","Choke","Flechettes"],"picked":"SKIP","floor":13},{"not_picked":["Glass Knife","Adrenaline"],"picked":"After Image","floor":16},{"not_picked":["Dagger Throw","Cloak And Dagger"],"picked":"Infinite Blades+1","floor":18},{"not_picked":["Dagger Spray","Outmaneuver","Deadly Poison"],"picked":"SKIP","floor":19},{"not_picked":["Prepared","Underhanded Strike"],"picked":"Corpse Explosion","floor":22},{"not_picked":["PiercingWail","Masterful Stab+1"],"picked":"Dodge and Roll+1","floor":23},{"not_picked":["Sucker Punch","Infinite Blades","Flying Knee","Flechettes"],"picked":"SKIP","floor":27},{"not_picked":["Masterful Stab","Concentrate","Blur"],"picked":"Well Laid Plans","floor":29},{"not_picked":["Choke","Poisoned Stab","Escape Plan","Reflex"],"picked":"SKIP","floor":31},{"not_picked":["Storm of Steel","Wraith Form v2","Grand Finale"],"picked":"Adrenaline","floor":33},{"not_picked":["Deflect","Outmaneuver","Acrobatics"],"picked":"Distraction+1","floor":35},{"not_picked":["Outmaneuver","Cloak And Dagger","Quick Slash"],"picked":"Terror","floor":38},{"not_picked":["Dodge and Roll","Footwork","Bane"],"picked":"Calculated Gamble","floor":39},{"not_picked":["Sucker Punch","Terror","Grand Finale"],"picked":"Accuracy","floor":41},{"not_picked":["Reflex","Dagger Throw","Dagger Spray","Acrobatics"],"picked":"SKIP","floor":47}],"player_experience":610137,"relics_obtained":[{"floor":7,"key":"Pocketwatch"},{"floor":9,"key":"Matryoshka"},{"floor":12,"key":"Paper Crane"},{"floor":12,"key":"Pantograph"},{"floor":13,"key":"Ninja Scroll"},{"floor":20,"key":"Red Mask"},{"floor":23,"key":"Question Card"},{"floor":25,"key":"Ornamental Fan"},{"floor":25,"key":"Meat on the Bone"},{"floor":26,"key":"Sundial"},{"floor":29,"key":"Regal Pillow"},{"floor":31,"key":"Pen Nib"},{"floor":41,"key":"Juzu Bracelet"},{"floor":43,"key":"Dodecahedron"},{"floor":47,"key":"Pear"},{"floor":48,"key":"Ice Cream"}],"event_choices":[{"damage_healed":0,"gold_gain":0,"player_choice":"Damaged","damage_taken":7,"max_hp_gain":0,"max_hp_loss":0,"event_name":"Wheel of Change","floor":14,"gold_loss":0},{"damage_healed":0,"gold_gain":0,"player_choice":"Fought Bandits","damage_taken":0,"max_hp_gain":0,"max_hp_loss":0,"event_name":"Masked Bandits","floor":20,"gold_loss":0},{"damage_healed":0,"gold_gain":0,"player_choice":"Opened","damage_taken":0,"relics_obtained":["Vajra"],"max_hp_gain":0,"max_hp_loss":0,"event_name":"The Mausoleum","floor":21,"gold_loss":0,"cards_obtained":["Writhe"]},{"damage_healed":18,"gold_gain":0,"player_choice":"Writhe","damage_taken":0,"max_hp_gain":0,"max_hp_loss":0,"event_name":"Winding Halls","floor":36,"gold_loss":0,"cards_obtained":["Writhe"]},{"cards_removed":["Strike_G"],"damage_healed":0,"gold_gain":0,"player_choice":"Removed Attack","damage_taken":0,"max_hp_gain":0,"max_hp_loss":0,"event_name":"Falling","floor":37,"gold_loss":0},{"damage_healed":0,"gold_gain":0,"player_choice":"2 cards matched","damage_taken":0,"max_hp_gain":0,"max_hp_loss":0,"event_name":"Match and Keep!","floor":45,"gold_loss":0,"cards_obtained":["Acrobatics","Storm of Steel"]},{"damage_healed":0,"gold_gain":0,"player_choice":"Ignored","damage_taken":0,"max_hp_gain":0,"max_hp_loss":0,"event_name":"Tomb of Lord Red Mask","floor":46,"gold_loss":0},{"damage_healed":0,"gold_gain":0,"player_choice":"Fight","damage_taken":0,"max_hp_gain":0,"max_hp_loss":0,"event_name":"MindBloom","floor":48,"gold_loss":0}],"is_beta":false,"boss_relics":[{"not_picked":["Empty Cage","Philosopher\u0027s Stone"],"picked":"WristBlade"},{"not_picked":["Velvet Choker","Calling Bell"],"picked":"Astrolabe"}],"items_purged_floors":[44],"is_endless":false,"potions_floor_spawned":[1,2,13,16,18,22,29,33,35,41,48],"ascension_level":13}