{"gold_per_floor":[116,116,126,126,4,4,30,48,73,92,122,122],"floor_reached":12,"playtime":344,"items_purged":[],"score":132,"play_id":"960139eb-3e54-4e01-8f12-e4eb1a7cc5fd","local_time":"20190419024613","is_ascension_mode":true,"campfire_choices":[{"data":"Genetic Algorithm","floor":6,"key":"SMITH"}],"neow_cost":"NONE","seed_source_timestamp":49298993580415,"circlet_count":0,"master_deck":["AscendersBane","Strike_B","Strike_B","Strike_B","Strike_B","Defend_B","Defend_B","Defend_B","Defend_B","Zap+1","Dualcast+1","Conserve Battery+1","Ball Lightning","Genetic Algorithm+1","Biased Cognition","Lockon","Barrage"],"relics":["Cracked Core","PreservedInsect","Boot","Blood Vial"],"potions_floor_usage":[12],"damage_taken":[{"damage":5,"enemies":"Small Slimes","floor":1,"turns":3},{"damage":0,"enemies":"2 Louse","floor":3,"turns":2},{"damage":28,"enemies":"Gremlin Nob","floor":7,"turns":4},{"damage":1,"enemies":"Cultist","floor":8,"turns":3},{"damage":8,"enemies":"Exordium Wildlife","floor":10,"turns":4},{"damage":15,"enemies":"3 Sentries","floor":11,"turns":5},{"damage":14,"enemies":"Exordium Thugs","floor":12,"turns":1}],"seed_played":"5685852474014757152","potions_obtained":[{"floor":7,"key":"EssenceOfSteel"},{"floor":11,"key":"Dexterity Potion"}],"is_trial":false,"path_per_floor":["M","?","M","?","$","R","E","M","T","M","E","M"],"character_chosen":"DEFECT","items_purchased":["Ball Lightning","Genetic Algorithm"],"campfire_rested":0,"item_purchase_floors":[5,5],"current_hp_per_floor":[63,63,63,63,63,63,35,34,34,26,11,0],"gold":122,"neow_bonus":"UPGRADE_CARD","is_prod":false,"is_daily":false,"chose_seed":false,"campfire_upgraded":1,"win_rate":0,"timestamp":1555652773,"path_taken":["M","?","M","?","$","R","E","M","T","?","E","M"],"build_version":"2019-01-23","purchased_purges":0,"victory":false,"max_hp_per_floor":[75,75,75,75,75,75,75,75,75,75,75,75],"card_choices":[{"not_picked":["Turbo","Auto Shields"],"picked":"Conserve Battery","floor":1},{"not_picked":["Rebound","Steam","Chill"],"picked":"SKIP","floor":3},{"not_picked":["Darkness","Rip and Tear"],"picked":"Biased Cognition","floor":7},{"not_picked":["Gash","Auto Shields"],"picked":"Lockon","floor":8},{"not_picked":["Compile Driver","Skim"],"picked":"Barrage","floor":10},{"not_picked":["Multi-Cast","FTL","Steam"],"picked":"SKIP","floor":11}],"player_experience":661839,"relics_obtained":[{"floor":7,"key":"PreservedInsect"},{"floor":9,"key":"Boot"},{"floor":11,"key":"Blood Vial"}],"event_choices":[{"damage_healed":0,"gold_gain":0,"player_choice":"Grow","damage_taken":0,"max_hp_gain":0,"max_hp_loss":0,"event_name":"Living Wall","floor":2,"gold_loss":0,"cards_upgraded":["Dualcast"]},{"damage_healed":0,"gold_gain":0,"player_choice":"Upgraded","damage_taken":0,"max_hp_gain":0,"max_hp_loss":0,"event_name":"Upgrade Shrine","floor":4,"gold_loss":0,"cards_upgraded":["Conserve Battery"]}],"is_beta":false,"boss_relics":[],"items_purged_floors":[],"is_endless":false,"potions_floor_spawned":[7,11],"killed_by":"Exordium Thugs","ascension_level":10}