{"gold_per_floor":[110,110,125,139,154,154,207,207,207,226,262,78,37,0,0,91,91,111,36,36,61,61,61,86,86,111,111,111,144,144,35,35,35],"floor_reached":33,"playtime":1182,"items_purged":["Strike_B"],"score":622,"play_id":"9a011bda-dbc0-4997-ae91-e992328203d7","local_time":"20181227151302","is_ascension_mode":true,"campfire_choices":[{"data":"Zap","floor":6.0,"key":"SMITH"},{"data":"Sweeping Beam","floor":8.0,"key":"SMITH"},{"floor":15.0,"key":"REST"},{"data":"Rainbow","floor":23.0,"key":"SMITH"},{"data":"Doom and Gloom","floor":25,"key":"SMITH"},{"floor":27,"key":"REST"},{"floor":30,"key":"REST"},{"floor":32,"key":"REST"}],"neow_cost":"NONE","seed_source_timestamp":0,"circlet_count":0,"master_deck":["AscendersBane","Strike_B","Strike_B","Defend_B","Defend_B","Defend_B","Defend_B","Zap+1","Dualcast","Cold Snap","Leap","Sweeping Beam+1","Chill","Rainbow+1","Ball Lightning","Rip and Tear","Core Surge","Conserve Battery","Doom and Gloom+1","Cold Snap","Hologram+1","Loop","Compile Driver"],"special_seed":0,"relics":["Cracked Core","NeowsBlessing","Golden Idol","Blood Vial","Bottled Flame","DataDisk","Inserter","Kunai","Dream Catcher","Regal Pillow"],"potions_floor_usage":[29,33],"damage_taken":[{"damage":0.0,"enemies":"2 Louse","floor":1.0,"turns":1.0},{"damage":0.0,"enemies":"Jaw Worm","floor":3.0,"turns":1.0},{"damage":0.0,"enemies":"Small Slimes","floor":4.0,"turns":1.0},{"damage":25.0,"enemies":"Exordium Thugs","floor":5.0,"turns":6.0},{"damage":3.0,"enemies":"Large Slime","floor":10.0,"turns":7.0},{"damage":13.0,"enemies":"Lagavulin","floor":11.0,"turns":6.0},{"damage":0.0,"enemies":"Slime Boss","floor":16.0,"turns":7.0},{"damage":8.0,"enemies":"Chosen","floor":18.0,"turns":5.0},{"damage":16.0,"enemies":"Shell Parasite","floor":21.0,"turns":4.0},{"damage":26,"enemies":"Snecko","floor":24,"turns":6},{"damage":35,"enemies":"Slavers","floor":29,"turns":6},{"damage":102,"enemies":"Collector","floor":33,"turns":7}],"seed_played":"400826130287988377","potions_obtained":[{"floor":1.0,"key":"GamblersBrew"},{"floor":3.0,"key":"SpeedPotion"},{"floor":24,"key":"Poison Potion"}],"is_trial":false,"path_per_floor":["M","?","M","M","M","R","T","R","T","M","E","$","$","?","R","B",null,"M","?","$","M","T","R","M","R","T","R","?","E","R","$","R","B"],"character_chosen":"DEFECT","items_purchased":["Ball Lightning","PowerPotion","Rip and Tear","PowerPotion","Compile Driver"],"campfire_rested":4,"item_purchase_floors":[12,12,13,31,31],"current_hp_per_floor":[64,64,64,64,39,39,39,39,39,38,27,27,27,27,46,48,60,54,54,54,40,40,40,16,16,16,35,35,2,36,36,64,0],"gold":35,"neow_bonus":"THREE_ENEMY_KILL","is_prod":false,"is_daily":false,"chose_seed":false,"campfire_upgraded":4,"win_rate":0,"timestamp":1545919982,"path_taken":["M","?","M","M","M","R","?","R","T","M","E","?","$","?","R","BOSS","M","?","$","M","?","R","M","R","T","R","?","E","R","$","R","BOSS"],"build_version":"2018-12-20","purchased_purges":1,"victory":false,"max_hp_per_floor":[71,64,64,64,64,64,64,64,64,64,64,64,64,64,64,64,64,64,64,64,64,64,64,64,64,64,64,64,64,64,64,64,64],"card_choices":[{"not_picked":["Genetic Algorithm","Streamline"],"picked":"Cold Snap","floor":1.0},{"not_picked":["Capacitor","Beam Cell"],"picked":"Leap","floor":3.0},{"not_picked":["Coolheaded","Gash"],"picked":"Sweeping Beam","floor":4.0},{"not_picked":["FTL","Redo"],"picked":"Chill","floor":5.0},{"not_picked":["Rebound","Blizzard"],"picked":"Rainbow","floor":10.0},{"not_picked":["Chaos","Consume","Reprogram"],"picked":"SKIP","floor":11.0},{"not_picked":["Buffer","Machine Learning"],"picked":"Core Surge","floor":16.0},{"not_picked":["Coolheaded","Genetic Algorithm"],"picked":"Conserve Battery","floor":18.0},{"not_picked":["Force Field","Hologram"],"picked":"Doom and Gloom","floor":21.0},{"not_picked":["Turbo","Cold Snap","Hologram"],"picked":"SKIP","floor":24},{"not_picked":["Steam","Rebound"],"picked":"Cold Snap","floor":27},{"not_picked":["Core Surge","Sunder"],"picked":"Hologram+1","floor":29},{"not_picked":["Redo","Sweeping Beam"],"picked":"Loop","floor":30}],"player_experience":1046286,"relics_obtained":[{"floor":7.0,"key":"Blood Vial"},{"floor":9.0,"key":"Bottled Flame"},{"floor":11.0,"key":"DataDisk"},{"floor":22.0,"key":"Kunai"},{"floor":26,"key":"Dream Catcher"},{"floor":29,"key":"Regal Pillow"}],"event_choices":[{"damage_healed":0.0,"max_hp_gain":0.0,"max_hp_loss":7.0,"gold_gain":0.0,"event_name":"Golden Idol","player_choice":"Lose Max HP","floor":2.0,"gold_loss":0.0,"damage_taken":0.0,"relics_obtained":["Golden Idol"]},{"damage_healed":0.0,"max_hp_gain":0.0,"max_hp_loss":0.0,"gold_gain":0.0,"event_name":"World of Goop","player_choice":"Left Gold","floor":14.0,"gold_loss":37.0,"damage_taken":0.0},{"cards_removed":["Strike_B"],"damage_healed":0.0,"max_hp_gain":0.0,"max_hp_loss":0.0,"gold_gain":0.0,"event_name":"Beggar","player_choice":"Gave Gold","floor":19.0,"gold_loss":75.0,"damage_taken":0.0},{"damage_healed":0,"gold_gain":0,"player_choice":"0 cards matched","damage_taken":0,"max_hp_gain":0,"max_hp_loss":0,"event_name":"Match and Keep!","floor":28,"gold_loss":0,"cards_obtained":[]}],"is_beta":false,"boss_relics":[{"not_picked":["Philosopher\u0027s Stone","Lizard Tail"],"picked":"Inserter"}],"items_purged_floors":[12],"is_endless":false,"potions_floor_spawned":[1,3,24],"killed_by":"Collector","ascension_level":20}