{"gold_per_floor":[13,32,45,65,83,83,103,103,103,103,130,130,52,80,80,180,180,196,196,196,211,61,61,80,97,97,196,196,229,229,258,258,258],"floor_reached":33,"playtime":1610,"items_purged":[],"score":369,"play_id":"80fbab43-6595-42ed-8673-a0670cbbbf32","local_time":"20190409030424","is_ascension_mode":true,"campfire_choices":[{"data":"Sentinel","floor":6,"key":"SMITH"},{"data":"True Grit","floor":8,"key":"SMITH"},{"data":"Battle Trance","floor":10,"key":"SMITH"},{"data":"Carnage","floor":12,"key":"SMITH"},{"data":"Corruption","floor":15,"key":"SMITH"},{"data":"Shockwave","floor":23,"key":"SMITH"},{"data":"Combust","floor":28,"key":"SMITH"},{"floor":30,"key":"REST"},{"data":"Anger","floor":32,"key":"SMITH"}],"neow_cost":"NO_GOLD","seed_source_timestamp":434753563914780,"circlet_count":0,"master_deck":["Strike_R","Strike_R","Strike_R","Defend_R","Bash","Carnage+1","Intimidate","Battle Trance+1","True Grit+1","Clothesline","Sentinel+1","Shockwave+1","Anger+1","Combust+1","Corruption+1","Disarm+1","Juggernaut","Cleave+1","Clash+1","Rampage+1","Flame Barrier+1","Combust+1"],"relics":["Burning Blood","Mercury Hourglass","Singing Bowl","Toxic Egg 2","Astrolabe","Darkstone Periapt","Enchiridion","Vajra","Champion Belt","Kunai","Bag of Marbles"],"potions_floor_usage":[7,14,25],"damage_taken":[{"damage":2,"enemies":"Small Slimes","floor":1,"turns":3},{"damage":0,"enemies":"2 Louse","floor":2,"turns":2},{"damage":0,"enemies":"Jaw Worm","floor":3,"turns":3},{"damage":7,"enemies":"Blue Slaver","floor":4,"turns":5},{"damage":20,"enemies":"Exordium Wildlife","floor":5,"turns":6},{"damage":12,"enemies":"Lots of Slimes","floor":7,"turns":3},{"damage":10,"enemies":"3 Sentries","floor":11,"turns":5},{"damage":7,"enemies":"Lagavulin","floor":14,"turns":5},{"damage":45,"enemies":"Slime Boss","floor":16,"turns":10},{"damage":16,"enemies":"Chosen","floor":18,"turns":4},{"damage":11,"enemies":"3 Byrds","floor":21,"turns":3},{"damage":2,"enemies":"Snake Plant","floor":24,"turns":3},{"damage":6,"enemies":"Snecko","floor":25,"turns":3},{"damage":27,"enemies":"Book of Stabbing","floor":29,"turns":4},{"damage":4,"enemies":"Gremlin Leader","floor":31,"turns":5},{"damage":52,"enemies":"Automaton","floor":33,"turns":4}],"seed_played":"8007809254053831539","potions_obtained":[{"floor":1,"key":"SkillPotion"},{"floor":3,"key":"Explosive Potion"},{"floor":7,"key":"SpeedPotion"},{"floor":14,"key":"Ancient Potion"},{"floor":18,"key":"FearPotion"},{"floor":24,"key":"Energy Potion"},{"floor":25,"key":"Ancient Potion"}],"is_trial":false,"path_per_floor":["?","?","?"],"character_chosen":"IRONCLAD","items_purchased":["Corruption","Vajra"],"campfire_rested":1,"item_purchase_floors":[13,22],"current_hp_per_floor":[80,80,80,79,65,65,59,59,59,59,55,55,55,54,54,15,64,56,56,40,35,35,35,41,41,41,41,41,22,47,51,51,0],"gold":258,"neow_bonus":"TRANSFORM_TWO_CARDS","is_prod":false,"is_daily":false,"chose_seed":false,"campfire_upgraded":8,"win_rate":0,"timestamp":1554753864,"path_taken":["M","M","M","M","M","R","M","R","T","R","E","R","$","E","R","BOSS","M","?","?","M","$","R","M","M","T","?","R","E","R","E","R","BOSS"],"build_version":"2019-01-23","purchased_purges":0,"victory":false,"max_hp_per_floor":[80,80,80,80,80,80,80,80,80,80,80,80,80,80,80,80,80,82,82,82,82,82,82,84,84,84,84,84,86,86,88,88,88],"card_choices":[{"not_picked":["Evolve","Wild Strike"],"picked":"Battle Trance","floor":1},{"not_picked":["Dual Wield","Infernal Blade"],"picked":"True Grit","floor":2},{"not_picked":["Anger","Cleave"],"picked":"Clothesline","floor":3},{"not_picked":["Burning Pact","Searing Blow"],"picked":"Sentinel","floor":4},{"not_picked":["Havoc","Body Slam"],"picked":"Shockwave","floor":5},{"not_picked":["Carnage","Flex"],"picked":"Anger","floor":7},{"not_picked":["Thunderclap","Rupture"],"picked":"Combust","floor":11},{"not_picked":["Barricade","Body Slam"],"picked":"Disarm","floor":14},{"not_picked":["Bludgeon","Immolate"],"picked":"Juggernaut","floor":16},{"not_picked":["Thunderclap+1","Anger","Rampage"],"picked":"Singing Bowl","floor":18},{"not_picked":["Clash","Body Slam+1"],"picked":"Flame Barrier+1","floor":21},{"not_picked":["Sword Boomerang","Heavy Blade","Burning Pact+1"],"picked":"Singing Bowl","floor":24},{"not_picked":["Inflame","Shrug It Off+1"],"picked":"Combust+1","floor":25},{"not_picked":["Uppercut+1","Fire Breathing+1","Battle Trance+1"],"picked":"Singing Bowl","floor":29},{"not_picked":["Brutality","Cleave+1","Clothesline"],"picked":"Singing Bowl","floor":31}],"player_experience":174788,"relics_obtained":[{"floor":9,"key":"Mercury Hourglass"},{"floor":11,"key":"Singing Bowl"},{"floor":14,"key":"Toxic Egg 2"},{"floor":20,"key":"Enchiridion"},{"floor":26,"key":"Champion Belt"},{"floor":29,"key":"Kunai"},{"floor":31,"key":"Bag of Marbles"}],"event_choices":[{"damage_healed":0,"gold_gain":0,"player_choice":"Opened","damage_taken":0,"relics_obtained":["Darkstone Periapt"],"max_hp_gain":0,"max_hp_loss":0,"event_name":"The Mausoleum","floor":19,"gold_loss":0},{"damage_healed":0,"gold_gain":0,"player_choice":"Obtained Book","damage_taken":16,"max_hp_gain":0,"max_hp_loss":0,"event_name":"Cursed Tome","floor":20,"gold_loss":0},{"damage_healed":0,"gold_gain":99,"player_choice":"Stole From Cult","damage_taken":0,"max_hp_gain":0,"max_hp_loss":0,"event_name":"Nest","floor":27,"gold_loss":0}],"is_beta":false,"boss_relics":[{"not_picked":["Busted Crown","Lizard Tail"],"picked":"Astrolabe"}],"items_purged_floors":[],"is_endless":false,"potions_floor_spawned":[1,3,7,14,18,24,25],"killed_by":"Automaton","ascension_level":5}