{"gold_per_floor":[118,135,146,160,92,117,134,134,134,153,166,196,215,231,231,336,336,349,364,364,364,379,411,411,411,411,411,371,387,21,55,55,152,152,164,164,164,176,176,204,154,154,179,45,78,91,91,109,109,210,210,230,230,405,8,8,37,37,37,64,80,107,123,139,159,159,254,254,268,284,209,209,209,209,219,248,279,33,60,10,27,44,44,139,139,150,150,160,0,0,0,18,37,67,67,78,78,88,107,107,210,210,226,226,226,285,298,298,318,334,365,379,25,41,58,58,58,155,155,174,99,131,131,142,160,173,96,126,139,139,154,168,178,178,283,283,294,314,329,329],"floor_reached":140,"playtime":8614,"items_purged":["Normality","Clumsy"],"score":4488,"play_id":"a1bffb8e-d683-4bc2-979c-a0e797d8f3f4","local_time":"20180701211911","is_ascension_mode":false,"campfire_choices":[{"data":"Metallicize","floor":15,"key":"SMITH"},{"floor":24,"key":"REST"},{"floor":27,"key":"REST"},{"data":"Searing Blow","floor":32,"key":"SMITH"},{"data":"Searing Blow+1","floor":47,"key":"SMITH"},{"data":"Secret Technique","floor":49,"key":"SMITH"},{"data":"Searing Blow+2","floor":58,"key":"SMITH"},{"data":"Searing Blow+3","floor":66,"key":"SMITH"},{"data":"Searing Blow+4","floor":74,"key":"SMITH"},{"data":"Blind","floor":83,"key":"SMITH"},{"data":"Mind Blast","floor":91,"key":"SMITH"},{"data":"Evolve","floor":100,"key":"SMITH"},{"data":"Whirlwind","floor":108,"key":"SMITH"},{"data":"Whirlwind","floor":117,"key":"SMITH"},{"data":"Rupture","floor":130,"key":"SMITH"},{"data":"Barricade","floor":134,"key":"SMITH"}],"neow_cost":"","seed_source_timestamp":0,"circlet_count":1,"master_deck":["Strike_R+1","Strike_R+1","Strike_R+1","Defend_R+1","Defend_R+1","Defend_R+1","Defend_R+1","Bash","Pummel","Inflame","Flex","Shrug It Off","Metallicize+1","Power Through","Shrug It Off+1","Inflame+1","Searing Blow+5","Heavy Blade","Ghostly Armor+1","Immolate","Infernal Blade+1","Iron Wave","Feel No Pain+1","Disarm","Brutality","Metallicize","Clothesline","Offering+1","Corruption+1","Pummel","Pommel Strike+1","Panacea","Blind+1","Secret Technique+1","Flash of Steel","Feel No Pain","Second Wind+1","Intimidate+1","Flex+1","Dark Embrace","Impervious+1","Seeing Red+1","Inflame","Burning Pact+1","Heavy Blade","Combust","Warcry+1","Dark Embrace","Inflame","Shrug It Off+1","Shrug It Off+1","Sever Soul","Exhume+1","Bloodletting+1","Thinking Ahead+1","Panacea+1","Mind Blast+1","Flex+1","Evolve+1","Shrug It Off+1","Warcry+1","Madness+1","Madness+1","Pummel","Double Tap+1","Heavy Blade+1","Inflame+1","Fiend Fire","True Grit+1","Whirlwind+1","Pummel","Demon Form","Shockwave+1","Entrench+1","Whirlwind+1","Rupture","Havoc+1","Feel No Pain","Demon Form","Injury","Barricade","Infernal Blade+1","Shrug It Off+1","Rupture+1","Seeing Red+1","J.A.X.+1","Barricade+1","Havoc+1","Flame Barrier+1","Decay","Normality","Feed","Rage+1","Clothesline+1","Spot Weakness+1"],"relics":["Burning Blood","Bag of Marbles","Strawberry","Anchor","Eternal Feather","Smiling Mask","Enchiridion","Toolbox","Darkstone Periapt","Ice Cream","Pen Nib","Calling Bell","Dream Catcher","Ornamental Fan","Charon\u0027s Ashes","Spirit Poop","Incense Burner","Happy Flower","Toxic Egg 2","Coffee Dripper","Mummified Hand","Potion Belt","Pear","Red Mask","Peace Pipe","War Paint","Gremlin Horn","Bottled Tornado","Circlet"],"potions_floor_usage":[4,7,12,12,16,23,23,29,31,31,33,33,38,48,50,79,79,81,81,84,94,96,101,101,106,106,106,115,118,120,128,132,135,135,135,140,140,140,140,140,140],"damage_taken":[{"damage":1,"enemies":"Cultist","floor":1,"turns":3},{"damage":0,"enemies":"Small Slimes","floor":2,"turns":3},{"damage":3,"enemies":"Jaw Worm","floor":3,"turns":3},{"damage":10,"enemies":"Lots of Slimes","floor":4,"turns":4},{"damage":10,"enemies":"3 Sentries","floor":6,"turns":12},{"damage":13,"enemies":"Exordium Wildlife","floor":7,"turns":6},{"damage":0,"enemies":"2 Fungi Beasts","floor":10,"turns":3},{"damage":12,"enemies":"Lots of Slimes","floor":11,"turns":5},{"damage":7,"enemies":"Lagavulin","floor":12,"turns":5},{"damage":4,"enemies":"Blue Slaver","floor":13,"turns":3},{"damage":0,"enemies":"3 Louse","floor":14,"turns":3},{"damage":2,"enemies":"Slime Boss","floor":16,"turns":12},{"damage":32,"enemies":"Chosen","floor":18,"turns":6},{"damage":17,"enemies":"Shell Parasite","floor":19,"turns":6},{"damage":26,"enemies":"Centurion and Healer","floor":22,"turns":6},{"damage":21,"enemies":"Gremlin Leader","floor":23,"turns":5},{"damage":10,"enemies":"Snecko","floor":29,"turns":4},{"damage":5,"enemies":"Book of Stabbing","floor":31,"turns":7},{"damage":44,"enemies":"Collector","floor":33,"turns":16},{"damage":10,"enemies":"Orb Walker","floor":35,"turns":4},{"damage":21,"enemies":"Flame Bruiser 1 Orb","floor":38,"turns":3},{"damage":27,"enemies":"2 Orb Walkers","floor":40,"turns":4},{"damage":30,"enemies":"Nemesis","floor":45,"turns":6},{"damage":4,"enemies":"3 Darklings","floor":46,"turns":4},{"damage":0,"enemies":"4 Shapes","floor":48,"turns":3},{"damage":36,"enemies":"Time Eater","floor":50,"turns":10},{"damage":1,"enemies":"Small Slimes","floor":52,"turns":2},{"damage":3,"enemies":"Gremlin Nob","floor":57,"turns":3},{"damage":1,"enemies":"2 Louse","floor":61,"turns":1},{"damage":1,"enemies":"3 Sentries","floor":62,"turns":2},{"damage":0,"enemies":"Jaw Worm","floor":63,"turns":1},{"damage":0,"enemies":"Looter","floor":64,"turns":1},{"damage":1,"enemies":"2 Fungi Beasts","floor":65,"turns":2},{"damage":5,"enemies":"Slime Boss","floor":67,"turns":2},{"damage":4,"enemies":"Spheric Guardian","floor":69,"turns":1},{"damage":1,"enemies":"2 Thieves","floor":70,"turns":2},{"damage":3,"enemies":"Sentry and Sphere","floor":75,"turns":3},{"damage":4,"enemies":"Book of Stabbing","floor":76,"turns":1},{"damage":7,"enemies":"Slavers","floor":77,"turns":4},{"damage":1,"enemies":"Gremlin Leader","floor":79,"turns":2},{"damage":2,"enemies":"Chosen and Byrds","floor":81,"turns":3},{"damage":3,"enemies":"Cultist and Chosen","floor":82,"turns":4},{"damage":30,"enemies":"Champ","floor":84,"turns":4},{"damage":4,"enemies":"Flame Bruiser 1 Orb","floor":86,"turns":3},{"damage":2,"enemies":"3 Shapes","floor":88,"turns":2},{"damage":9,"enemies":"3 Darklings","floor":92,"turns":5},{"damage":16,"enemies":"Flame Bruiser 2 Orb","floor":93,"turns":3},{"damage":11,"enemies":"Nemesis","floor":94,"turns":5},{"damage":7,"enemies":"Maw","floor":96,"turns":5},{"damage":0,"floor":97,"turns":1},{"damage":10,"enemies":"4 Shapes","floor":98,"turns":3},{"damage":1,"enemies":"3 Darklings","floor":99,"turns":4},{"damage":6,"enemies":"Donu and Deca","floor":101,"turns":3},{"damage":0,"enemies":"Small Slimes","floor":103,"turns":1},{"damage":4,"enemies":"Lagavulin Event","floor":106,"turns":3},{"damage":0,"enemies":"Cultist","floor":107,"turns":1},{"damage":0,"enemies":"2 Louse","floor":109,"turns":1},{"damage":4,"enemies":"Exordium Wildlife","floor":110,"turns":1},{"damage":0,"enemies":"Gremlin Nob","floor":111,"turns":1},{"damage":0,"enemies":"Looter","floor":112,"turns":1},{"damage":0,"enemies":"Red Slaver","floor":114,"turns":1},{"damage":3,"enemies":"Gremlin Gang","floor":115,"turns":2},{"damage":0,"enemies":"Slime Boss","floor":118,"turns":1},{"damage":2,"enemies":"3 Byrds","floor":120,"turns":2},{"damage":4,"floor":122,"turns":1},{"damage":1,"enemies":"2 Thieves","floor":124,"turns":2},{"damage":0,"enemies":"Snake Plant","floor":125,"turns":1},{"damage":0,"enemies":"Sentry and Sphere","floor":126,"turns":2},{"damage":10,"enemies":"Slavers","floor":128,"turns":4},{"damage":0,"enemies":"Centurion and Healer","floor":129,"turns":2},{"damage":0,"enemies":"Snake Plant","floor":131,"turns":1},{"damage":3,"enemies":"Cultist and Chosen","floor":132,"turns":1},{"damage":13,"enemies":"3 Cultists","floor":133,"turns":3},{"damage":17,"enemies":"Champ","floor":135,"turns":6},{"damage":0,"enemies":"Orb Walker","floor":137,"turns":3},{"damage":4,"enemies":"3 Shapes","floor":138,"turns":2},{"damage":11,"enemies":"3 Darklings","floor":139,"turns":4},{"damage":59,"enemies":"Spire Growth","floor":140,"turns":4}],"seed_played":"-5858133220882203750","potions_obtained":[{"floor":2,"key":"AttackPotion"},{"floor":3,"key":"Weak Potion"},{"floor":6,"key":"PowerPotion"},{"floor":11,"key":"PowerPotion"},{"floor":12,"key":"SpeedPotion"},{"floor":16,"key":"Ancient Potion"},{"floor":22,"key":"BloodPotion"},{"floor":28,"key":"Ancient Potion"},{"floor":28,"key":"Fire Potion"},{"floor":28,"key":"Dexterity Potion"},{"floor":29,"key":"Strength Potion"},{"floor":31,"key":"Weak Potion"},{"floor":33,"key":"Explosive Potion"},{"floor":45,"key":"SteroidPotion"},{"floor":46,"key":"FearPotion"},{"floor":52,"key":"BloodPotion"},{"floor":64,"key":"Energy Potion"},{"floor":67,"key":"Weak Potion"},{"floor":70,"key":"PowerPotion"},{"floor":76,"key":"Explosive Potion"},{"floor":79,"key":"SteroidPotion"},{"floor":84,"key":"Weak Potion"},{"floor":88,"key":"SteroidPotion"},{"floor":92,"key":"Regen Potion"},{"floor":94,"key":"Block Potion"},{"floor":96,"key":"Block Potion"},{"floor":101,"key":"Weak Potion"},{"floor":103,"key":"SteroidPotion"},{"floor":106,"key":"Strength Potion"},{"floor":109,"key":"Strength Potion"},{"floor":115,"key":"Fire Potion"},{"floor":118,"key":"LiquidBronze"},{"floor":122,"key":"Block Potion"},{"floor":126,"key":"Dexterity Potion"},{"floor":128,"key":"PowerPotion"},{"floor":131,"key":"AttackPotion"},{"floor":139,"key":"EntropicBrew"}],"is_trial":true,"path_per_floor":["M","M","M","M","$","E","M","?","T","M","M","E","M","M","R","B",null,"M","M","?","?","M","E","R","?","T","R","?","M","$","E","R","B",null,"M","?","?","M","?","E","$","?","T","$","E","M","R","M","R","B",null,"M","?","?","$","?","E","R","$","T","M","E","M","M","M","R","B",null,"M","M","?","?","?","R","M","E","E","$","E","$","M","M","R","B",null,"M","?","M","?","?","R","M","M","E","?","M","?","M","M","R","B",null,"M","?","?","?","M","R","M","M","E","M","$","M","M","?","R","B",null,"M","?","?","?","M","M","M","?","E","M","R","M","M","M","R","B",null,"M","M","M"],"character_chosen":"IRONCLAD","items_purchased":["Metallicize","Ice Cream","Metallicize","Flash of Steel","Feel No Pain","Mummified Hand","Impervious+1","Pear","Bottled Tornado","Rupture","Havoc+1"],"campfire_rested":2,"item_purchase_floors":[5,30,30,44,44,55,55,78,113,113,113],"current_hp_per_floor":[80,80,80,76,76,72,65,70,77,83,77,76,78,84,84,88,92,66,55,55,39,19,13,50,32,32,71,71,67,67,68,78,40,115,111,111,111,96,96,75,75,65,65,65,41,43,59,65,81,51,115,115,92,98,98,98,105,121,121,121,121,121,121,121,121,121,121,61,61,61,61,61,61,61,61,61,60,70,71,71,71,71,71,54,71,71,61,65,65,65,71,68,58,67,58,57,63,59,64,71,71,71,71,71,68,70,71,71,71,71,71,71,71,71,71,71,71,83,42,42,42,42,36,41,47,47,47,43,47,47,47,47,40,47,48,59,59,59,59,0],"gold":329,"neow_bonus":"","is_prod":false,"is_daily":false,"chose_seed":false,"campfire_upgraded":14,"win_rate":0,"timestamp":1530505151,"path_taken":["M","M","M","?","?","E","M","?","T","?","?","E","M","M","R","BOSS","M","M","?","?","M","E","R","?","T","R","?","M","$","E","R","BOSS","M","?","?","?","?","E","$","?","T","$","E","?","R","M","R","BOSS","M","?","?","?","?","E","R","$","T","M","E","M","M","M","R","BOSS","M","M","?","?","?","R","M","E","E","$","E","?","M","M","R","BOSS","M","?","M","?","?","R","?","?","E","?","M","?","M","?","R","BOSS","M","?","?","?","M","R","M","M","E","M","?","?","M","?","R","BOSS","M","?","?","?","M","?","M","?","E","M","R","M","?","M","R","BOSS","M","?","M","?"],"build_version":"2018-06-29","purchased_purges":2,"victory":false,"max_hp_per_floor":[80,80,80,80,80,80,80,85,92,92,92,92,92,92,92,92,92,92,92,92,92,92,92,92,97,97,97,97,97,97,97,97,97,115,115,115,115,115,115,115,115,115,115,115,115,115,115,115,115,115,115,115,115,121,121,121,121,121,121,121,121,121,121,121,121,121,121,61,61,61,61,61,61,61,61,61,61,71,71,71,71,71,71,71,71,71,71,71,71,71,71,71,71,71,71,71,71,71,71,71,71,71,71,71,71,71,71,71,71,71,71,71,71,71,71,71,71,83,42,42,42,42,47,47,47,47,47,47,47,47,47,47,47,47,59,59,59,59,59,59],"card_choices":[{"not_picked":["Thunderclap","Burning Pact"],"picked":"Pummel","floor":1},{"not_picked":["Clash","Rampage"],"picked":"Inflame","floor":2},{"not_picked":["Perfected Strike","Rupture"],"picked":"Flex","floor":3},{"not_picked":["Warcry","Flame Barrier"],"picked":"Shrug It Off","floor":4},{"not_picked":["Headbutt","Wild Strike"],"picked":"Power Through","floor":6},{"not_picked":["Havoc","Perfected Strike"],"picked":"Shrug It Off","floor":7},{"not_picked":["Twin Strike","Spot Weakness"],"picked":"Inflame","floor":10},{"not_picked":["Sentinel","Headbutt"],"picked":"Searing Blow","floor":11},{"not_picked":["Burning Pact","Bludgeon"],"picked":"Heavy Blade","floor":12},{"not_picked":["Dual Wield","Power Through","True Grit"],"picked":"SKIP","floor":13},{"not_picked":["Spot Weakness","Havoc"],"picked":"Ghostly Armor","floor":14},{"not_picked":["Double Tap","Juggernaut"],"picked":"Immolate","floor":16},{"not_picked":["Flame Barrier","Clash"],"picked":"Infernal Blade+1","floor":18},{"not_picked":["Armaments","Entrench"],"picked":"Iron Wave","floor":19},{"not_picked":["Clash","Burning Pact"],"picked":"Feel No Pain+1","floor":22},{"not_picked":["Burning Pact","Flex"],"picked":"Disarm","floor":23},{"not_picked":["Perfected Strike+1","Warcry"],"picked":"Brutality","floor":29},{"not_picked":["Perfected Strike","True Grit"],"picked":"Clothesline","floor":31},{"not_picked":["Demon Form","Reaper"],"picked":"Offering","floor":33},{"not_picked":["Whirlwind","Havoc+1"],"picked":"Corruption+1","floor":35},{"not_picked":["Ghostly Armor","Blood for Blood"],"picked":"Pummel","floor":38},{"not_picked":["Havoc","Perfected Strike"],"picked":"Pommel Strike+1","floor":40},{"not_picked":["Trip","Sadistic Nature"],"picked":"Panacea","floor":42},{"not_picked":["Trip","Thinking Ahead"],"picked":"Blind","floor":42},{"not_picked":["Trip","Blind"],"picked":"Secret Technique","floor":42},{"not_picked":["Corruption+1","Rage"],"picked":"Second Wind+1","floor":45},{"not_picked":["Clothesline+1","Wild Strike+1"],"picked":"Intimidate+1","floor":46},{"not_picked":["Twin Strike+1","Anger+1"],"picked":"Flex+1","floor":48},{"not_picked":["Demon Form","Brutality"],"picked":"Dark Embrace","floor":50},{"not_picked":["Twin Strike","Armaments+1","Wild Strike"],"picked":"SKIP","floor":52},{"not_picked":["Iron Wave","Headbutt"],"picked":"Seeing Red+1","floor":57},{"not_picked":["Anger","Pummel"],"picked":"Inflame","floor":61},{"not_picked":["True Grit+1","Havoc+1"],"picked":"Burning Pact+1","floor":62},{"not_picked":["Sentinel+1","True Grit+1"],"picked":"Heavy Blade","floor":63},{"not_picked":["Perfected Strike","Ghostly Armor+1"],"picked":"Combust","floor":64},{"not_picked":["True Grit+1","Clothesline"],"picked":"Warcry+1","floor":65},{"not_picked":["Brutality","Berserk"],"picked":"Dark Embrace","floor":67},{"not_picked":["Flame Barrier+1","Dual Wield+1"],"picked":"Inflame","floor":69},{"not_picked":["Twin Strike","Anger+1"],"picked":"Shrug It Off+1","floor":70},{"not_picked":["Thunderclap+1","Wild Strike+1"],"picked":"Shrug It Off+1","floor":75},{"not_picked":["Whirlwind","Fiend Fire"],"picked":"Rupture","floor":76},{"not_picked":["True Grit+1","Anger+1","Flex+1"],"picked":"SKIP","floor":77},{"not_picked":["Wild Strike","Sword Boomerang","Body Slam"],"picked":"SKIP","floor":79},{"not_picked":["Clash+1","Fire Breathing","Immolate"],"picked":"SKIP","floor":81},{"not_picked":["Clash","Twin Strike"],"picked":"Sever Soul","floor":82},{"not_picked":["Impervious+1","Bludgeon"],"picked":"Exhume+1","floor":84},{"not_picked":["Shrug It Off+1","Wild Strike"],"picked":"Bloodletting+1","floor":86},{"not_picked":["Sadistic Nature","Purity+1"],"picked":"Thinking Ahead+1","floor":87},{"not_picked":["Jack Of All Trades+1","Trip+1"],"picked":"Panacea+1","floor":87},{"not_picked":["Thinking Ahead+1","Bandage Up+1"],"picked":"Mind Blast","floor":87},{"not_picked":["Twin Strike","Wild Strike"],"picked":"Flex+1","floor":88},{"not_picked":["Dual Wield+1","Shrug It Off+1"],"picked":"Evolve","floor":92},{"not_picked":["Sword Boomerang","Anger+1"],"picked":"Shrug It Off+1","floor":93},{"not_picked":["Body Slam","Uppercut+1"],"picked":"Warcry+1","floor":94},{"not_picked":["Heavy Blade","Dropkick"],"picked":"Pummel","floor":96},{"not_picked":["Iron Wave","Anger+1"],"picked":"Double Tap+1","floor":97},{"not_picked":["True Grit+1","Dropkick+1"],"picked":"Heavy Blade+1","floor":98},{"not_picked":["Sword Boomerang","Body Slam"],"picked":"Inflame+1","floor":99},{"not_picked":["Impervious+1","Bludgeon"],"picked":"Fiend Fire","floor":101},{"not_picked":["Cleave","Searing Blow"],"picked":"True Grit+1","floor":103},{"not_picked":["Shrug It Off+1","Armaments+1"],"picked":"Whirlwind","floor":106},{"not_picked":["Clothesline","Sword Boomerang"],"picked":"Pummel","floor":107},{"not_picked":["True Grit+1","Flex+1"],"picked":"Demon Form","floor":109},{"not_picked":["Pummel","Dual Wield+1"],"picked":"Shockwave+1","floor":110},{"not_picked":["Clothesline","Pommel Strike"],"picked":"Entrench+1","floor":111},{"not_picked":["Armaments+1","Heavy Blade"],"picked":"Whirlwind","floor":112},{"not_picked":["Shrug It Off+1","Ghostly Armor+1"],"picked":"Feel No Pain","floor":114},{"not_picked":["Clash","Perfected Strike"],"picked":"Demon Form","floor":115},{"not_picked":["Berserk","Offering+1"],"picked":"Barricade","floor":118},{"not_picked":["Pommel Strike","Headbutt+1"],"picked":"Infernal Blade+1","floor":120},{"not_picked":["Perfected Strike","Clash"],"picked":"Shrug It Off+1","floor":122},{"not_picked":["Cleave","Flex+1"],"picked":"Rupture","floor":124},{"not_picked":["Clothesline","Anger","Armaments+1"],"picked":"SKIP","floor":125},{"not_picked":["Cleave","Uppercut"],"picked":"Seeing Red+1","floor":126},{"not_picked":["Armaments+1","True Grit+1"],"picked":"Barricade","floor":128},{"not_picked":["Cleave+1","Hemokinesis","Searing Blow"],"picked":"SKIP","floor":129},{"not_picked":["Rampage+1","Armaments+1"],"picked":"Havoc+1","floor":131},{"not_picked":["Headbutt+1","Sentinel+1"],"picked":"Flame Barrier+1","floor":132},{"not_picked":["Headbutt+1","Body Slam","Perfected Strike"],"picked":"SKIP","floor":133},{"not_picked":["Bludgeon","Juggernaut"],"picked":"Feed","floor":135},{"not_picked":["Twin Strike","Combust"],"picked":"Rage+1","floor":137},{"not_picked":["Power Through+1","Cleave"],"picked":"Clothesline+1","floor":138},{"not_picked":["Blood for Blood","Sword Boomerang"],"picked":"Spot Weakness+1","floor":139}],"player_experience":262282,"relics_obtained":[{"floor":6,"key":"Bag of Marbles"},{"floor":9,"key":"Strawberry"},{"floor":12,"key":"Anchor"},{"floor":21,"key":"Enchiridion"},{"floor":23,"key":"Toolbox"},{"floor":26,"key":"Darkstone Periapt"},{"floor":31,"key":"Pen Nib"},{"floor":34,"key":"Dream Catcher"},{"floor":34,"key":"Ornamental Fan"},{"floor":34,"key":"Charon\u0027s Ashes"},{"floor":40,"key":"Incense Burner"},{"floor":43,"key":"Happy Flower"},{"floor":45,"key":"Toxic Egg 2"},{"floor":60,"key":"Potion Belt"},{"floor":97,"key":"Peace Pipe"},{"floor":106,"key":"Gremlin Horn"},{"floor":122,"key":"Circlet"}],"event_choices":[{"event_name":"Big Fish","player_choice":"Donut","floor":8,"damage_taken":0},{"event_name":"The Mausoleum","player_choice":"Yes","floor":20,"damage_taken":0},{"event_name":"Cursed Tome","player_choice":"Obtained Book","floor":21,"damage_taken":0},{"event_name":"Forgotten Altar","player_choice":"Shed Blood","floor":25,"damage_taken":0},{"event_name":"The Woman in Blue","player_choice":"Bought 3 Potions","floor":28,"damage_taken":0},{"event_name":"Bonfire Elementals","player_choice":"CURSE","floor":36,"damage_taken":0},{"event_name":"Falling","player_choice":"Removed Attack","floor":37,"damage_taken":0},{"event_name":"Mysterious Sphere","player_choice":"Ignore","floor":39,"damage_taken":0},{"event_name":"SensoryStone","player_choice":"Memory 3","floor":42,"damage_taken":0},{"event_name":"Shining Light","player_choice":"Entered Light","floor":53,"damage_taken":0},{"event_name":"Liars Game","player_choice":"agreed","floor":54,"damage_taken":0},{"event_name":"The Cleric","player_choice":"Leave","floor":56,"damage_taken":0},{"event_name":"Beggar","player_choice":"Gave Gold","floor":71,"damage_taken":0},{"event_name":"Ghosts","player_choice":"Ignored","floor":72,"damage_taken":0},{"event_name":"Back to Basics","player_choice":"Simplicity","floor":73,"damage_taken":0},{"event_name":"SensoryStone","player_choice":"Memory 3","floor":87,"damage_taken":0},{"event_name":"Tomb of Lord Red Mask","player_choice":"Paid","floor":89,"damage_taken":0},{"event_name":"Falling","player_choice":"Removed Power","floor":90,"damage_taken":0},{"event_name":"Winding Halls","player_choice":"Embrace Madness","floor":95,"damage_taken":0},{"event_name":"MindBloom","player_choice":"Fight","floor":97,"damage_taken":0},{"event_name":"Purifier","player_choice":"One Purge","floor":104,"damage_taken":0},{"event_name":"Scrap Ooze","player_choice":"success","floor":105,"damage_taken":3},{"event_name":"Dead Adventurer","player_choice":"Searched \u00271\u0027 times","floor":106,"damage_taken":0},{"event_name":"Shining Light","player_choice":"Ignored","floor":116,"damage_taken":0},{"event_name":"Beggar","player_choice":"Gave Gold","floor":121,"damage_taken":0},{"event_name":"Masked Bandits","player_choice":"Fought over 99 gold","floor":122,"damage_taken":0},{"event_name":"Forgotten Altar","player_choice":"Shed Blood","floor":123,"damage_taken":0},{"event_name":"Drug Dealer","player_choice":"Got JAXXED","floor":127,"damage_taken":0}],"boss_relics":[{"not_picked":["Empty Cage","Busted Crown"],"picked":"Eternal Feather"},{"not_picked":["White Beast Statue","Tiny House"],"picked":"Calling Bell"},{"not_picked":["Astrolabe","Philosopher\u0027s Stone"],"picked":"Coffee Dripper"},{"not_picked":["GraspOfShadows"],"picked":"BlightedDurian"},{"not_picked":["MetallicRebirth"],"picked":"TwistingMind"},{"not_picked":["GraspOfShadows"],"picked":"Accursed"},{"not_picked":["Accursed"],"picked":"BlightedDurian"},{"not_picked":["Accursed"],"picked":"Scatterbrain"}],"items_purged_floors":[41,80],"is_endless":true,"potions_floor_spawned":[2,3,6,11,12,16,22,29,31,33,45,46,52,64,67,70,76,77,79,84,88,92,94,96,101,103,106,109,115,118,122,126,128,131,139],"killed_by":"Spire Growth","ascension_level":0}