{"gold_per_floor":[115,115,132,132,151,151,186,186,209,223,223],"floor_reached":11,"playtime":343,"items_purged":[],"score":131,"play_id":"a38149f1-6b78-4f66-a286-3e54e9638b8b","local_time":"20190428180024","is_ascension_mode":true,"campfire_choices":[{"data":"Wraith Form v2","floor":6,"key":"SMITH"},{"data":"Neutralize","floor":8,"key":"SMITH"}],"neow_cost":"NONE","seed_source_timestamp":0,"circlet_count":0,"master_deck":["AscendersBane","Defend_G","Defend_G","Defend_G","Defend_G","Defend_G","Strike_G","Strike_G","Strike_G","Strike_G+1","Strike_G","Survivor","Neutralize+1","Wraith Form v2+1","Backflip","Flying Knee+1","Quick Slash"],"special_seed":0,"relics":["Ring of the Snake","Golden Idol","Potion Belt","Whetstone"],"potions_floor_usage":[7,10,11],"damage_taken":[{"damage":0,"enemies":"Jaw Worm","floor":1,"turns":4},{"damage":1,"enemies":"Small Slimes","floor":3,"turns":4},{"damage":5,"enemies":"Cultist","floor":5,"turns":4},{"damage":22,"enemies":"Lagavulin","floor":7,"turns":9},{"damage":11,"enemies":"Exordium Thugs","floor":10,"turns":5},{"damage":7,"enemies":"Gremlin Nob","floor":11,"turns":4}],"seed_played":"1853536362137889019","potions_obtained":[{"floor":5,"key":"Poison Potion"},{"floor":7,"key":"Explosive Potion"},{"floor":10,"key":"EssenceOfSteel"}],"is_trial":false,"path_per_floor":["M","?","M","?","M","R","E","R","T","M","E"],"character_chosen":"THE_SILENT","items_purchased":[],"campfire_rested":0,"item_purchase_floors":[],"current_hp_per_floor":[59,59,58,58,53,53,31,31,31,20,13],"gold":223,"neow_bonus":"ONE_RANDOM_RARE_CARD","is_prod":false,"is_daily":false,"chose_seed":false,"campfire_upgraded":2,"win_rate":0,"timestamp":1556485224,"path_taken":["M","?","M","?","M","R","E","R","T","M","E"],"build_version":"2019-01-23","purchased_purges":0,"victory":false,"max_hp_per_floor":[66,66,66,60,60,60,60,60,60,60,60],"card_choices":[{"not_picked":["Tactician","Acrobatics"],"picked":"Backflip","floor":1},{"not_picked":["All Out Attack","Acrobatics"],"picked":"Flying Knee","floor":3},{"not_picked":["Outmaneuver","Poisoned Stab"],"picked":"Quick Slash","floor":5},{"not_picked":["A Thousand Cuts","Masterful Stab","Underhanded Strike"],"picked":"SKIP","floor":7},{"not_picked":["Bane","Underhanded Strike","Acrobatics"],"picked":"SKIP","floor":10}],"player_experience":777599,"relics_obtained":[{"floor":7,"key":"Potion Belt"},{"floor":9,"key":"Whetstone"}],"event_choices":[{"damage_healed":0,"gold_gain":0,"player_choice":"Ignored","damage_taken":0,"max_hp_gain":0,"max_hp_loss":0,"event_name":"Liars Game","floor":2,"gold_loss":0},{"damage_healed":0,"gold_gain":0,"player_choice":"Lose Max HP","damage_taken":0,"relics_obtained":["Golden Idol"],"max_hp_gain":0,"max_hp_loss":6,"event_name":"Golden Idol","floor":4,"gold_loss":0}],"is_beta":false,"boss_relics":[],"items_purged_floors":[],"is_endless":false,"potions_floor_spawned":[5,7,10],"killed_by":"Gremlin Nob","ascension_level":16}