{"gold_per_floor":[111,129,149,50,125,151,170,203,203,217,217,217,235,250,250,353,353,371,388,398,398,398,398,92,92,92,92],"floor_reached":27,"playtime":6008,"items_purged":["Strike_R","Strike_R"],"score":259,"play_id":"3d5e0875-2f3c-47db-95f1-0e6a5499d193","local_time":"20180815205355","is_ascension_mode":true,"campfire_choices":[{"floor":11.0,"key":"REST"},{"floor":15.0,"key":"REST"},{"floor":23.0,"key":"REST"},{"data":"Armaments","floor":25.0,"key":"SMITH"}],"neow_cost":"","seed_source_timestamp":2082906591109501,"circlet_count":0,"master_deck":["Strike_R","Strike_R","Strike_R","Defend_R","Defend_R","Defend_R","Defend_R","Bash","Battle Trance","Wild Strike","Flex","True Grit+1","Limit Break","Metallicize","Power Through","Iron Wave+1","Second Wind","Fiend Fire+1","Feel No Pain+1","Body Slam+1","Armaments+1"],"special_seed":0,"relics":["Black Blood","Molten Egg 2","Bottled Lightning","Bottled Flame","Nloth\u0027s Gift","Red Skull","Matryoshka"],"potions_floor_usage":[27],"damage_taken":[{"damage":1.0,"enemies":"Cultist","floor":1.0,"turns":3.0},{"damage":2.0,"enemies":"Jaw Worm","floor":2.0,"turns":3.0},{"damage":0.0,"enemies":"Small Slimes","floor":3.0,"turns":3.0},{"damage":30.0,"enemies":"Lagavulin","floor":6.0,"turns":5.0},{"damage":8.0,"enemies":"Blue Slaver","floor":7.0,"turns":5.0},{"damage":30.0,"enemies":"3 Sentries","floor":8.0,"turns":11.0},{"damage":2.0,"enemies":"2 Fungi Beasts","floor":10.0,"turns":5.0},{"damage":11.0,"enemies":"Red Slaver","floor":13.0,"turns":4.0},{"damage":25.0,"enemies":"Large Slime","floor":14.0,"turns":8.0},{"damage":39.0,"enemies":"Hexaghost","floor":16.0,"turns":12.0},{"damage":23.0,"enemies":"Shell Parasite","floor":18.0,"turns":7.0},{"damage":38.0,"enemies":"3 Byrds","floor":19.0,"turns":11.0},{"damage":20.0,"enemies":"Snecko","floor":20.0,"turns":7.0},{"damage":73,"enemies":"Gremlin Leader","floor":27,"turns":11}],"seed_played":"8619891388716088142","potions_obtained":[{"floor":2.0,"key":"SkillPotion"},{"floor":6.0,"key":"Strength Potion"},{"floor":8.0,"key":"SpeedPotion"},{"floor":10.0,"key":"Strength Potion"},{"floor":20.0,"key":"Regen Potion"}],"is_trial":false,"path_per_floor":["M","M","M","$","?","E","M","E","T","M","R","?","M","M","R","B",null,"M","M","M","?","?","R","$","R","T"],"character_chosen":"IRONCLAD","items_purchased":["True Grit","Red Skull","Armaments"],"campfire_rested":3,"item_purchase_floors":[4,24,24],"current_hp_per_floor":[80,80,80,80,69,45,43,19,19,23,47,47,42,23,47,14,80,67,39,29,29,29,53,53,53,53,0],"gold":92,"neow_bonus":"","is_prod":false,"is_daily":false,"chose_seed":false,"campfire_upgraded":1,"win_rate":0,"timestamp":1534391635,"path_taken":["M","M","?","?","?","E","M","E","T","M","R","?","M","M","R","BOSS","M","M","M","?","?","R","$","R","T","E"],"build_version":"2018-08-09","purchased_purges":2,"victory":false,"max_hp_per_floor":[80,80,80,80,80,80,80,80,80,80,80,80,80,80,80,80,80,80,80,80,80,80,80,80,80,80,80],"card_choices":[{"not_picked":["Perfected Strike","Cleave"],"picked":"Battle Trance","floor":1.0},{"not_picked":["Twin Strike","Carnage"],"picked":"Wild Strike","floor":2.0},{"not_picked":["Clothesline","Body Slam"],"picked":"Flex","floor":3.0},{"not_picked":["Sword Boomerang","Carnage"],"picked":"Limit Break","floor":6.0},{"not_picked":["Warcry","Perfected Strike+1"],"picked":"Metallicize","floor":7.0},{"not_picked":["Sword Boomerang+1","Entrench"],"picked":"Power Through","floor":8.0},{"not_picked":["Wild Strike+1","Sentinel"],"picked":"Iron Wave+1","floor":10.0},{"not_picked":["Armaments","Uppercut+1","Dropkick+1"],"picked":"Second Wind","floor":13.0},{"not_picked":["Clash+1","Anger+1","Headbutt+1","Perfected Strike+1"],"picked":"SKIP","floor":14.0},{"not_picked":["Brutality","Exhume","Juggernaut"],"picked":"Fiend Fire+1","floor":16.0},{"not_picked":["Armaments","Anger+1","Shrug It Off+1"],"picked":"Feel No Pain+1","floor":18.0},{"not_picked":["Burning Pact","Infernal Blade","Flex"],"picked":"Body Slam+1","floor":19.0},{"not_picked":["Clothesline+1","Headbutt+1","Sword Boomerang+1","Perfected Strike+1"],"picked":"SKIP","floor":20.0}],"player_experience":667932,"relics_obtained":[{"floor":6.0,"key":"Molten Egg 2"},{"floor":8.0,"key":"Bottled Lightning"},{"floor":9.0,"key":"Bottled Flame"},{"floor":26.0,"key":"Matryoshka"}],"event_choices":[{"event_name":"World of Goop","player_choice":"Gather Gold","floor":5.0,"damage_taken":0.0},{"event_name":"Wheel of Change","player_choice":"Relic","floor":12.0,"damage_taken":0.0},{"event_name":"N\u0027loth","player_choice":"Traded a Question Card","floor":21.0,"damage_taken":0.0},{"event_name":"Accursed Blacksmith","player_choice":"Forge","floor":22.0,"damage_taken":0.0}],"is_beta":false,"boss_relics":[{"not_picked":["White Beast Statue","Calling Bell"],"picked":"Black Blood"}],"items_purged_floors":[4,24],"is_endless":false,"potions_floor_spawned":[2,6,8,10,20],"killed_by":"Gremlin Leader","ascension_level":3}