{"gold_per_floor":[117,117,82,82,97,97,116,12,12,38,38,68,68,87,87,160,160,175,188,18,36,36,48,48,48,72,72,72],"floor_reached":28,"playtime":809,"items_purged":["Strike_B"],"score":452,"play_id":"5c901ec5-4402-4a29-b6dc-40a12afcee02","local_time":"20181231120638","is_ascension_mode":true,"campfire_choices":[{"data":"Melter","floor":6,"key":"SMITH"},{"data":"Loop","floor":11,"key":"SMITH"},{"floor":15,"key":"REST"},{"data":"Amplify","floor":24,"key":"SMITH"},{"data":"Defragment","floor":27,"key":"SMITH"}],"neow_cost":"NONE","seed_source_timestamp":324766202248951,"circlet_count":0,"master_deck":["AscendersBane","Zap+1","Dualcast","Reinforced Body","Melter+1","Go for the Eyes","Loop+1","Cold Snap","Static Discharge","Electrodynamics","Double Energy","Defragment+1","Storm","Redo","Defragment","Amplify+1","Conserve Battery","White Noise","Hologram+1","Coolheaded","Loop+1"],"relics":["Cracked Core","Smiling Mask","The Courier","Vajra","Orichalcum","Pandora\u0027s Box","Chemical X","Anchor"],"potions_floor_usage":[10,12,12,19,23,23],"damage_taken":[{"damage":14,"enemies":"Jaw Worm","floor":1,"turns":4},{"damage":0,"enemies":"Small Slimes","floor":5,"turns":4},{"damage":6,"enemies":"Cultist","floor":7,"turns":3},{"damage":15,"enemies":"3 Sentries","floor":10,"turns":7},{"damage":32,"enemies":"Gremlin Nob","floor":12,"turns":4},{"damage":4,"enemies":"Exordium Thugs","floor":14,"turns":5},{"damage":9,"enemies":"Hexaghost","floor":16,"turns":11},{"damage":13,"enemies":"2 Thieves","floor":18,"turns":3},{"damage":22,"enemies":"Chosen","floor":19,"turns":4},{"damage":14,"enemies":"Sentry and Sphere","floor":21,"turns":3},{"damage":1,"enemies":"Cultist and Chosen","floor":23,"turns":4},{"damage":9,"enemies":"3 Cultists","floor":28,"turns":2}],"seed_played":"5617285931660923606","potions_obtained":[{"floor":1,"key":"Fire Potion"},{"floor":10,"key":"AttackPotion"},{"floor":12,"key":"Weak Potion"},{"floor":19,"key":"SkillPotion"},{"floor":21,"key":"Poison Potion"}],"is_trial":false,"path_per_floor":["M","?","?","?","M","R","M","$","T","E","R","E","?","M","R","B",null,"M","M","$","M","$","M","R","?","T","R","M"],"character_chosen":"DEFECT","items_purchased":["Explosive Potion","Chemical X"],"campfire_rested":1,"item_purchase_floors":[8,20],"current_hp_per_floor":[50,43,60,60,60,60,54,54,54,39,39,7,7,3,24,15,57,44,22,22,8,8,7,7,7,7,7,0],"gold":72,"neow_bonus":"RANDOM_COMMON_RELIC","is_prod":false,"is_daily":false,"chose_seed":false,"campfire_upgraded":4,"win_rate":0,"timestamp":1546254398,"path_taken":["M","?","?","?","M","R","M","?","T","E","R","E","?","M","R","BOSS","M","M","$","M","$","M","R","?","T","R","?"],"build_version":"2018-12-20","purchased_purges":1,"victory":false,"max_hp_per_floor":[71,71,71,71,71,71,71,71,71,71,71,71,71,71,71,71,71,71,71,71,71,71,71,71,71,71,71,71],"card_choices":[{"not_picked":["Scrape","Redo"],"picked":"Reinforced Body","floor":1},{"not_picked":["Turbo","Recycle"],"picked":"Melter","floor":5},{"not_picked":["Beam Cell","Consume"],"picked":"Go for the Eyes","floor":7},{"not_picked":["Thunder Strike","Storm"],"picked":"Loop","floor":10},{"not_picked":["Stack","Reinforced Body"],"picked":"Cold Snap","floor":12},{"not_picked":["Stack","Hologram"],"picked":"Static Discharge","floor":14},{"not_picked":["Thunder Strike","Creative AI"],"picked":"Electrodynamics","floor":16},{"not_picked":["Recycle","Lockon"],"picked":"Conserve Battery","floor":18},{"not_picked":["Defragment","Go for the Eyes+1"],"picked":"White Noise","floor":19},{"not_picked":["Coolheaded","Go for the Eyes"],"picked":"Hologram+1","floor":21},{"not_picked":["Turbo+1","Loop"],"picked":"Coolheaded","floor":23}],"player_experience":1075779,"relics_obtained":[{"floor":9,"key":"The Courier"},{"floor":10,"key":"Vajra"},{"floor":12,"key":"Orichalcum"},{"floor":26,"key":"Anchor"}],"event_choices":[{"cards_removed":["Strike_B"],"damage_healed":0,"gold_gain":0,"player_choice":"Card Removal","damage_taken":7,"max_hp_gain":0,"max_hp_loss":0,"event_name":"Golden Wing","floor":2,"gold_loss":0},{"damage_healed":17,"gold_gain":0,"player_choice":"Healed","damage_taken":0,"max_hp_gain":0,"max_hp_loss":0,"event_name":"The Cleric","floor":3,"gold_loss":35},{"damage_healed":0,"gold_gain":0,"player_choice":"Grow","damage_taken":0,"max_hp_gain":0,"max_hp_loss":0,"event_name":"Living Wall","floor":4,"gold_loss":0,"cards_upgraded":["Zap"]},{"damage_healed":0,"gold_gain":0,"player_choice":"Ignored","damage_taken":0,"max_hp_gain":0,"max_hp_loss":0,"event_name":"Liars Game","floor":13,"gold_loss":0},{"damage_healed":0,"gold_gain":0,"player_choice":"Copied","damage_taken":0,"max_hp_gain":0,"max_hp_loss":0,"event_name":"Duplicator","floor":25,"gold_loss":0,"cards_obtained":["Loop"]}],"is_beta":false,"boss_relics":[{"not_picked":["Runic Pyramid","Lizard Tail"],"picked":"Pandora\u0027s Box"}],"items_purged_floors":[8],"is_endless":false,"potions_floor_spawned":[1,10,12,19,21],"killed_by":"3 Cultists","ascension_level":20}