{"gold_per_floor":[217,217,231,103,123,158,158,183,258,258,287,298,311,411,411,510,510,522,542,56,74,90,115,115,143,143,157,42,54,80,100,100,196,196,206,219,101,101,119,152,162,162,162,162,162,179,209,109,109,109],"floor_reached":51,"playtime":4379,"items_purged":["Strike_R","Strike_R","Strike_R"],"score":1120,"play_id":"efb16c3b-73b6-42b6-a28b-3588023e015e","local_time":"20190401230047","is_ascension_mode":true,"campfire_choices":[{"data":"Bash","floor":7,"key":"SMITH"},{"data":"True Grit","floor":10,"key":"SMITH"},{"data":"Limit Break","floor":15,"key":"SMITH"},{"floor":24,"key":"REST"},{"floor":32,"key":"REST"},{"floor":45,"key":"REST"},{"floor":49,"key":"REST"}],"neow_cost":"NONE","seed_source_timestamp":22065329233413,"circlet_count":0,"master_deck":["Strike_R","Strike_R+1","Defend_R","Defend_R","Defend_R","Defend_R","Bash+1","Headbutt","Anger","Inflame","True Grit+1","Shrug It Off","Disarm","Limit Break+1","Spot Weakness","Immolate","Armaments+1","Sword Boomerang+1","Offering","Armaments+1","Whirlwind+1","Disarm+1","Shrug It Off","Shockwave","Shockwave","Flame Barrier","Armaments+1","True Grit+1","Pommel Strike+1","Battle Trance","Exhume","Rage+1","Master of Strategy"],"relics":["Burning Blood","Incense Burner","Anchor","Darkstone Periapt","The Courier","Fusion Hammer","DollysMirror","Bag of Marbles","Ice Cream","Blue Candle","Mummified Hand","Regal Pillow","Blood Vial","Orrery","Whetstone","Pear","Dodecahedron","Pen Nib","Bottled Flame"],"potions_floor_usage":[29,40,50,50],"damage_taken":[{"damage":4,"enemies":"Jaw Worm","floor":1,"turns":4},{"damage":1,"enemies":"Cultist","floor":3,"turns":3},{"damage":10,"enemies":"Small Slimes","floor":5,"turns":3},{"damage":17,"enemies":"3 Sentries","floor":6,"turns":11},{"damage":25,"enemies":"Lagavulin","floor":8,"turns":6},{"damage":25,"enemies":"Gremlin Nob","floor":11,"turns":4},{"damage":9,"enemies":"Gremlin Gang","floor":12,"turns":5},{"damage":3,"enemies":"3 Louse","floor":13,"turns":3},{"damage":11,"enemies":"The Guardian","floor":16,"turns":7},{"damage":12,"enemies":"3 Byrds","floor":18,"turns":5},{"damage":7,"enemies":"2 Thieves","floor":19,"turns":4},{"damage":6,"enemies":"Cultist and Chosen","floor":21,"turns":3},{"damage":6,"enemies":"3 Cultists","floor":22,"turns":2},{"damage":0,"enemies":"Slavers","floor":23,"turns":3},{"damage":6,"enemies":"Book of Stabbing","floor":25,"turns":5},{"damage":6,"enemies":"Centurion and Healer","floor":27,"turns":6},{"damage":27,"enemies":"Sentry and Sphere","floor":29,"turns":5},{"damage":8,"enemies":"Slavers","floor":30,"turns":3},{"damage":1,"enemies":"Snake Plant","floor":31,"turns":4},{"damage":13,"enemies":"Champ","floor":33,"turns":10},{"damage":12,"enemies":"3 Darklings","floor":35,"turns":6},{"damage":1,"enemies":"3 Shapes","floor":36,"turns":3},{"damage":11,"enemies":"Jaw Worm Horde","floor":39,"turns":3},{"damage":54,"enemies":"Reptomancer","floor":40,"turns":6},{"damage":6,"enemies":"3 Darklings","floor":41,"turns":3},{"damage":12,"enemies":"Maw","floor":46,"turns":5},{"damage":32,"enemies":"Giant Head","floor":47,"turns":8},{"damage":21,"enemies":"Time Eater","floor":50,"turns":9}],"seed_played":"2979630641074350938","potions_obtained":[{"floor":1,"key":"Regen Potion"},{"floor":6,"key":"PowerPotion"},{"floor":12,"key":"EssenceOfSteel"},{"floor":21,"key":"SteroidPotion"},{"floor":25,"key":"SteroidPotion"},{"floor":27,"key":"Fruit Juice"},{"floor":31,"key":"Energy Potion"},{"floor":40,"key":"EssenceOfSteel"}],"is_trial":false,"path_per_floor":["M","?","M","$","M","E","R","E","T","R","E","M","M","?","R","B",null,"M","M","$","M","M","E","R","E","T","M","$","M","E","M","R","B",null,"M","M","$","?","M","E","M","T","T","?","R","M","E","$","R","B",null],"character_chosen":"IRONCLAD","items_purchased":["True Grit","Offering","DollysMirror","Bag of Marbles","Regal Pillow","Whetstone"],"campfire_rested":4,"item_purchase_floors":[4,20,20,20,28,37],"current_hp_per_floor":[74,74,79,79,75,64,64,45,45,45,26,23,26,26,26,21,65,59,58,58,58,58,64,80,80,80,80,80,64,62,69,85,78,83,79,85,85,85,80,44,46,46,46,36,79,75,51,51,94,80],"gold":109,"neow_bonus":"HUNDRED_GOLD","is_prod":false,"is_daily":false,"chose_seed":false,"campfire_upgraded":3,"win_rate":0,"timestamp":1554170447,"path_taken":["M","?","M","$","M","E","R","E","T","R","E","M","?","?","R","BOSS","M","?","$","M","M","E","R","E","T","M","$","M","E","M","R","BOSS","M","M","$","?","M","E","M","?","T","?","R","M","E","$","R","BOSS"],"build_version":"2019-01-23","purchased_purges":3,"victory":true,"max_hp_per_floor":[80,80,80,80,80,80,80,80,80,80,80,80,80,80,80,80,80,80,80,80,80,80,80,80,80,80,80,80,85,85,85,85,85,85,85,85,85,85,85,95,95,95,95,95,95,95,95,95,95,95],"card_choices":[{"not_picked":["Sword Boomerang","Searing Blow"],"picked":"Headbutt","floor":1},{"not_picked":["Cleave","Body Slam"],"picked":"Inflame","floor":3},{"not_picked":["Sentinel","Havoc"],"picked":"Shrug It Off","floor":5},{"not_picked":["Dual Wield","Combust","Wild Strike"],"picked":"SKIP","floor":6},{"not_picked":["Infernal Blade","Wild Strike"],"picked":"Disarm","floor":8},{"not_picked":["Flex","Infernal Blade"],"picked":"Limit Break","floor":11},{"not_picked":["Wild Strike","Heavy Blade","Intimidate"],"picked":"SKIP","floor":12},{"not_picked":["Flex","Perfected Strike"],"picked":"Spot Weakness","floor":13},{"not_picked":["Offering","Limit Break"],"picked":"Immolate","floor":16},{"not_picked":["Uppercut","Metallicize"],"picked":"Armaments+1","floor":18},{"not_picked":["Burning Pact+1","Twin Strike"],"picked":"Sword Boomerang+1","floor":19},{"not_picked":["Perfected Strike","Carnage"],"picked":"Whirlwind","floor":21},{"not_picked":["Barricade","Body Slam"],"picked":"Disarm+1","floor":22},{"not_picked":["Wild Strike","Clothesline+1"],"picked":"Shrug It Off","floor":23},{"not_picked":["Reaper","Sword Boomerang"],"picked":"Shockwave","floor":25},{"not_picked":["Clothesline","Iron Wave"],"picked":"Shockwave","floor":27},{"not_picked":["Armaments","Havoc+1","Combust"],"picked":"SKIP","floor":29},{"not_picked":["Twin Strike","Iron Wave"],"picked":"Flame Barrier","floor":30},{"not_picked":["Corruption","Headbutt+1"],"picked":"Armaments+1","floor":31},{"not_picked":["Perfected Strike","Heavy Blade"],"picked":"Shrug It Off","floor":34},{"not_picked":["Heavy Blade","Double Tap"],"picked":"True Grit+1","floor":34},{"not_picked":["Searing Blow+1","Dual Wield+1","Pommel Strike"],"picked":"SKIP","floor":35},{"not_picked":["Cleave+1","Sword Boomerang"],"picked":"Pommel Strike+1","floor":36},{"not_picked":["Bloodletting+1","Sword Boomerang"],"picked":"Battle Trance","floor":39},{"not_picked":["Shockwave","Armaments+1"],"picked":"Exhume","floor":40},{"not_picked":["Power Through","Sword Boomerang"],"picked":"Rage+1","floor":41},{"not_picked":["Jack Of All Trades","Impatience"],"picked":"Master of Strategy","floor":44},{"not_picked":["Clash","Armaments+1","Iron Wave+1"],"picked":"SKIP","floor":46},{"not_picked":["Clash","Power Through","Ghostly Armor+1"],"picked":"SKIP","floor":47}],"player_experience":457220,"relics_obtained":[{"floor":6,"key":"Incense Burner"},{"floor":8,"key":"Anchor"},{"floor":9,"key":"Darkstone Periapt"},{"floor":11,"key":"The Courier"},{"floor":23,"key":"Ice Cream"},{"floor":25,"key":"Blue Candle"},{"floor":26,"key":"Mummified Hand"},{"floor":30,"key":"Blood Vial"},{"floor":40,"key":"Pear"},{"floor":42,"key":"Dodecahedron"},{"floor":43,"key":"Pen Nib"},{"floor":47,"key":"Bottled Flame"}],"event_choices":[{"damage_healed":0,"gold_gain":0,"player_choice":"1 cards matched","damage_taken":0,"max_hp_gain":0,"max_hp_loss":0,"event_name":"Match and Keep!","floor":2,"gold_loss":0,"cards_obtained":["Anger"]},{"damage_healed":0,"gold_gain":100,"player_choice":"Pray","damage_taken":0,"max_hp_gain":0,"max_hp_loss":0,"event_name":"Golden Shrine","floor":14,"gold_loss":0},{"cards_removed":["Shrug It Off"],"damage_healed":0,"gold_gain":0,"player_choice":"Removed Skill","damage_taken":0,"max_hp_gain":0,"max_hp_loss":0,"event_name":"Falling","floor":38,"gold_loss":0},{"damage_healed":0,"gold_gain":0,"player_choice":"Memory 3","damage_taken":10,"max_hp_gain":0,"max_hp_loss":0,"event_name":"SensoryStone","floor":44,"gold_loss":0}],"is_beta":false,"boss_relics":[{"not_picked":["Black Blood","Philosopher\u0027s Stone"],"picked":"Fusion Hammer"},{"not_picked":["Mark of Pain","Runic Pyramid"],"picked":"Orrery"}],"items_purged_floors":[4,20,48],"is_endless":false,"potions_floor_spawned":[1,6,12,16,18,21,23,25,27,31,33,35,36,40],"ascension_level":8}