{"gold_per_floor":[118,134,134,134,209,209,239,255,279,296,296,182,200,219,219,317,317,333,347,62,161,161,161,187,187,214,248,261,290,301,201,201,304,304,314,314,333,333,60,75,100,100,100,129,146,179,179,206,206,206,206,206,12,38,38],"floor_reached":56,"playtime":2687,"items_purged":["Strike_R","Writhe","Blood for Blood"],"score":1637,"play_id":"66e6dc77-b489-4ff5-a502-0c33766621bc","local_time":"20190310235302","is_ascension_mode":true,"campfire_choices":[{"data":"Bash","floor":6,"key":"SMITH"},{"data":"Shrug It Off","floor":11,"key":"SMITH"},{"data":"Rampage","floor":15,"key":"SMITH"},{"data":"Barricade","floor":23,"key":"SMITH"},{"data":"Shrug It Off","floor":25,"key":"SMITH"},{"data":"Battle Trance","floor":32,"key":"SMITH"},{"floor":47,"key":"RECALL"},{"data":"Pommel Strike","floor":49,"key":"SMITH"},{"data":"Metallicize","floor":52,"key":"SMITH"}],"neow_cost":"TEN_PERCENT_HP_LOSS","seed_source_timestamp":27566028253094,"circlet_count":0,"master_deck":["Bash+1","Shrug It Off+1","Rampage+1","Shrug It Off+1","Battle Trance+1","Barricade+1","Berserk","Warcry+1","Metallicize+1","Pommel Strike+1","Shrug It Off+1","Seeing Red+1","Metallicize+1","Body Slam+1","Clumsy","Pommel Strike+1","Shockwave+1","Seeing Red+1"],"relics":["Burning Blood","Regal Pillow","Bag of Preparation","Cursed Key","ClockworkSouvenir","Pocketwatch","Bronze Scales","Sundial","Whetstone","Pandora\u0027s Box","Blood Vial","War Paint","Lantern","Boot","Omamori","Happy Flower","TheAbacus","Mercury Hourglass"],"potions_floor_usage":[7,16,19,24,27,33,37,50,55,55],"damage_taken":[{"damage":2,"enemies":"Small Slimes","floor":1,"turns":4},{"damage":5,"enemies":"2 Louse","floor":2,"turns":4},{"damage":18,"enemies":"Lagavulin","floor":7,"turns":3},{"damage":1,"enemies":"Jaw Worm","floor":8,"turns":4},{"damage":5,"enemies":"3 Louse","floor":10,"turns":5},{"damage":11,"enemies":"Gremlin Gang","floor":13,"turns":6},{"damage":0,"enemies":"Large Slime","floor":14,"turns":5},{"damage":0,"enemies":"The Guardian","floor":16,"turns":14},{"damage":9,"enemies":"3 Byrds","floor":18,"turns":9},{"damage":6,"enemies":"Spheric Guardian","floor":19,"turns":6},{"damage":23,"enemies":"Gremlin Leader","floor":24,"turns":8},{"damage":12,"enemies":"Book of Stabbing","floor":27,"turns":6},{"damage":0,"enemies":"Snecko","floor":28,"turns":6},{"damage":0,"enemies":"Gremlin Leader","floor":29,"turns":9},{"damage":0,"enemies":"Snake Plant","floor":30,"turns":6},{"damage":6,"enemies":"Collector","floor":33,"turns":7},{"damage":5,"enemies":"Orb Walker","floor":35,"turns":4},{"damage":1,"enemies":"3 Shapes","floor":37,"turns":4},{"damage":0,"enemies":"Maw","floor":40,"turns":6},{"damage":0,"enemies":"Giant Head","floor":41,"turns":4},{"damage":0,"enemies":"Reptomancer","floor":44,"turns":5},{"damage":4,"enemies":"Transient","floor":45,"turns":4},{"damage":0,"enemies":"Nemesis","floor":46,"turns":3},{"damage":0,"enemies":"Reptomancer","floor":48,"turns":4},{"damage":0,"enemies":"Awakened One","floor":50,"turns":6},{"damage":0,"enemies":"Shield and Spear","floor":54,"turns":5},{"damage":26,"enemies":"The Heart","floor":55,"turns":6}],"seed_played":"-4308441266343055307","potions_obtained":[{"floor":2,"key":"AttackPotion"},{"floor":8,"key":"Swift Potion"},{"floor":10,"key":"Swift Potion"},{"floor":13,"key":"Ancient Potion"},{"floor":16,"key":"BloodPotion"},{"floor":24,"key":"Weak Potion"},{"floor":30,"key":"PowerPotion"},{"floor":33,"key":"Block Potion"},{"floor":35,"key":"Energy Potion"},{"floor":44,"key":"PowerPotion"},{"floor":48,"key":"BloodPotion"},{"floor":54,"key":"Explosive Potion"}],"is_trial":false,"path_per_floor":["M","M","?","$","?","R","E","M","T","M","R","$","M","M","R","B",null,"M","M","$","?","?","R","E","R","T","E","M","E","M","$","R","B",null,"M","$","M","?","$","M","E","$","T","E","M","E","R","E","R","B",null,"R","$","E","B",null],"character_chosen":"IRONCLAD","items_purchased":["Rampage","Shrug It Off","ClockworkSouvenir","War Paint","TheAbacus"],"campfire_rested":0,"item_purchase_floors":[12,12,20,39,53],"current_hp_per_floor":[72,72,72,72,61,61,49,54,54,55,55,55,50,56,56,62,72,69,69,69,69,69,69,59,59,59,53,59,65,71,71,71,71,72,72,72,72,72,72,72,72,72,72,72,72,72,72,72,72,72,72,72,72,72,59],"gold":38,"neow_bonus":"REMOVE_TWO","is_prod":false,"is_daily":false,"chose_seed":false,"campfire_upgraded":8,"win_rate":0,"timestamp":1552287182,"path_taken":["M","M","?","$","?","R","E","M","T","M","R","$","M","M","R","BOSS","M","M","$","?","?","R","E","R","T","E","M","E","M","$","R","BOSS","M","$","?","?","$","M","E","?","T","E","M","E","R","E","R","BOSS","R","$","E","BOSS"],"build_version":"2019-01-23","purchased_purges":3,"victory":true,"max_hp_per_floor":[72,72,72,72,72,72,72,72,72,72,72,72,72,72,72,72,72,72,72,72,72,72,72,72,72,72,72,72,72,72,72,72,72,72,72,72,72,72,72,72,72,72,72,72,72,72,72,72,72,72,72,72,72,72,72],"card_choices":[{"not_picked":["Twin Strike","Sentinel","Clothesline"],"picked":"SKIP","floor":1},{"not_picked":["Seeing Red","Thunderclap","Juggernaut"],"picked":"SKIP","floor":2},{"not_picked":["Power Through","Thunderclap"],"picked":"Shrug It Off","floor":7},{"not_picked":["Hemokinesis","Seeing Red","Thunderclap"],"picked":"SKIP","floor":8},{"not_picked":["Twin Strike","Rage","Iron Wave"],"picked":"SKIP","floor":10},{"not_picked":["Headbutt","Power Through","Second Wind"],"picked":"SKIP","floor":13},{"not_picked":["Intimidate","Feed"],"picked":"Battle Trance","floor":14},{"not_picked":["Immolate","Feed"],"picked":"Barricade","floor":16},{"not_picked":["Sentinel+1","Combust","Wild Strike"],"picked":"SKIP","floor":18},{"not_picked":["Clash+1","Uppercut","Sentinel"],"picked":"SKIP","floor":19},{"not_picked":["Sword Boomerang","Anger+1","Shrug It Off"],"picked":"SKIP","floor":24},{"not_picked":["Thunderclap","Flex","Rampage"],"picked":"SKIP","floor":27},{"not_picked":["Body Slam","Iron Wave","Sentinel+1"],"picked":"SKIP","floor":28},{"not_picked":["Juggernaut","Spot Weakness+1"],"picked":"Warcry+1","floor":29},{"not_picked":["Anger","Armaments+1","Clash"],"picked":"SKIP","floor":30},{"not_picked":["Clothesline+1","Heavy Blade+1"],"picked":"Metallicize+1","floor":35},{"not_picked":["Perfected Strike","Havoc","Armaments+1"],"picked":"SKIP","floor":37},{"not_picked":["Clash+1","Uppercut"],"picked":"Body Slam+1","floor":40},{"not_picked":["Infernal Blade","Heavy Blade","Double Tap"],"picked":"SKIP","floor":41},{"not_picked":["Corruption+1","Feel No Pain","Sentinel+1"],"picked":"SKIP","floor":44},{"not_picked":["Anger+1","Fire Breathing"],"picked":"Pommel Strike+1","floor":45},{"not_picked":["Twin Strike","Rampage+1","Armaments+1"],"picked":"SKIP","floor":46},{"not_picked":["Inflame","Infernal Blade"],"picked":"Shockwave+1","floor":48},{"not_picked":["Juggernaut","Burning Pact+1"],"picked":"Seeing Red+1","floor":54}],"player_experience":802721,"relics_obtained":[{"floor":7,"key":"Regal Pillow"},{"floor":9,"key":"Bag of Preparation"},{"floor":24,"key":"Pocketwatch"},{"floor":26,"key":"Bronze Scales"},{"floor":27,"key":"Sundial"},{"floor":29,"key":"Whetstone"},{"floor":41,"key":"Lantern"},{"floor":44,"key":"Boot"},{"floor":46,"key":"Omamori"},{"floor":48,"key":"Happy Flower"},{"floor":54,"key":"Mercury Hourglass"}],"event_choices":[{"cards_removed":["Strike_R"],"damage_healed":0,"gold_gain":0,"player_choice":"Forget","damage_taken":0,"max_hp_gain":0,"max_hp_loss":0,"event_name":"Living Wall","floor":3,"gold_loss":0},{"damage_healed":0,"gold_gain":75,"player_choice":"Gather Gold","damage_taken":11,"max_hp_gain":0,"max_hp_loss":0,"event_name":"World of Goop","floor":5,"gold_loss":0},{"damage_healed":0,"gold_gain":99,"player_choice":"Stole From Cult","damage_taken":0,"max_hp_gain":0,"max_hp_loss":0,"event_name":"Nest","floor":21,"gold_loss":0},{"damage_healed":0,"gold_gain":0,"player_choice":"1 cards matched","damage_taken":0,"max_hp_gain":0,"max_hp_loss":0,"event_name":"Match and Keep!","floor":22,"gold_loss":0,"cards_obtained":["Berserk"]},{"damage_healed":0,"gold_gain":0,"player_choice":"Gave Potion","damage_taken":0,"relics_obtained":["Blood Vial"],"max_hp_gain":0,"max_hp_loss":0,"event_name":"WeMeetAgain","floor":38,"gold_loss":0}],"is_beta":false,"boss_relics":[{"not_picked":["Ectoplasm","Calling Bell"],"picked":"Cursed Key"},{"not_picked":["Snecko Eye","Runic Pyramid"],"picked":"Pandora\u0027s Box"}],"items_purged_floors":[20,31,39],"is_endless":false,"potions_floor_spawned":[2,8,10,13,16,18,24,30,33,35,44,48,54],"ascension_level":1}