{"gold_per_floor":[117,117,137,153,153,187,187,205,229,229,300,83,83],"floor_reached":13,"playtime":342,"items_purged":["Strike_R"],"score":166,"play_id":"c16730ba-a054-472e-a4b9-543c3cc02b52","local_time":"20190114131806","is_ascension_mode":true,"campfire_choices":[{"data":"Pommel Strike","floor":7,"key":"SMITH"},{"data":"Demon Form","floor":10,"key":"SMITH"}],"neow_cost":"NONE","seed_source_timestamp":421938500335480,"circlet_count":0,"master_deck":["AscendersBane","Strike_R","Strike_R","Strike_R","Strike_R","Defend_R","Defend_R","Defend_R+1","Defend_R+1","Bash","Fiend Fire","Cleave","Whirlwind","Pommel Strike+1","Demon Form+1"],"relics":["Burning Blood","War Paint","Golden Idol","Regal Pillow","Smiling Mask","Oddly Smooth Stone"],"potions_floor_usage":[6],"damage_taken":[{"damage":7,"enemies":"2 Louse","floor":1,"turns":3},{"damage":4,"enemies":"Small Slimes","floor":3,"turns":3},{"damage":12,"enemies":"Jaw Worm","floor":4,"turns":2},{"damage":34,"enemies":"3 Sentries","floor":6,"turns":7},{"damage":7,"enemies":"3 Louse","floor":8,"turns":2},{"damage":24,"enemies":"Exordium Wildlife","floor":13,"turns":3}],"seed_played":"-4657934449626017489","potions_obtained":[{"floor":3,"key":"SpeedPotion"},{"floor":4,"key":"AttackPotion"},{"floor":8,"key":"Energy Potion"}],"is_trial":false,"path_per_floor":["M","?","M","M","?","E","R","M","T","R","?","$","M"],"character_chosen":"IRONCLAD","items_purchased":["Oddly Smooth Stone"],"campfire_rested":0,"item_purchase_floors":[12],"current_hp_per_floor":[67,56,58,52,52,24,24,23,23,23,23,23,0],"gold":83,"neow_bonus":"ONE_RANDOM_RARE_CARD","is_prod":false,"is_daily":false,"chose_seed":false,"campfire_upgraded":2,"win_rate":0,"timestamp":1547468286,"path_taken":["M","?","M","M","?","E","R","M","T","R","?","?","M"],"build_version":"2019-01-10","purchased_purges":1,"victory":false,"max_hp_per_floor":[75,75,75,75,68,68,68,68,68,68,68,68,68],"card_choices":[{"not_picked":["Thunderclap","True Grit"],"picked":"Cleave","floor":1},{"not_picked":["Havoc","Flex"],"picked":"Whirlwind","floor":3},{"not_picked":["Wild Strike","Thunderclap","Flex"],"picked":"SKIP","floor":4},{"not_picked":["Headbutt","Pummel"],"picked":"Pommel Strike","floor":6},{"not_picked":["Body Slam","Flex"],"picked":"Demon Form","floor":8}],"player_experience":1197530,"relics_obtained":[{"floor":6,"key":"Regal Pillow"},{"floor":9,"key":"Smiling Mask"}],"event_choices":[{"damage_healed":0,"gold_gain":0,"player_choice":"Success","damage_taken":11,"relics_obtained":["War Paint"],"max_hp_gain":0,"max_hp_loss":0,"event_name":"Scrap Ooze","floor":2,"gold_loss":0},{"damage_healed":0,"gold_gain":0,"player_choice":"Lose Max HP","damage_taken":0,"relics_obtained":["Golden Idol"],"max_hp_gain":0,"max_hp_loss":7,"event_name":"Golden Idol","floor":5,"gold_loss":0},{"damage_healed":0,"gold_gain":71,"player_choice":"Gained Gold","damage_taken":0,"max_hp_gain":0,"max_hp_loss":0,"event_name":"Golden Wing","floor":11,"gold_loss":0}],"is_beta":false,"boss_relics":[],"items_purged_floors":[12],"is_endless":false,"potions_floor_spawned":[3,4,8],"killed_by":"Exordium Wildlife","ascension_level":20}