{"gold_per_floor":[109,127,139,189,78,104,104,134,212,228,240,240,270,284,284,385,385,398,177,192,192,192,192,205,205,277,297,331,361,373,50,50,150,150,167,167,267,281,156,156,168,18,18,29,29,46,46,59,59,59],"floor_reached":51,"playtime":3181,"items_purged":["Strike_B","Strike_B","Strike_B","Strike_B"],"score":849,"play_id":"63dbd6a2-e606-4a67-aa64-b3112b544fa2","local_time":"20190409160100","is_ascension_mode":true,"campfire_choices":[{"data":"Genetic Algorithm","floor":7,"key":"SMITH"},{"floor":12,"key":"REST"},{"data":"Consume","floor":15,"key":"SMITH"},{"data":"Capacitor","floor":23,"key":"SMITH"},{"floor":25,"key":"REST"},{"floor":32,"key":"REST"},{"data":"Biased Cognition","floor":40,"key":"SMITH"},{"data":"Echo Form","floor":47,"key":"SMITH"},{"floor":49,"key":"REST"}],"neow_cost":"NONE","seed_source_timestamp":48263031161673,"circlet_count":0,"master_deck":["Defend_B","Defend_B","Defend_B","Defend_B","Zap","Dualcast","Undo","Genetic Algorithm+1","Rip and Tear","Electrodynamics","Consume+1","Hologram","Cold Snap","Echo Form+1","Tempest","Reinforced Body","Leap","Steam+1","Capacitor+1","Conserve Battery+1","Steam+1","White Noise+1","Coolheaded","Compile Driver","Conserve Battery","Biased Cognition+1","Ball Lightning","Static Discharge+1","Coolheaded+1","White Noise+1","Defragment","Biased Cognition","Glacier","Fusion+1","Defragment+1","Go for the Eyes+1","Skim+1"],"relics":["Cracked Core","Peace Pipe","Orichalcum","Question Card","Pen Nib","Nuclear Battery","Enchiridion","Singing Bowl","Red Mask","Prayer Wheel","Art of War","Happy Flower","Sozu","PreservedInsect"],"potions_floor_usage":[6,13,14,14,29,29,50],"damage_taken":[{"damage":2,"enemies":"Jaw Worm","floor":1,"turns":3},{"damage":1,"enemies":"2 Louse","floor":2,"turns":2},{"damage":4,"enemies":"Small Slimes","floor":3,"turns":3},{"damage":17,"enemies":"Gremlin Nob","floor":6,"turns":3},{"damage":24,"enemies":"Lagavulin","floor":8,"turns":7},{"damage":6,"enemies":"2 Fungi Beasts","floor":10,"turns":2},{"damage":9,"enemies":"3 Louse","floor":11,"turns":3},{"damage":5,"enemies":"Gremlin Nob","floor":13,"turns":4},{"damage":16,"enemies":"Exordium Wildlife","floor":14,"turns":5},{"damage":8,"enemies":"The Guardian","floor":16,"turns":10},{"damage":0,"enemies":"Spheric Guardian","floor":18,"turns":4},{"damage":4,"enemies":"Chosen","floor":20,"turns":3},{"damage":11,"enemies":"Sentry and Sphere","floor":24,"turns":4},{"damage":20,"enemies":"3 Cultists","floor":27,"turns":4},{"damage":0,"enemies":"Masked Bandits","floor":28,"turns":2},{"damage":3,"enemies":"Slavers","floor":29,"turns":4},{"damage":0,"enemies":"Chosen and Byrds","floor":30,"turns":3},{"damage":41,"enemies":"Champ","floor":33,"turns":9},{"damage":9,"enemies":"3 Darklings","floor":35,"turns":4},{"damage":0,"enemies":"Mind Bloom Boss Battle","floor":37,"turns":9},{"damage":0,"enemies":"3 Shapes","floor":38,"turns":3},{"damage":10,"enemies":"Writhing Mass","floor":41,"turns":5},{"damage":0,"enemies":"Transient","floor":44,"turns":5},{"damage":0,"enemies":"Jaw Worm Horde","floor":46,"turns":2},{"damage":0,"enemies":"Spire Growth","floor":48,"turns":3},{"damage":30,"enemies":"Time Eater","floor":50,"turns":11}],"seed_played":"144037745119056536","potions_obtained":[{"floor":0,"key":"AttackPotion"},{"floor":0,"key":"Poison Potion"},{"floor":0,"key":"Ancient Potion"},{"floor":8,"key":"SteroidPotion"},{"floor":14,"key":"Fruit Juice"},{"floor":16,"key":"Poison Potion"},{"floor":27,"key":"SneckoOil"},{"floor":30,"key":"Strength Potion"},{"floor":33,"key":"EntropicBrew"}],"is_trial":false,"path_per_floor":["M","M","M","?","$","E","R","E","T","M","M","R","E","M","R","B",null,"M","$","M","?","?","R","M","R","T","M","?","E","M","$","R","B",null,"M","?","?","M","$","R","M","$","T","M","$","M","R","M","R","B",null],"character_chosen":"DEFECT","items_purchased":["Rip and Tear","Reinforced Body","Leap","Art of War","Conserve Battery","Happy Flower"],"campfire_rested":4,"item_purchase_floors":[5,19,19,31,31,31],"current_hp_per_floor":[73,72,68,68,68,51,51,27,27,21,12,34,29,18,18,10,63,63,63,59,59,43,43,32,56,56,36,38,35,35,35,59,18,66,57,57,57,59,59,59,49,49,49,49,49,49,49,51,76,46],"gold":59,"neow_bonus":"THREE_SMALL_POTIONS","is_prod":false,"is_daily":false,"chose_seed":false,"campfire_upgraded":5,"win_rate":0,"timestamp":1554836460,"path_taken":["M","M","M","?","$","E","R","E","T","M","M","R","E","M","R","BOSS","M","$","M","?","?","R","M","R","T","M","?","E","M","$","R","BOSS","M","?","?","M","$","R","M","$","T","M","?","M","R","M","R","BOSS"],"build_version":"2019-01-23","purchased_purges":4,"victory":true,"max_hp_per_floor":[75,75,75,75,75,75,75,75,75,75,75,75,75,80,80,80,80,80,80,80,80,80,80,80,80,80,80,82,82,82,82,82,82,82,82,82,82,84,84,84,84,84,84,84,84,84,84,86,86,86],"card_choices":[{"not_picked":["Steam","Beam Cell"],"picked":"Undo","floor":1},{"not_picked":["Turbo","Aggregate"],"picked":"Streamline","floor":2},{"not_picked":["Multi-Cast","Go for the Eyes"],"picked":"Genetic Algorithm","floor":3},{"not_picked":["Steam","Sweeping Beam","Hello World"],"picked":"SKIP","floor":6},{"not_picked":["Go for the Eyes","Gash"],"picked":"Electrodynamics","floor":8},{"not_picked":["Streamline","Stack","Compile Driver","Gash"],"picked":"SKIP","floor":10},{"not_picked":["Cold Snap","Self Repair","Beam Cell"],"picked":"Consume","floor":11},{"not_picked":["Skim","Go for the Eyes","Steam"],"picked":"Hologram","floor":13},{"not_picked":["Beam Cell","Streamline","Coolheaded"],"picked":"Cold Snap","floor":14},{"not_picked":["Amplify","Reboot","Buffer"],"picked":"Echo Form","floor":16},{"not_picked":["Barrage","Beam Cell+1","Hello World"],"picked":"Tempest","floor":18},{"not_picked":["Doom and Gloom","Coolheaded","Streamline"],"picked":"Steam+1","floor":20},{"not_picked":["Rebound","Chill","Coolheaded"],"picked":"Conserve Battery+1","floor":24},{"not_picked":["Gash+1","Steam Power","Beam Cell"],"picked":"Steam+1","floor":27},{"not_picked":["Tempest","Heatsinks","Go for the Eyes","Rainbow"],"picked":"Singing Bowl","floor":28},{"not_picked":["Hologram","Steam+1","Cold Snap+1"],"picked":"White Noise+1","floor":29},{"not_picked":["BootSequence","Reinforced Body","Hologram"],"picked":"Coolheaded","floor":30},{"not_picked":["Skim","Rip and Tear","Heatsinks+1"],"picked":"Compile Driver","floor":30},{"not_picked":["Buffer","Core Surge","Electrodynamics"],"picked":"Biased Cognition","floor":33},{"not_picked":["Steam","Blizzard","Sweeping Beam"],"picked":"Ball Lightning","floor":35},{"not_picked":["Gash","Beam Cell","Genetic Algorithm"],"picked":"Static Discharge+1","floor":35},{"not_picked":["Streamline+1","Compile Driver","Leap"],"picked":"Coolheaded+1","floor":37},{"not_picked":["All For One","Go for the Eyes+1","Beam Cell+1"],"picked":"White Noise+1","floor":38},{"not_picked":["Stack+1","Redo","Leap+1","Gash+1"],"picked":"Singing Bowl","floor":38},{"not_picked":["Recycle","Conserve Battery+1","FTL"],"picked":"Defragment","floor":41},{"not_picked":["Go for the Eyes+1","Leap","Compile Driver+1"],"picked":"Biased Cognition","floor":41},{"not_picked":["Genetic Algorithm","Conserve Battery+1","Static Discharge"],"picked":"Glacier","floor":44},{"not_picked":["Compile Driver","Hologram","Scrape+1"],"picked":"Fusion+1","floor":44},{"not_picked":["Capacitor+1","Biased Cognition","Turbo"],"picked":"Defragment+1","floor":46},{"not_picked":["Sweeping Beam+1","Hello World","Consume+1"],"picked":"Go for the Eyes+1","floor":46},{"not_picked":["Go for the Eyes","Steam","Sweeping Beam+1"],"picked":"Skim+1","floor":48},{"not_picked":["Lockon","Recycle+1","Cold Snap","Gash"],"picked":"Singing Bowl","floor":48}],"player_experience":567241,"relics_obtained":[{"floor":6,"key":"Peace Pipe"},{"floor":8,"key":"Orichalcum"},{"floor":9,"key":"Question Card"},{"floor":13,"key":"Pen Nib"},{"floor":22,"key":"Enchiridion"},{"floor":26,"key":"Singing Bowl"},{"floor":28,"key":"Red Mask"},{"floor":29,"key":"Prayer Wheel"},{"floor":43,"key":"PreservedInsect"}],"event_choices":[{"damage_healed":0,"gold_gain":50,"player_choice":"Gained Gold","damage_taken":0,"max_hp_gain":0,"max_hp_loss":0,"event_name":"Golden Wing","floor":4,"gold_loss":0},{"damage_healed":0,"gold_gain":0,"player_choice":"Read","damage_taken":0,"max_hp_gain":0,"max_hp_loss":0,"event_name":"The Library","floor":21,"gold_loss":0,"cards_obtained":["Capacitor"]},{"damage_healed":0,"gold_gain":0,"player_choice":"Obtained Book","damage_taken":16,"max_hp_gain":0,"max_hp_loss":0,"event_name":"Cursed Tome","floor":22,"gold_loss":0},{"damage_healed":0,"gold_gain":0,"player_choice":"Fought Bandits","damage_taken":0,"max_hp_gain":0,"max_hp_loss":0,"event_name":"Masked Bandits","floor":28,"gold_loss":0},{"cards_removed":["Streamline"],"damage_healed":0,"gold_gain":0,"player_choice":"Removed Attack","damage_taken":0,"max_hp_gain":0,"max_hp_loss":0,"event_name":"Falling","floor":36,"gold_loss":0},{"damage_healed":0,"gold_gain":0,"player_choice":"Fight","damage_taken":0,"max_hp_gain":0,"max_hp_loss":0,"event_name":"MindBloom","floor":37,"gold_loss":0}],"is_beta":false,"boss_relics":[{"not_picked":["FrozenCore","Philosopher\u0027s Stone"],"picked":"Nuclear Battery"},{"not_picked":["Velvet Choker","Runic Pyramid"],"picked":"Sozu"}],"items_purged_floors":[5,19,39,42],"is_endless":false,"potions_floor_spawned":[8,10,14,16,27,30,33,35,37,44],"ascension_level":5}