{"gold_per_floor":[114,131,131,0,18,18,18,18,18,18,33,61,161,179,179,284,284,284],"floor_reached":18,"playtime":801,"items_purged":[],"score":240,"play_id":"3659658d-5519-4997-b2b2-c2ac390dcdef","local_time":"20190416165732","is_ascension_mode":true,"campfire_choices":[{"data":"Predator","floor":6,"key":"SMITH"},{"data":"Bouncing Flask","floor":8,"key":"SMITH"},{"data":"Footwork","floor":10,"key":"SMITH"},{"data":"Neutralize","floor":15,"key":"SMITH"}],"neow_cost":"PERCENT_DAMAGE","seed_source_timestamp":5421334596035,"circlet_count":0,"master_deck":["AscendersBane","Defend_G","Defend_G","Defend_G","Defend_G","Defend_G","Strike_G","Strike_G","Survivor","Neutralize+1","Footwork+1","Cloak And Dagger","Cloak And Dagger","Predator+1","Bouncing Flask+1","Escape Plan","Deflect","PiercingWail","After Image","Calculated Gamble","Calculated Gamble","PiercingWail","Acrobatics","Acrobatics"],"relics":["Ring of the Snake","Incense Burner","Letter Opener","Orrery"],"potions_floor_usage":[],"damage_taken":[{"damage":0,"enemies":"Small Slimes","floor":1,"turns":7},{"damage":3,"enemies":"Cultist","floor":2,"turns":7},{"damage":2,"enemies":"Jaw Worm","floor":5,"turns":8},{"damage":0,"enemies":"Looter","floor":11,"turns":5},{"damage":12,"enemies":"Lagavulin","floor":12,"turns":7},{"damage":2,"enemies":"Red Slaver","floor":14,"turns":3},{"damage":11,"enemies":"Hexaghost","floor":16,"turns":12},{"damage":0,"enemies":"Shell Parasite","floor":18,"turns":3}],"seed_played":"2095530212409273043","potions_obtained":[{"floor":1,"key":"SpeedPotion"},{"floor":5,"key":"SpeedPotion"},{"floor":12,"key":"Ancient Potion"}],"is_trial":false,"path_per_floor":["M","M","?","$","M","R","?","R","T","R","M","E","?","M","R","B",null,"M"],"character_chosen":"THE_SILENT","items_purchased":["Cloak And Dagger","Predator"],"campfire_rested":0,"item_purchase_floors":[4,4],"current_hp_per_floor":[45,42,42,42,40,40,40,40,40,40,40,28,28,26,26,15,56,56],"gold":284,"neow_bonus":"REMOVE_TWO","is_prod":false,"is_daily":false,"chose_seed":false,"campfire_upgraded":4,"win_rate":0,"timestamp":1555444652,"path_taken":["M","M","?","?","M","R","?","R","T","R","M","E","?","M","R","BOSS","M"],"build_version":"2019-01-23","purchased_purges":0,"victory":false,"max_hp_per_floor":[70,70,70,70,70,70,70,70,70,70,70,70,70,70,70,70,70,70],"card_choices":[{"not_picked":["Acrobatics","Backflip"],"picked":"Footwork","floor":1},{"not_picked":["Prepared","Acrobatics"],"picked":"Cloak And Dagger","floor":2},{"not_picked":["Well Laid Plans","Underhanded Strike"],"picked":"Bouncing Flask","floor":5},{"not_picked":["Setup","Deadly Poison"],"picked":"Escape Plan","floor":11},{"not_picked":["Finisher","Eviscerate"],"picked":"Deflect","floor":12},{"not_picked":["Deflect","Dagger Throw"],"picked":"PiercingWail","floor":14},{"not_picked":["Storm of Steel","Envenom"],"picked":"After Image","floor":16},{"not_picked":["Infinite Blades","Dagger Throw"],"picked":"Calculated Gamble","floor":17},{"not_picked":["Bane","Masterful Stab"],"picked":"Calculated Gamble","floor":17},{"not_picked":["Outmaneuver","Bullet Time"],"picked":"PiercingWail","floor":17},{"not_picked":["Flying Knee","Poisoned Stab"],"picked":"Acrobatics","floor":17},{"not_picked":["Finisher","Poisoned Stab"],"picked":"Acrobatics","floor":17}],"player_experience":643379,"relics_obtained":[{"floor":9,"key":"Incense Burner"},{"floor":12,"key":"Letter Opener"}],"event_choices":[{"cards_removed":["Strike_G"],"damage_healed":0,"gold_gain":0,"player_choice":"Offered Basic","damage_taken":0,"max_hp_gain":0,"max_hp_loss":0,"event_name":"Bonfire Elementals","floor":3,"gold_loss":0},{"damage_healed":0,"gold_gain":0,"player_choice":"Ignored","damage_taken":0,"max_hp_gain":0,"max_hp_loss":0,"event_name":"Shining Light","floor":7,"gold_loss":0},{"damage_healed":0,"gold_gain":100,"player_choice":"Gold","damage_taken":0,"max_hp_gain":0,"max_hp_loss":0,"event_name":"Wheel of Change","floor":13,"gold_loss":0}],"is_beta":false,"boss_relics":[{"not_picked":["Tiny House","Calling Bell"],"picked":"Orrery"}],"items_purged_floors":[],"is_endless":false,"potions_floor_spawned":[1,5,12,14],"killed_by":"Shell Parasite","ascension_level":10}