{"gold_per_floor":[109,139,159,8,25,58,73,105,105,45,45,79,44,59,59,59],"floor_reached":16,"playtime":570,"items_purged":["Strike_R"],"score":126,"play_id":"3c5f3e2a-a3be-46e3-874d-cfad92a8d7e2","local_time":"20180727174502","is_ascension_mode":true,"campfire_choices":[{"floor":11,"key":"REST"},{"floor":15,"key":"REST"}],"neow_cost":"TEN_PERCENT_HP_LOSS","seed_source_timestamp":1805862069369,"circlet_count":0,"master_deck":["Strike_R","Strike_R","Defend_R","Defend_R","Defend_R","Defend_R","Bash","Whirlwind","Uppercut","Cleave","Ghostly Armor","Dramatic Entrance","Thunderclap","Cleave","Flex","Perfected Strike","Twin Strike","Power Through"],"relics":["Burning Blood","Tiny Chest","Pear","The Courier","Singing Bowl","Art of War"],"potions_floor_usage":[7,8,8],"damage_taken":[{"damage":6,"enemies":"Jaw Worm","floor":1,"turns":3},{"damage":0,"enemies":"2 Louse","floor":3,"turns":2},{"damage":0,"enemies":"Cultist","floor":5,"turns":3},{"damage":14,"enemies":"Gremlin Nob","floor":6,"turns":4},{"damage":26,"enemies":"Exordium Thugs","floor":7,"turns":3},{"damage":40,"enemies":"Lagavulin","floor":8,"turns":6},{"damage":30,"enemies":"Gremlin Nob","floor":12,"turns":4},{"damage":5,"enemies":"Looter","floor":14,"turns":3},{"damage":69,"enemies":"The Guardian","floor":16,"turns":11}],"seed_played":"4447120232455289319","potions_obtained":[{"floor":5,"key":"Swift Potion"},{"floor":6,"key":"Poison Potion"},{"floor":7,"key":"SkillPotion"}],"is_trial":false,"path_per_floor":["M","?","M","$","M","E","M","E","T","$","R","E","?","M","R"],"character_chosen":"IRONCLAD","items_purchased":["Dramatic Entrance","Thunderclap"],"campfire_rested":2,"item_purchase_floors":[4,4],"current_hp_per_floor":[72,47,53,53,59,61,41,7,7,7,31,7,27,30,55,0],"gold":59,"neow_bonus":"TRANSFORM_TWO_CARDS","is_prod":false,"is_daily":false,"chose_seed":false,"campfire_upgraded":0,"win_rate":0,"timestamp":1532706302,"path_taken":["M","?","M","$","M","E","M","E","T","?","R","E","?","M","R","BOSS"],"build_version":"2018-07-26","purchased_purges":1,"victory":false,"max_hp_per_floor":[72,72,72,72,72,82,82,82,82,82,82,82,82,84,84,84],"card_choices":[{"not_picked":["Headbutt","Thunderclap"],"picked":"Cleave","floor":1},{"not_picked":["Spot Weakness","Brutality"],"picked":"Ghostly Armor","floor":3},{"not_picked":["Twin Strike","Clash"],"picked":"Cleave","floor":5},{"not_picked":["Heavy Blade","Intimidate"],"picked":"Flex","floor":6},{"not_picked":["Uppercut","Flex"],"picked":"Perfected Strike","floor":7},{"not_picked":["Inflame","Perfected Strike"],"picked":"Twin Strike","floor":8},{"not_picked":["Perfected Strike","True Grit"],"picked":"Power Through","floor":12},{"not_picked":["Evolve","Power Through","Bloodletting"],"picked":"Singing Bowl","floor":14}],"player_experience":189396,"relics_obtained":[{"floor":6,"key":"Pear"},{"floor":8,"key":"The Courier"},{"floor":9,"key":"Singing Bowl"},{"floor":12,"key":"Art of War"}],"event_choices":[{"event_name":"Scrap Ooze","player_choice":"success","floor":2,"damage_taken":25},{"event_name":"The Cleric","player_choice":"Healed","floor":13,"damage_taken":0}],"is_beta":false,"boss_relics":[],"items_purged_floors":[10],"is_endless":false,"potions_floor_spawned":[5,6,7],"killed_by":"The Guardian","ascension_level":1}