{"gold_per_floor":[18,37,50,0,19,19,51,51,51,63,29,40,40,59,59,156,156,172,172,172,188,34,34,66,66,92,105,125,125,125,125,125,224,224,236,250,305,320,320,349,349,349,349,349,363,73,105,121,121,121],"floor_reached":51,"playtime":2696,"items_purged":[],"score":1032,"play_id":"e36a740c-bffe-4c8e-a14d-5e43ee3f99e7","local_time":"20190405005842","is_ascension_mode":true,"campfire_choices":[{"data":"Fiend Fire","floor":6,"key":"SMITH"},{"data":"Bash","floor":8,"key":"SMITH"},{"data":"Cleave","floor":13,"key":"SMITH"},{"data":"Iron Wave","floor":15,"key":"SMITH"},{"data":"Inflame","floor":23,"key":"SMITH"},{"data":"Strike_R","floor":29,"key":"SMITH"},{"data":"Strike_R","floor":32,"key":"SMITH"},{"data":"Demon Form","floor":41,"key":"SMITH"},{"data":"Iron Wave","floor":44,"key":"SMITH"},{"data":"1","floor":49,"key":"LIFT"}],"neow_cost":"NO_GOLD","seed_source_timestamp":80516342325053,"circlet_count":0,"master_deck":["Strike_R","Strike_R","Strike_R+1","Strike_R+1","Defend_R","Defend_R","Defend_R","Bash+1","Reaper","Fiend Fire+1","Iron Wave+1","Cleave+1","Iron Wave+1","Shrug It Off+1","Double Tap+1","Pommel Strike+1","Bloodletting+1","Infernal Blade+1","Shrug It Off+1","Exhume+1","Decay","Rage+1","Spot Weakness+1","Inflame+1","Infernal Blade+1","Ghostly+1","Ghostly+1","Ghostly+1","Ghostly+1","Ghostly+1","Combust+1","Writhe","Exhume+1","Demon Form+1","Parasite","True Grit+1","Secret Weapon+1","Double Tap+1","Heavy Blade","Battle Trance+1"],"relics":["Burning Blood","Toxic Egg 2","Pen Nib","Blue Candle","Philosopher\u0027s Stone","Potion Belt","Anchor","Sundial","Coffee Dripper","Ice Cream","Charon\u0027s Ashes","Kunai","Girya","Letter Opener"],"potions_floor_usage":[24,37,37,37,37,50,50],"damage_taken":[{"damage":6,"enemies":"Cultist","floor":1,"turns":4},{"damage":4,"enemies":"Jaw Worm","floor":2,"turns":4},{"damage":0,"enemies":"2 Louse","floor":3,"turns":4},{"damage":18,"enemies":"Large Slime","floor":5,"turns":5},{"damage":34,"enemies":"Lagavulin","floor":7,"turns":10},{"damage":9,"enemies":"Red Slaver","floor":10,"turns":2},{"damage":11,"enemies":"Looter","floor":12,"turns":3},{"damage":1,"enemies":"Large Slime","floor":14,"turns":2},{"damage":0,"enemies":"Slime Boss","floor":16,"turns":6},{"damage":19,"enemies":"2 Thieves","floor":18,"turns":3},{"damage":0,"enemies":"Chosen","floor":21,"turns":3},{"damage":30,"enemies":"Gremlin Leader","floor":24,"turns":5},{"damage":1,"enemies":"Centurion and Healer","floor":27,"turns":5},{"damage":3,"enemies":"Cultist and Chosen","floor":28,"turns":3},{"damage":22,"enemies":"Automaton","floor":33,"turns":9},{"damage":2,"enemies":"3 Darklings","floor":35,"turns":4},{"damage":15,"enemies":"3 Shapes","floor":36,"turns":4},{"damage":39,"enemies":"2 Orb Walkers","floor":37,"turns":5},{"damage":5,"enemies":"Writhing Mass","floor":38,"turns":4},{"damage":6,"enemies":"Nemesis","floor":40,"turns":7},{"damage":1,"enemies":"Jaw Worm Horde","floor":45,"turns":4},{"damage":3,"enemies":"Giant Head","floor":47,"turns":5},{"damage":1,"enemies":"Transient","floor":48,"turns":5},{"damage":15,"enemies":"Donu and Deca","floor":50,"turns":9}],"seed_played":"-8963745342835262280","potions_obtained":[{"floor":1,"key":"SkillPotion"},{"floor":7,"key":"Poison Potion"},{"floor":12,"key":"BloodPotion"},{"floor":14,"key":"BloodPotion"},{"floor":16,"key":"SpeedPotion"},{"floor":18,"key":"Weak Potion"},{"floor":27,"key":"LiquidBronze"},{"floor":28,"key":"FearPotion"},{"floor":35,"key":"Explosive Potion"},{"floor":37,"key":"PowerPotion"},{"floor":47,"key":"Fire Potion"},{"floor":48,"key":"Energy Potion"}],"is_trial":false,"path_per_floor":["M","?","M","?","?","M","?","?","?","?","?","?"],"character_chosen":"IRONCLAD","items_purchased":["Bloodletting+1","Spot Weakness+1","Inflame","Girya"],"campfire_rested":0,"item_purchase_floors":[11,22,22,46],"current_hp_per_floor":[80,80,80,80,68,68,40,40,40,37,37,32,32,37,37,55,80,67,67,67,79,79,79,70,40,40,40,40,40,40,40,40,27,40,40,31,16,17,17,17,17,17,17,17,22,22,40,40,40,32],"gold":121,"neow_bonus":"TRANSFORM_TWO_CARDS","is_prod":false,"is_daily":false,"chose_seed":false,"campfire_upgraded":9,"win_rate":0,"timestamp":1554400722,"path_taken":["M","M","?","?","M","R","E","R","T","M","$","M","R","?","R","BOSS","M","?","?","?","$","R","E","?","T","M","M","R","?","?","R","BOSS","M","M","?","M","?","E","R","?","T","R","M","$","E","M","R","BOSS"],"build_version":"2019-01-23","purchased_purges":0,"victory":true,"max_hp_per_floor":[80,80,80,80,80,80,80,80,80,80,80,80,80,80,80,80,80,80,80,80,80,80,80,80,40,40,40,40,40,40,40,40,40,40,40,40,40,40,40,40,40,40,40,40,40,40,40,40,40,40],"card_choices":[{"not_picked":["Body Slam","Pommel Strike"],"picked":"Iron Wave","floor":1},{"not_picked":["Clash","Heavy Blade"],"picked":"Cleave","floor":2},{"not_picked":["Shrug It Off","Warcry"],"picked":"Iron Wave","floor":3},{"not_picked":["Thunderclap","Metallicize"],"picked":"Shrug It Off+1","floor":5},{"not_picked":["True Grit+1","Searing Blow"],"picked":"Double Tap+1","floor":7},{"not_picked":["Wild Strike","Thunderclap"],"picked":"Pommel Strike","floor":10},{"not_picked":["Hemokinesis","Iron Wave"],"picked":"Infernal Blade+1","floor":12},{"not_picked":["Wild Strike","Battle Trance+1"],"picked":"Shrug It Off+1","floor":14},{"not_picked":["Immolate","Brutality"],"picked":"Exhume+1","floor":16},{"not_picked":["Headbutt","Cleave","Heavy Blade"],"picked":"SKIP","floor":18},{"not_picked":["Headbutt","Perfected Strike"],"picked":"Rage+1","floor":21},{"not_picked":["Burning Pact+1","Fire Breathing+1"],"picked":"Infernal Blade+1","floor":24},{"not_picked":["Warcry+1","Corruption","Hemokinesis"],"picked":"SKIP","floor":27},{"not_picked":["Burning Pact+1","Evolve"],"picked":"Combust+1","floor":28},{"not_picked":["Brutality","Exhume+1"],"picked":"Demon Form","floor":33},{"not_picked":["Sentinel+1","Perfected Strike+1","Sword Boomerang+1"],"picked":"SKIP","floor":35},{"not_picked":["Combust","Second Wind+1","Havoc+1"],"picked":"SKIP","floor":36},{"not_picked":["Wild Strike","Flex+1"],"picked":"True Grit+1","floor":38},{"not_picked":["Jack Of All Trades+1","Good Instincts+1"],"picked":"Secret Weapon+1","floor":39},{"not_picked":["Heavy Blade","Iron Wave+1"],"picked":"Double Tap+1","floor":40},{"not_picked":["Wild Strike+1","Shrug It Off+1","Heavy Blade+1"],"picked":"SKIP","floor":45},{"not_picked":["Havoc+1","Bloodletting+1"],"picked":"Heavy Blade","floor":47},{"not_picked":["Havoc+1","Warcry+1"],"picked":"Battle Trance+1","floor":48}],"player_experience":168167,"relics_obtained":[{"floor":7,"key":"Pen Nib"},{"floor":9,"key":"Blue Candle"},{"floor":24,"key":"Potion Belt"},{"floor":26,"key":"Anchor"},{"floor":37,"key":"Ice Cream"},{"floor":40,"key":"Charon\u0027s Ashes"},{"floor":43,"key":"Kunai"},{"floor":47,"key":"Letter Opener"}],"event_choices":[{"damage_healed":0,"gold_gain":0,"player_choice":"Paid Gold","damage_taken":0,"relics_obtained":["Toxic Egg 2"],"max_hp_gain":0,"max_hp_loss":0,"event_name":"WeMeetAgain","floor":4,"gold_loss":50},{"damage_healed":0,"gold_gain":0,"player_choice":"Smashed Altar","damage_taken":0,"max_hp_gain":0,"max_hp_loss":0,"event_name":"Forgotten Altar","floor":19,"gold_loss":0,"cards_obtained":["Decay"]},{"damage_healed":0,"gold_gain":0,"player_choice":"Forge","damage_taken":0,"max_hp_gain":0,"max_hp_loss":0,"event_name":"Accursed Blacksmith","floor":20,"gold_loss":0,"cards_upgraded":["Pommel Strike"]},{"damage_healed":0,"gold_gain":0,"player_choice":"Became a Ghost","damage_taken":0,"max_hp_gain":0,"max_hp_loss":40,"event_name":"Ghosts","floor":25,"gold_loss":0,"cards_obtained":["Ghostly","Ghostly","Ghostly","Ghostly","Ghostly"]},{"damage_healed":0,"gold_gain":0,"player_choice":"Opened","damage_taken":0,"relics_obtained":["Sundial"],"max_hp_gain":0,"max_hp_loss":0,"event_name":"The Mausoleum","floor":30,"gold_loss":0,"cards_obtained":["Writhe"]},{"damage_healed":0,"gold_gain":0,"player_choice":"Read","damage_taken":0,"max_hp_gain":0,"max_hp_loss":0,"event_name":"The Library","floor":31,"gold_loss":0,"cards_obtained":["Exhume"]},{"damage_healed":0,"gold_gain":0,"player_choice":"Fight","damage_taken":0,"max_hp_gain":0,"max_hp_loss":0,"event_name":"Mysterious Sphere","floor":37,"gold_loss":0},{"damage_healed":0,"gold_gain":0,"player_choice":"Memory 1","damage_taken":0,"max_hp_gain":0,"max_hp_loss":0,"event_name":"SensoryStone","floor":39,"gold_loss":0},{"damage_healed":0,"gold_gain":0,"player_choice":"Ignored","damage_taken":0,"max_hp_gain":0,"max_hp_loss":0,"event_name":"Tomb of Lord Red Mask","floor":42,"gold_loss":0}],"is_beta":false,"boss_relics":[{"not_picked":["Lizard Tail","Astrolabe"],"picked":"Philosopher\u0027s Stone"},{"not_picked":["Mark of Pain","Black Star"],"picked":"Coffee Dripper"}],"items_purged_floors":[],"is_endless":false,"potions_floor_spawned":[1,7,12,14,16,18,27,28,35,37,47,48],"ascension_level":4}