{"gold_per_floor":[116,135,155,166,166,201,201,235,289,313,313,379,379,410,410,499,499,519,543,556,42,61,61,77,77,77,27,67,67,67,67,67,163,163,176,195,23,23],"floor_reached":38,"playtime":2507,"items_purged":["Strike_B","Strike_B+1"],"score":848,"play_id":"3d666e73-e026-4572-9390-2e05f93cd5c5","local_time":"20190429000013","is_ascension_mode":true,"campfire_choices":[{"data":"Zap","floor":7.0,"key":"SMITH"},{"data":"Defragment","floor":15.0,"key":"SMITH"},{"floor":23,"key":"REST"},{"data":"Leap","floor":25,"key":"SMITH"},{"floor":29,"key":"REST"},{"data":"Static Discharge","floor":32,"key":"SMITH"}],"neow_cost":"NONE","seed_source_timestamp":779641957536549,"circlet_count":0,"master_deck":["AscendersBane","Strike_B+1","Defend_B","Defend_B","Defend_B","Defend_B","Zap+1","Dualcast","Rip and Tear","Reinforced Body","Ball Lightning","FTL","Self Repair+1","Hologram","Defragment+1","Coolheaded","Thunder Strike","Barrage","Cold Snap","Chill","Static Discharge+1","Leap+1","Steam","Electrodynamics","Defragment","Genetic Algorithm"],"special_seed":0,"relics":["Cracked Core","Golden Idol","Whetstone","Shuriken","Smiling Mask","Tiny Chest","Mercury Hourglass","Inserter","Regal Pillow","Medical Kit","Vajra","Omamori","PreservedInsect","Snecko Eye","Strawberry"],"potions_floor_usage":[28,33,33,36],"damage_taken":[{"damage":4.0,"enemies":"Jaw Worm","floor":1.0,"turns":5.0},{"damage":7.0,"enemies":"2 Louse","floor":2.0,"turns":2.0},{"damage":0.0,"enemies":"Small Slimes","floor":3.0,"turns":4.0},{"damage":9.0,"enemies":"Exordium Wildlife","floor":4.0,"turns":3.0},{"damage":11.0,"enemies":"Gremlin Nob","floor":6.0,"turns":3.0},{"damage":20.0,"enemies":"3 Sentries","floor":8.0,"turns":4.0},{"damage":2.0,"enemies":"3 Louse","floor":10.0,"turns":3.0},{"damage":12.0,"enemies":"Lagavulin","floor":12.0,"turns":6.0},{"damage":11.0,"enemies":"Gremlin Nob","floor":14.0,"turns":3.0},{"damage":3.0,"enemies":"The Guardian","floor":16.0,"turns":11.0},{"damage":23.0,"enemies":"Shell Parasite","floor":18.0,"turns":7.0},{"damage":13.0,"enemies":"Chosen","floor":19.0,"turns":4.0},{"damage":17,"enemies":"3 Cultists","floor":20,"turns":4},{"damage":27,"enemies":"Centurion and Healer","floor":22,"turns":6},{"damage":30,"enemies":"Snake Plant","floor":24,"turns":5},{"damage":8,"enemies":"Gremlin Leader","floor":28,"turns":7},{"damage":15,"enemies":"Automaton","floor":33,"turns":12},{"damage":29,"enemies":"3 Darklings","floor":35,"turns":5},{"damage":15,"enemies":"3 Shapes","floor":36,"turns":5},{"damage":21,"enemies":"Writhing Mass","floor":38,"turns":3}],"seed_played":"4947201750375295610","potions_obtained":[{"floor":1.0,"key":"AttackPotion"},{"floor":3.0,"key":"SteroidPotion"},{"floor":8.0,"key":"EntropicBrew"},{"floor":16.0,"key":"SteroidPotion"},{"floor":19.0,"key":"Ancient Potion"},{"floor":24,"key":"Block Potion"},{"floor":33,"key":"AttackPotion"},{"floor":35,"key":"Poison Potion"}],"is_trial":false,"path_per_floor":["M","M","M","M","?","E","R","E","T","M","?","E","?","E","R","B",null,"M","M","M","$","M","R","M","R","T","$","E","R","?","?","R","B",null,"M","M","$","M"],"character_chosen":"DEFECT","items_purchased":["Static Discharge","Regal Pillow","Medical Kit","Strawberry"],"campfire_rested":2,"item_purchase_floors":[21,21,21,37],"current_hp_per_floor":[60,53,53,44,44,33,33,13,13,18,18,31,52,41,41,48,60,47,44,37,37,10,44,14,14,14,14,16,50,50,38,38,33,56,37,22,29,8],"gold":23,"neow_bonus":"REMOVE_CARD","is_prod":false,"is_daily":false,"chose_seed":false,"campfire_upgraded":4,"win_rate":0,"timestamp":1556488813,"path_taken":["M","M","M","M","?","E","R","E","T","M","?","E","?","E","R","BOSS","M","M","M","$","M","R","M","R","T","$","E","R","?","?","R","BOSS","M","M","$","?"],"build_version":"2019-01-23","purchased_purges":2,"victory":false,"max_hp_per_floor":[71,71,71,71,64,64,64,64,64,64,64,64,64,64,64,64,64,64,64,64,64,64,64,64,64,64,64,64,64,64,64,64,64,64,64,64,71,71],"card_choices":[{"not_picked":["Beam Cell","Blizzard"],"picked":"Rip and Tear","floor":1.0},{"not_picked":["Hello World","Undo"],"picked":"Reinforced Body","floor":2.0},{"not_picked":["Rebound","Barrage"],"picked":"Ball Lightning","floor":3.0},{"not_picked":["Go for the Eyes","Scrape"],"picked":"FTL","floor":4.0},{"not_picked":["Force Field","Undo","Streamline"],"picked":"SKIP","floor":6.0},{"not_picked":["Aggregate","Rainbow"],"picked":"Self Repair","floor":8.0},{"not_picked":["Cold Snap","Melter"],"picked":"Hologram","floor":10.0},{"not_picked":["Coolheaded","Turbo"],"picked":"Defragment","floor":12.0},{"not_picked":["Heatsinks","Loop"],"picked":"Coolheaded","floor":14.0},{"not_picked":["Hyperbeam","Rainbow"],"picked":"Thunder Strike","floor":16.0},{"not_picked":["Hologram+1","Redo+1"],"picked":"Barrage","floor":18.0},{"not_picked":["Recycle","Go for the Eyes"],"picked":"Cold Snap","floor":19.0},{"not_picked":["Rebound","Melter"],"picked":"Chill","floor":20},{"not_picked":["Sunder","Beam Cell"],"picked":"Leap","floor":22},{"not_picked":["Scrape","Chill","Leap"],"picked":"SKIP","floor":24},{"not_picked":["Compile Driver","Reprogram+1"],"picked":"Steam","floor":28},{"not_picked":["Meteor Strike","Core Surge"],"picked":"Electrodynamics","floor":33},{"not_picked":["Turbo","Go for the Eyes"],"picked":"Defragment","floor":35},{"not_picked":["Rebound","Cold Snap"],"picked":"Genetic Algorithm","floor":36}],"player_experience":868641,"relics_obtained":[{"floor":6.0,"key":"Whetstone"},{"floor":8.0,"key":"Shuriken"},{"floor":9.0,"key":"Smiling Mask"},{"floor":12.0,"key":"Tiny Chest"},{"floor":14.0,"key":"Mercury Hourglass"},{"floor":26,"key":"Vajra"},{"floor":28,"key":"Omamori"}],"event_choices":[{"damage_healed":0.0,"max_hp_gain":0.0,"max_hp_loss":7.0,"gold_gain":0.0,"event_name":"Golden Idol","player_choice":"Lose Max HP","floor":5.0,"gold_loss":0.0,"damage_taken":0.0,"relics_obtained":["Golden Idol"]},{"damage_healed":0.0,"max_hp_gain":0.0,"max_hp_loss":0.0,"gold_gain":0.0,"event_name":"Living Wall","player_choice":"Grow","floor":11.0,"gold_loss":0.0,"damage_taken":0.0,"cards_upgraded":["Self Repair"]},{"damage_healed":21.0,"max_hp_gain":0.0,"max_hp_loss":0.0,"gold_gain":0.0,"event_name":"Big Fish","player_choice":"Banana","floor":13.0,"gold_loss":0.0,"damage_taken":0.0},{"damage_healed":0,"gold_gain":0,"player_choice":"Opened","damage_taken":0,"relics_obtained":["PreservedInsect"],"max_hp_gain":0,"max_hp_loss":0,"event_name":"The Mausoleum","floor":30,"gold_loss":0,"cards_obtained":["Writhe"]},{"damage_healed":0,"gold_gain":0,"player_choice":"POTION ","damage_taken":12,"max_hp_gain":0,"max_hp_loss":0,"event_name":"Knowing Skull","floor":31,"potions_obtained":["EssenceOfSteel"],"gold_loss":0,"cards_obtained":[]}],"is_beta":false,"boss_relics":[{"not_picked":["Velvet Choker","Pandora\u0027s Box"],"picked":"Inserter"},{"not_picked":["Eternal Feather","Sozu"],"picked":"Snecko Eye"}],"items_purged_floors":[21,27],"is_endless":false,"potions_floor_spawned":[1,3,4,8,16,19,24,33,35],"killed_by":"Writhing Mass","ascension_level":20}