{"gold_per_floor":[115,190,209,134,152,152,172,200,200,200,210,229,52,68,68,165,165,178,53,68,81,81,107,68,68,68,68,82,82,82,102,102,197,197,207,222,222,234,87,87,116,116,168,181,204,104,104,116,116,116],"floor_reached":51,"playtime":8458,"items_purged":["Strike_R","Defend_R","Strike_R"],"score":729,"play_id":"44d98a30-9a50-4321-9057-d6c4b5e43ceb","local_time":"20180707122855","is_ascension_mode":true,"campfire_choices":[{"data":"Armaments","floor":6.0,"key":"SMITH"},{"floor":15.0,"key":"REST"},{"floor":25.0,"key":"REST"},{"floor":30.0,"key":"REST"},{"data":"True Grit","floor":32.0,"key":"SMITH"},{"floor":40,"key":"REST"},{"data":"True Grit","floor":42,"key":"SMITH"},{"floor":47,"key":"REST"},{"data":"Body Slam","floor":49,"key":"SMITH"}],"neow_cost":"CURSE","seed_source_timestamp":402312181871850,"circlet_count":0,"master_deck":["Strike_R+1","Defend_R","Defend_R+1","Bash","Clumsy","Power Through","Berserk","Armaments+1","True Grit+1","Body Slam+1","Whirlwind","True Grit+1","Body Slam+1","Metallicize+1","Seeing Red","Juggernaut+1","Body Slam+1","Combust+1","Burning Pact","Exhume","Burning Pact","Warcry","Power Through+1","Metallicize+1","Finesse"],"special_seed":0,"relics":["Black Blood","Frozen Egg 2","Blue Candle","Runic Pyramid","Paper Frog","Whetstone","Oddly Smooth Stone","Happy Flower","War Paint","Art of War"],"potions_floor_usage":[41,50,50],"damage_taken":[{"damage":0.0,"enemies":"2 Louse","floor":1.0,"turns":3.0},{"damage":0.0,"enemies":"Jaw Worm","floor":3.0,"turns":5.0},{"damage":1.0,"enemies":"Cultist","floor":5.0,"turns":6.0},{"damage":0.0,"enemies":"Large Slime","floor":7.0,"turns":7.0},{"damage":47.0,"enemies":"Lagavulin","floor":8.0,"turns":7.0},{"damage":3.0,"enemies":"Red Slaver","floor":11.0,"turns":5.0},{"damage":4.0,"enemies":"Exordium Thugs","floor":12.0,"turns":5.0},{"damage":7.0,"enemies":"Exordium Wildlife","floor":14.0,"turns":6.0},{"damage":21.0,"enemies":"Slime Boss","floor":16.0,"turns":13.0},{"damage":3.0,"enemies":"Chosen","floor":18.0,"turns":6.0},{"damage":12.0,"enemies":"Shell Parasite","floor":20.0,"turns":6.0},{"damage":23.0,"enemies":"Chosen and Byrds","floor":21.0,"turns":7.0},{"damage":44.0,"enemies":"Gremlin Leader","floor":23.0,"turns":6.0},{"damage":17.0,"enemies":"Snake Plant","floor":28.0,"turns":3.0},{"damage":0.0,"enemies":"Book of Stabbing","floor":29.0,"turns":1.0},{"damage":16.0,"enemies":"Sentry and Sphere","floor":31.0,"turns":7.0},{"damage":22.0,"enemies":"Champ","floor":33.0,"turns":8.0},{"damage":15.0,"enemies":"3 Shapes","floor":35.0,"turns":5.0},{"damage":13.0,"enemies":"Orb Walker","floor":36.0,"turns":5.0},{"damage":36,"enemies":"3 Darklings","floor":38,"turns":4},{"damage":37,"enemies":"Nemesis","floor":41,"turns":11},{"damage":21,"enemies":"Sphere and 2 Shapes","floor":44,"turns":5},{"damage":7,"enemies":"4 Shapes","floor":48,"turns":7},{"damage":52,"enemies":"Donu and Deca","floor":50,"turns":11}],"seed_played":"-2168545433586370372","potions_obtained":[{"floor":1.0,"key":"SteroidPotion"},{"floor":8.0,"key":"Ancient Potion"},{"floor":12.0,"key":"AttackPotion"},{"floor":14.0,"key":"Poison Potion"},{"floor":16.0,"key":"SmokeBomb"},{"floor":18.0,"key":"Swift Potion"},{"floor":21.0,"key":"PowerPotion"},{"floor":23.0,"key":"GamblersBrew"},{"floor":33.0,"key":"Weak Potion"},{"floor":41,"key":"GamblersBrew"},{"floor":48,"key":"GamblersBrew"}],"is_trial":false,"path_per_floor":["M","?","M","$","M","R","M","E","T","?","M","M","$","M","R","B",null,"M","$","M","M","$","E","$","R","T","?","M","E","R","M","R","B",null,"M","M","?","M","$","R","E","R","T","M","T","$","R","M","R","B"],"character_chosen":"IRONCLAD","items_purchased":["Metallicize+1","Combust+1","Oddly Smooth Stone","Finesse"],"campfire_rested":5,"item_purchase_floors":[13,24,39,46],"current_hp_per_floor":[80,69,75,75,80,80,80,39,39,39,42,44,44,43,67,52,80,80,80,74,57,57,19,19,43,43,43,32,38,62,52,52,36,80,75,72,72,46,46,70,43,43,43,32,32,32,56,59,59,17],"gold":116,"neow_bonus":"TRANSFORM_TWO_CARDS","is_prod":false,"is_daily":false,"chose_seed":false,"campfire_upgraded":4,"win_rate":0,"timestamp":1530991735,"path_taken":["M","?","M","$","?","R","M","E","T","?","M","M","?","M","R","BOSS","M","$","M","?","$","E","?","R","T","?","?","E","R","M","R","BOSS","M","M","?","M","?","R","E","R","T","?","?","$","R","M","R","BOSS"],"build_version":"2018-07-05","purchased_purges":3,"victory":true,"max_hp_per_floor":[80,80,80,80,80,80,80,80,80,80,80,80,80,80,80,80,80,80,80,80,80,80,80,80,80,80,80,80,80,80,80,80,80,80,80,80,80,80,80,80,80,80,80,80,80,80,80,80,80,80],"card_choices":[{"not_picked":["Intimidate","Pommel Strike"],"picked":"Armaments","floor":1.0},{"not_picked":["Body Slam","Searing Blow"],"picked":"True Grit","floor":3.0},{"not_picked":["Hemokinesis","Warcry"],"picked":"Body Slam","floor":5.0},{"not_picked":["Thunderclap","Warcry"],"picked":"Whirlwind","floor":7.0},{"not_picked":["Rampage","Wild Strike"],"picked":"True Grit","floor":8.0},{"not_picked":["Thunderclap","Blood for Blood"],"picked":"Body Slam","floor":11.0},{"not_picked":["Cleave","Clash","True Grit"],"picked":"SKIP","floor":12.0},{"not_picked":["Intimidate","Sword Boomerang"],"picked":"Seeing Red","floor":14.0},{"not_picked":["Feed","Exhume"],"picked":"Juggernaut+1","floor":16.0},{"not_picked":["Sword Boomerang+1","Headbutt","Armaments"],"picked":"SKIP","floor":18.0},{"not_picked":["Fire Breathing+1","Wild Strike+1","Iron Wave"],"picked":"SKIP","floor":20.0},{"not_picked":["Flex","True Grit","Disarm"],"picked":"SKIP","floor":21.0},{"not_picked":["Spot Weakness","Fire Breathing+1"],"picked":"Body Slam+1","floor":23.0},{"not_picked":["Twin Strike","Clash","Sword Boomerang+1"],"picked":"SKIP","floor":28.0},{"not_picked":["Cleave+1","Thunderclap"],"picked":"Burning Pact","floor":31.0},{"not_picked":["Demon Form+1","Impervious"],"picked":"Exhume","floor":33.0},{"not_picked":["Pommel Strike","Headbutt+1"],"picked":"Burning Pact","floor":35.0},{"not_picked":["Body Slam","Dropkick+1","Clothesline"],"picked":"SKIP","floor":36.0},{"not_picked":["Pommel Strike+1","Spot Weakness"],"picked":"Warcry","floor":38},{"not_picked":["Thunderclap+1","Flex+1"],"picked":"Power Through","floor":41},{"not_picked":["Sever Soul+1","Power Through"],"picked":"Metallicize+1","floor":44},{"not_picked":["Body Slam","Sword Boomerang","Thunderclap+1"],"picked":"SKIP","floor":48}],"player_experience":593215,"relics_obtained":[{"floor":8.0,"key":"Frozen Egg 2"},{"floor":9.0,"key":"Blue Candle"},{"floor":23.0,"key":"Paper Frog"},{"floor":26.0,"key":"Whetstone"},{"floor":41,"key":"Happy Flower"},{"floor":43,"key":"War Paint"},{"floor":45,"key":"Art of War"}],"event_choices":[{"event_name":"World of Goop","player_choice":"Gather Gold","floor":2.0,"damage_taken":0.0},{"event_name":"Transmorgrifier","player_choice":"Transform","floor":10.0,"damage_taken":0.0},{"event_name":"Back to Basics","player_choice":"Elegance","floor":27.0,"damage_taken":0.0},{"event_name":"The Woman in Blue","player_choice":"Bought 0 Potions","floor":37.0,"damage_taken":0.0}],"boss_relics":[{"not_picked":["Eternal Feather","Calling Bell"],"picked":"Runic Pyramid"},{"not_picked":["Snecko Eye","Fusion Hammer"],"picked":"Black Blood"}],"items_purged_floors":[4,13,19],"is_endless":false,"potions_floor_spawned":[1,8,12,14,16,18,21,23,33,41,48],"ascension_level":1}