{"gold_per_floor":[116,116,266,345,345,345,372,372,421,453,453,14,34,67,67,139,139,109,120,120,170,195,195,195,213,213,244,244,244,254,268,268,347,347,365,78,92,92,112,112,112],"floor_reached":41,"playtime":1582,"items_purged":["Doubt","Strike_R+1"],"score":951,"play_id":"480a345c-60b8-4f71-810e-3b1ad62db481","local_time":"20181226190708","is_ascension_mode":true,"campfire_choices":[{"data":"Bash","floor":6.0,"key":"SMITH"},{"data":"Demon Form","floor":8.0,"key":"SMITH"},{"data":"Sword Boomerang","floor":15.0,"key":"SMITH"},{"data":"Shockwave","floor":23.0,"key":"SMITH"},{"floor":28.0,"key":"REST"},{"floor":32.0,"key":"REST"},{"floor":40.0,"key":"REST"}],"neow_cost":"NONE","seed_source_timestamp":0,"circlet_count":0,"master_deck":["AscendersBane","Strike_R+1","Strike_R+1","Defend_R+1","Defend_R+1","Defend_R+1","Bash+1","Shrug It Off","Demon Form+1","Shockwave+1","Sword Boomerang+1","Shrug It Off","Feed+1","Flex+1","Disarm","Flame Barrier","Feel No Pain","Feed","True Grit+1","Burning Pact+1"],"special_seed":0,"relics":["Burning Blood","NeowsBlessing","Darkstone Periapt","Ornamental Fan","Strawberry","PreservedInsect","Du-Vu Doll","Membership Card","StoneCalendar","Omamori","Empty Cage","Whetstone","Ancient Tea Set","Nunchaku","Philosopher\u0027s Stone","Bronze Scales","Toxic Egg 2"],"potions_floor_usage":[41,41],"damage_taken":[{"damage":0.0,"enemies":"2 Louse","floor":1.0,"turns":1.0},{"damage":0.0,"enemies":"3 Sentries","floor":7.0,"turns":2.0},{"damage":0.0,"enemies":"Gremlin Nob","floor":10.0,"turns":1.0},{"damage":4.0,"enemies":"Jaw Worm","floor":13.0,"turns":3.0},{"damage":15.0,"enemies":"3 Sentries","floor":14.0,"turns":5.0},{"damage":35.0,"enemies":"Hexaghost","floor":16.0,"turns":7.0},{"damage":26.0,"enemies":"2 Thieves","floor":18.0,"turns":4.0},{"damage":34.0,"enemies":"3 Byrds","floor":19.0,"turns":6.0},{"damage":18.0,"enemies":"Cultist and Chosen","floor":25.0,"turns":6.0},{"damage":18.0,"enemies":"Gremlin Leader","floor":27.0,"turns":6.0},{"damage":5.0,"enemies":"Snecko","floor":30.0,"turns":4.0},{"damage":18.0,"enemies":"Snake Plant","floor":31.0,"turns":6.0},{"damage":75.0,"enemies":"Collector","floor":33.0,"turns":9.0},{"damage":8.0,"enemies":"3 Shapes","floor":35.0,"turns":7.0},{"damage":50.0,"enemies":"3 Darklings","floor":37.0,"turns":7.0},{"damage":3.0,"enemies":"Writhing Mass","floor":39.0,"turns":10.0},{"damage":83,"enemies":"Reptomancer","floor":41,"turns":7}],"seed_played":"-4013287924187492957","potions_obtained":[{"floor":10.0,"key":"SkillPotion"},{"floor":14.0,"key":"Explosive Potion"},{"floor":25.0,"key":"Dexterity Potion"},{"floor":27.0,"key":"Weak Potion"},{"floor":29.0,"key":"EntropicBrew"},{"floor":29.0,"key":"Explosive Potion"},{"floor":33.0,"key":"Ancient Potion"},{"floor":37.0,"key":"EssenceOfSteel"}],"is_trial":false,"path_per_floor":["M","?","?","T","?","R","E","R","T","E","?","$","M","E","R","B",null,"M","M","?","?","T","R","?","M","T","E","R","?","M","M","R","B",null,"M","$","M","?","M","R","E"],"character_chosen":"IRONCLAD","items_purchased":["Membership Card","Sword Boomerang","StoneCalendar","Bronze Scales","Toxic Egg 2","True Grit+1"],"campfire_rested":3,"item_purchase_floors":[12,12,12,36,36,36],"current_hp_per_floor":[74,67,67,67,41,41,54,54,54,60,86,86,88,79,79,50,76,59,34,34,34,34,34,52,44,44,32,60,60,65,53,82,13,78,80,80,36,36,43,75,0],"gold":112,"neow_bonus":"THREE_ENEMY_KILL","is_prod":false,"is_daily":false,"chose_seed":false,"campfire_upgraded":4,"win_rate":0,"timestamp":1545847628,"path_taken":["M","?","?","?","?","R","E","R","T","E","?","$","M","E","R","BOSS","M","M","?","?","?","R","?","?","T","E","R","?","M","M","R","BOSS","M","$","M","?","M","R","E"],"build_version":"2018-12-20","purchased_purges":2,"victory":false,"max_hp_per_floor":[75,75,75,75,75,75,82,82,82,82,88,88,88,88,88,88,85,88,91,91,91,91,91,91,95,95,95,95,95,99,99,99,99,99,103,103,103,103,107,107,107],"card_choices":[{"not_picked":["Rupture","Clothesline"],"picked":"Shrug It Off","floor":1.0},{"not_picked":["Headbutt","Shrug It Off"],"picked":"Demon Form","floor":7.0},{"not_picked":["Body Slam","Wild Strike"],"picked":"Shockwave","floor":10.0},{"not_picked":["Clash","Havoc"],"picked":"Shrug It Off","floor":13.0},{"not_picked":["Armaments","Shrug It Off","Cleave"],"picked":"SKIP","floor":14.0},{"not_picked":["Bludgeon","Limit Break"],"picked":"Feed","floor":16.0},{"not_picked":["Seeing Red","Perfected Strike"],"picked":"Flex+1","floor":18.0},{"not_picked":["Clothesline","Armaments"],"picked":"Disarm","floor":19.0},{"not_picked":["Burning Pact","Hemokinesis"],"picked":"Flame Barrier","floor":25.0},{"not_picked":["Anger+1","Pommel Strike","Ghostly Armor"],"picked":"SKIP","floor":27.0},{"not_picked":["Intimidate","Flex"],"picked":"Feel No Pain","floor":30.0},{"not_picked":["Body Slam","Double Tap","Second Wind"],"picked":"SKIP","floor":31.0},{"not_picked":["Bludgeon","Double Tap"],"picked":"Feed","floor":33.0},{"not_picked":["Infernal Blade","Ghostly Armor","Entrench"],"picked":"SKIP","floor":35.0},{"not_picked":["Anger","Warcry+1"],"picked":"Burning Pact+1","floor":37.0},{"not_picked":["Iron Wave","Warcry+1","Havoc+1"],"picked":"SKIP","floor":39.0}],"player_experience":1037819,"relics_obtained":[{"floor":4.0,"key":"Darkstone Periapt"},{"floor":7.0,"key":"Strawberry"},{"floor":9.0,"key":"PreservedInsect"},{"floor":10.0,"key":"Du-Vu Doll"},{"floor":14.0,"key":"Omamori"},{"floor":22.0,"key":"Whetstone"},{"floor":26.0,"key":"Ancient Tea Set"},{"floor":27.0,"key":"Nunchaku"}],"event_choices":[{"cards_removed":["Defend_R"],"damage_healed":0.0,"max_hp_gain":0.0,"max_hp_loss":0.0,"gold_gain":0.0,"event_name":"Golden Wing","player_choice":"Card Removal","floor":2.0,"gold_loss":0.0,"damage_taken":7.0},{"damage_healed":0.0,"max_hp_gain":0.0,"max_hp_loss":0.0,"gold_gain":150.0,"event_name":"Liars Game","player_choice":"AGREE","floor":3.0,"gold_loss":0.0,"damage_taken":0.0,"cards_obtained":["Doubt"]},{"damage_healed":0.0,"max_hp_gain":0.0,"max_hp_loss":0.0,"gold_gain":0.0,"event_name":"Scrap Ooze","player_choice":"Success","floor":5.0,"gold_loss":0.0,"damage_taken":26.0,"relics_obtained":["Ornamental Fan"]},{"damage_healed":20.0,"max_hp_gain":0.0,"max_hp_loss":0.0,"gold_gain":0.0,"event_name":"Mushrooms","player_choice":"Healed and dodged fight","floor":11.0,"gold_loss":0.0,"damage_taken":0.0,"cards_obtained":["Parasite"]},{"damage_healed":0.0,"max_hp_gain":0.0,"max_hp_loss":0.0,"gold_gain":0.0,"event_name":"Back to Basics","player_choice":"Simplicity","floor":20.0,"gold_loss":0.0,"damage_taken":0.0,"cards_upgraded":["Strike_R","Strike_R","Strike_R","Strike_R","Defend_R","Defend_R","Defend_R"]},{"damage_healed":0.0,"max_hp_gain":0.0,"max_hp_loss":0.0,"gold_gain":50.0,"event_name":"Nest","player_choice":"Stole From Cult","floor":21.0,"gold_loss":0.0,"damage_taken":0.0},{"damage_healed":18.0,"max_hp_gain":0.0,"max_hp_loss":0.0,"gold_gain":0.0,"event_name":"The Library","player_choice":"Heal","floor":24.0,"gold_loss":0.0,"damage_taken":0.0},{"damage_healed":0.0,"max_hp_gain":0.0,"max_hp_loss":0.0,"gold_gain":0.0,"event_name":"Lab","player_choice":"Got Potions","floor":29.0,"gold_loss":0.0,"damage_taken":0.0},{"cards_removed":["Strike_R"],"damage_healed":0.0,"max_hp_gain":0.0,"max_hp_loss":0.0,"gold_gain":0.0,"event_name":"Falling","player_choice":"Removed Attack","floor":38.0,"gold_loss":0.0,"damage_taken":0.0}],"is_beta":false,"boss_relics":[{"not_picked":["Ectoplasm","Eternal Feather"],"picked":"Empty Cage"},{"not_picked":["Tiny House","Runic Cube"],"picked":"Philosopher\u0027s Stone"}],"items_purged_floors":[12,36],"is_endless":false,"potions_floor_spawned":[10,14,25,27,33,37,39],"killed_by":"Reptomancer","ascension_level":19}