{"gold_per_floor":[18,18,37,57,72,106,156,173,173,173,204,204,184,218,218,218],"floor_reached":16,"playtime":583,"items_purged":[],"score":210,"play_id":"121c377c-d1ab-468b-9c4f-f45b09623903","local_time":"20190406020954","is_ascension_mode":true,"campfire_choices":[{"data":"Uppercut","floor":10,"key":"SMITH"},{"data":"Rampage","floor":15,"key":"SMITH"}],"neow_cost":"NO_GOLD","seed_source_timestamp":2647610491287,"circlet_count":0,"master_deck":["AscendersBane","Strike_R","Strike_R","Strike_R","Strike_R","Strike_R","Defend_R","Defend_R","Defend_R","Defend_R","Bash+1","Pommel Strike","Rampage+1","Headbutt","Cleave","Pommel Strike","Uppercut+1"],"relics":["Burning Blood","Mango","Bag of Preparation","FossilizedHelix","Shovel","Unceasing Top"],"potions_floor_usage":[6,16,16],"damage_taken":[{"damage":6,"enemies":"Cultist","floor":1,"turns":4},{"damage":1,"enemies":"2 Louse","floor":3,"turns":4},{"damage":0,"enemies":"Small Slimes","floor":4,"turns":3},{"damage":12,"enemies":"3 Louse","floor":5,"turns":3},{"damage":25,"enemies":"3 Sentries","floor":6,"turns":5},{"damage":16,"enemies":"Exordium Thugs","floor":8,"turns":5},{"damage":10,"enemies":"Lagavulin","floor":11,"turns":7},{"damage":30,"enemies":"3 Sentries","floor":14,"turns":7},{"damage":30,"enemies":"Hexaghost","floor":16,"turns":9}],"seed_played":"-2125525424169902521","potions_obtained":[{"floor":3,"key":"Fire Potion"},{"floor":5,"key":"Energy Potion"},{"floor":11,"key":"FearPotion"}],"is_trial":false,"path_per_floor":["M","$","M","M","M","E","?","M","T","R","E","?","?","E","R","B"],"character_chosen":"IRONCLAD","items_purchased":[],"campfire_rested":0,"item_purchase_floors":[],"current_hp_per_floor":[82,82,87,89,83,64,64,54,54,54,50,50,50,26,26,0],"gold":218,"neow_bonus":"ONE_RARE_RELIC","is_prod":false,"is_daily":false,"chose_seed":false,"campfire_upgraded":2,"win_rate":0,"timestamp":1554527394,"path_taken":["M","?","M","M","M","E","?","?","T","R","E","?","?","E","R","BOSS"],"build_version":"2019-01-23","purchased_purges":0,"victory":false,"max_hp_per_floor":[89,89,89,89,89,89,89,89,89,89,89,89,89,89,89,89],"card_choices":[{"not_picked":["Perfected Strike","Body Slam"],"picked":"Pommel Strike","floor":1},{"not_picked":["Disarm","Headbutt"],"picked":"Rampage","floor":3},{"not_picked":["Armaments","Disarm"],"picked":"Headbutt","floor":4},{"not_picked":["Thunderclap","Body Slam"],"picked":"Cleave","floor":5},{"not_picked":["Barricade","Reckless Charge"],"picked":"Pommel Strike","floor":6},{"not_picked":["Clash","Twin Strike"],"picked":"Uppercut","floor":8},{"not_picked":["Cleave","Thunderclap","Fire Breathing"],"picked":"SKIP","floor":11},{"not_picked":["Barricade","Pummel","Rupture"],"picked":"SKIP","floor":14}],"player_experience":521577,"relics_obtained":[{"floor":6,"key":"Bag of Preparation"},{"floor":9,"key":"FossilizedHelix"},{"floor":11,"key":"Shovel"},{"floor":14,"key":"Unceasing Top"}],"event_choices":[{"damage_healed":0,"gold_gain":50,"player_choice":"Pray","damage_taken":0,"max_hp_gain":0,"max_hp_loss":0,"event_name":"Golden Shrine","floor":7,"gold_loss":0},{"damage_healed":0,"gold_gain":0,"player_choice":"Grow","damage_taken":0,"max_hp_gain":0,"max_hp_loss":0,"event_name":"Living Wall","floor":12,"gold_loss":0,"cards_upgraded":["Bash"]},{"damage_healed":0,"gold_gain":0,"player_choice":"Bought 1 Potion","damage_taken":0,"max_hp_gain":0,"max_hp_loss":0,"event_name":"The Woman in Blue","floor":13,"gold_loss":0}],"is_beta":false,"boss_relics":[],"items_purged_floors":[],"is_endless":false,"potions_floor_spawned":[3,5,11],"killed_by":"Hexaghost","ascension_level":15}