{"gold_per_floor":[113,128,303,34,34,66,77,92,92,109,119,132,132,154,154,251,251,262,274,274,284,284,284,310,61,107,139,151,167,167,178,178,278,278,297,307,318,328,328,328,344,344,344,356,368,415,226,245,245,245],"floor_reached":50,"playtime":2740,"items_purged":["Doubt","Strike_B"],"score":772,"play_id":"70f9a217-8e22-49a7-b2d1-d26767c425ef","local_time":"20181012144800","is_ascension_mode":true,"campfire_choices":[{"floor":13,"key":"REST"},{"floor":15,"key":"REST"},{"data":"Chill","floor":23,"key":"SMITH"},{"data":"Rainbow","floor":30,"key":"SMITH"},{"floor":32,"key":"REST"},{"data":"Defragment","floor":40,"key":"SMITH"},{"floor":42,"key":"REST"},{"floor":49,"key":"REST"}],"neow_cost":"","seed_source_timestamp":258217728783154,"circlet_count":0,"master_deck":["Strike_B","Strike_B+1","Strike_B+1","Defend_B","Defend_B","Defend_B","Defend_B","Zap","Dualcast","AscendersBane","Chill+1","Defragment+1","Conserve Battery","Ball Lightning","Cold Snap","Self Repair","Reinforced Body","Go for the Eyes","Biased Cognition","FTL","Fusion+1","Conserve Battery+1","Rainbow+1","Seek","Static Discharge","Doom and Gloom+1","Redo+1","Reinforced Body+1","Blizzard+1","Go for the Eyes+1","Static Discharge","Steam+1"],"relics":["Cracked Core","Sling","Symbiotic Virus","Matryoshka","Odd Mushroom","Inserter","Centennial Puzzle","Red Mask","Lantern","Strawberry","Vajra","Orichalcum","Nuclear Battery","MawBank","Molten Egg 2","Bag of Marbles"],"potions_floor_usage":[10,10,12,24,29,33,33,41,46,48,50],"damage_taken":[{"damage":12,"enemies":"Small Slimes","floor":1,"turns":4},{"damage":0,"enemies":"Jaw Worm","floor":2,"turns":4},{"damage":18,"enemies":"Gremlin Nob","floor":6,"turns":4},{"damage":0,"enemies":"Cultist","floor":7,"turns":3},{"damage":6,"enemies":"Blue Slaver","floor":8,"turns":4},{"damage":2,"enemies":"Exordium Wildlife","floor":10,"turns":3},{"damage":9,"enemies":"Red Slaver","floor":11,"turns":3},{"damage":2,"enemies":"Exordium Thugs","floor":12,"turns":3},{"damage":4,"enemies":"The Mushroom Lair","floor":14,"turns":5},{"damage":17,"enemies":"Hexaghost","floor":16,"turns":11},{"damage":1,"enemies":"Spheric Guardian","floor":18,"turns":6},{"damage":12,"enemies":"Shell Parasite","floor":19,"turns":7},{"damage":16,"enemies":"Snecko","floor":21,"turns":6},{"damage":17,"enemies":"Masked Bandits","floor":24,"turns":5},{"damage":23,"enemies":"Slavers","floor":27,"turns":8},{"damage":9,"enemies":"Centurion and Healer","floor":28,"turns":8},{"damage":25,"enemies":"Sentry and Sphere","floor":29,"turns":8},{"damage":3,"enemies":"Shelled Parasite and Fungi","floor":31,"turns":5},{"damage":41,"enemies":"Automaton","floor":33,"turns":11},{"damage":21,"enemies":"3 Darklings","floor":35,"turns":8},{"damage":19,"enemies":"Orb Walker","floor":36,"turns":5},{"damage":25,"enemies":"Sphere and 2 Shapes","floor":37,"turns":6},{"damage":15,"enemies":"Reptomancer","floor":38,"turns":7},{"damage":33,"enemies":"Maw","floor":41,"turns":8},{"damage":28,"enemies":"Nemesis","floor":46,"turns":9},{"damage":27,"enemies":"Spire Growth","floor":48,"turns":5},{"damage":58,"enemies":"Time Eater","floor":50,"turns":7}],"seed_played":"-1614208615527337538","potions_obtained":[{"floor":6,"key":"Weak Potion"},{"floor":7,"key":"Explosive Potion"},{"floor":11,"key":"GamblersBrew"},{"floor":12,"key":"EntropicBrew"},{"floor":14,"key":"AttackPotion"},{"floor":24,"key":"Weak Potion"},{"floor":28,"key":"Ancient Potion"},{"floor":31,"key":"Block Potion"},{"floor":35,"key":"SpeedPotion"},{"floor":41,"key":"Dexterity Potion"}],"is_trial":false,"path_per_floor":["M","M","?","$","?","E","M","M","T","M","M","M","R","?","R","B",null,"M","M","?","M","?","R","?","$","T","E","M","M","R","M","R","B",null,"M","M","M","M","?","R","M","R","T","?","?","E","$","M","R"],"character_chosen":"DEFECT","items_purchased":["Sling","Lantern","Go for the Eyes+1","AttackPotion","Block Potion","Static Discharge"],"campfire_rested":5,"item_purchase_floors":[4,25,47,47,47,47],"current_hp_per_floor":[56,56,56,56,41,23,23,17,17,15,6,11,33,29,51,41,67,73,68,68,59,75,75,65,65,72,56,54,36,36,40,64,30,69,55,43,25,17,72,72,46,67,67,67,67,46,46,26,47,0],"gold":245,"neow_bonus":"","is_prod":false,"is_daily":false,"chose_seed":false,"campfire_upgraded":3,"win_rate":0,"timestamp":1539348480,"path_taken":["M","M","?","?","?","E","M","M","T","?","M","M","R","?","R","BOSS","M","M","?","?","?","R","?","$","T","E","M","M","R","M","R","BOSS","M","M","M","M","?","R","M","R","T","?","?","E","$","M","R","BOSS"],"build_version":"2018-10-11","purchased_purges":2,"victory":false,"max_hp_per_floor":[75,75,75,75,75,75,75,75,75,75,75,75,75,75,75,75,75,75,75,75,75,75,75,75,75,82,82,82,82,82,82,82,82,82,82,82,82,82,72,72,72,72,72,72,72,72,72,72,72,72],"card_choices":[{"not_picked":["Redo","Compile Driver"],"picked":"Chill","floor":1},{"not_picked":["Compile Driver","Coolheaded"],"picked":"Defragment","floor":2},{"not_picked":["Chill","Barrage"],"picked":"Conserve Battery","floor":6},{"not_picked":["Darkness","Redo","Gash"],"picked":"SKIP","floor":7},{"not_picked":["Aggregate","Storm"],"picked":"Ball Lightning","floor":8},{"not_picked":["Hologram","Redo"],"picked":"Cold Snap","floor":10},{"not_picked":["Loop","Redo"],"picked":"Self Repair","floor":11},{"not_picked":["Core Surge","Streamline"],"picked":"Reinforced Body","floor":12},{"not_picked":["Steam","Static Discharge"],"picked":"Go for the Eyes","floor":14},{"not_picked":["Hyperbeam","Thunder Strike"],"picked":"Biased Cognition","floor":16},{"not_picked":["Cold Snap","Compile Driver+1"],"picked":"FTL","floor":18},{"not_picked":["Cold Snap","Reinforced Body","Stack"],"picked":"SKIP","floor":19},{"not_picked":["Double Energy","Compile Driver"],"picked":"Fusion+1","floor":21},{"not_picked":["White Noise","Force Field"],"picked":"Conserve Battery+1","floor":24},{"not_picked":["Fission","Capacitor+1","FTL"],"picked":"SKIP","floor":27},{"not_picked":["Gash","Cold Snap","Genetic Algorithm+1"],"picked":"SKIP","floor":28},{"not_picked":["Conserve Battery","Sweeping Beam"],"picked":"Rainbow","floor":29},{"not_picked":["Rebound","Storm","Coolheaded"],"picked":"SKIP","floor":31},{"not_picked":["Multi-Cast","Amplify"],"picked":"Seek","floor":33},{"not_picked":["Force Field+1","Rip and Tear+1"],"picked":"Static Discharge","floor":35},{"not_picked":["BootSequence","Cold Snap+1"],"picked":"Doom and Gloom+1","floor":36},{"not_picked":["Lockon+1","Force Field"],"picked":"Redo+1","floor":37},{"not_picked":["Leap+1","Storm+1"],"picked":"Redo+1","floor":38},{"not_picked":["Cold Snap","Compile Driver+1"],"picked":"Reinforced Body+1","floor":41},{"not_picked":["Turbo","Redo"],"picked":"Blizzard+1","floor":46},{"not_picked":["Coolheaded+1","Barrage+1"],"picked":"Steam+1","floor":48}],"player_experience":547334,"relics_obtained":[{"floor":6,"key":"Symbiotic Virus"},{"floor":9,"key":"Matryoshka"},{"floor":14,"key":"Odd Mushroom"},{"floor":24,"key":"Red Mask"},{"floor":26,"key":"Strawberry"},{"floor":26,"key":"Vajra"},{"floor":27,"key":"Orichalcum"},{"floor":43,"key":"MawBank"},{"floor":43,"key":"Molten Egg 2"},{"floor":46,"key":"Bag of Marbles"}],"event_choices":[{"event_name":"Liars Game","player_choice":"agreed","floor":3,"damage_taken":0},{"event_name":"Shining Light","player_choice":"Entered Light","floor":5,"damage_taken":0},{"event_name":"Mushrooms","player_choice":"Fought Mushrooms","floor":14,"damage_taken":0},{"event_name":"WeMeetAgain","player_choice":"Potion","floor":20,"damage_taken":0},{"event_name":"The Library","player_choice":"Heal","floor":22,"damage_taken":0},{"event_name":"Masked Bandits","player_choice":"Fought Bandits","floor":24,"damage_taken":0},{"event_name":"The Moai Head","player_choice":"Heal","floor":39,"damage_taken":0},{"event_name":"FaceTrader","player_choice":"Leave","floor":44,"damage_taken":0},{"event_name":"Falling","player_choice":"Removed Skill","floor":45,"damage_taken":0}],"is_beta":false,"boss_relics":[{"not_picked":["Snecko Eye","Eternal Feather"],"picked":"Inserter"},{"not_picked":["Velvet Choker","Runic Pyramid"],"picked":"Nuclear Battery"}],"items_purged_floors":[4,25],"is_endless":false,"potions_floor_spawned":[6,7,11,12,14,18,24,28,31,35,41],"killed_by":"Time Eater","ascension_level":11}