{"gold_per_floor":[12,12,12,187,201,201,263,263,263,280,280,293,327,186,186,285,285,303,319,333,333,349,374,374,387,387,387,387,387],"floor_reached":29,"playtime":1649,"items_purged":["Doubt"],"score":348,"play_id":"998cebff-1e47-4617-8ad6-a28ac8aef0ac","local_time":"20190214182131","is_ascension_mode":true,"campfire_choices":[{"data":"Zap","floor":6,"key":"SMITH"},{"floor":15,"key":"REST"},{"data":"Buffer","floor":24,"key":"SMITH"},{"data":"Conserve Battery","floor":28,"key":"SMITH"}],"neow_cost":"NO_GOLD","seed_source_timestamp":2650804458977800,"circlet_count":0,"master_deck":["Strike_B","Strike_B","Strike_B","Defend_B","Defend_B","Defend_B","Defend_B","Zap+1","Dualcast+1","Conserve Battery+1","Blizzard","Glacier","Capacitor","Conserve Battery","Buffer+1","Glacier","Capacitor","Electrodynamics","Rebound+1","Go for the Eyes+1","Barrage","Writhe","Self Repair","Conserve Battery+1","Scrape+1"],"relics":["Cracked Core","Gambling Chip","Tiny Chest","Anchor","MawBank","Coffee Dripper","Pantograph","Boot","Question Card"],"potions_floor_usage":[7,13,16,23,25],"damage_taken":[{"damage":0,"enemies":"Small Slimes","floor":1,"turns":2},{"damage":3,"enemies":"2 Louse","floor":5,"turns":3},{"damage":24,"enemies":"Gremlin Nob","floor":7,"turns":5},{"damage":0,"enemies":"Cultist","floor":10,"turns":4},{"damage":0,"enemies":"3 Louse","floor":12,"turns":4},{"damage":0,"enemies":"3 Sentries","floor":13,"turns":2},{"damage":40,"enemies":"Hexaghost","floor":16,"turns":19},{"damage":0,"enemies":"Chosen","floor":18,"turns":6},{"damage":12,"enemies":"3 Byrds","floor":19,"turns":3},{"damage":2,"enemies":"Cultist and Chosen","floor":20,"turns":6},{"damage":0,"enemies":"Centurion and Healer","floor":22,"turns":10},{"damage":40,"enemies":"Gremlin Leader","floor":23,"turns":10},{"damage":15,"enemies":"Snake Plant","floor":25,"turns":7},{"damage":17,"enemies":"3 Cultists","floor":29,"turns":4}],"seed_played":"863589690995941123","potions_obtained":[{"floor":5,"key":"Swift Potion"},{"floor":10,"key":"Poison Potion"},{"floor":12,"key":"PowerPotion"},{"floor":19,"key":"Ancient Potion"},{"floor":20,"key":"Weak Potion"},{"floor":23,"key":"SpeedPotion"}],"is_trial":false,"path_per_floor":["M","?","?","?","M","R","E","?","T","M","T","M","E","$","R","B",null,"M","M","M","?","M","E","R","M","T","?","R","M"],"character_chosen":"DEFECT","items_purchased":["Capacitor"],"campfire_rested":1,"item_purchase_floors":[14],"current_hp_per_floor":[75,75,75,75,72,72,48,53,53,53,53,53,53,53,77,37,69,69,57,55,55,55,22,22,14,14,14,14,0],"gold":387,"neow_bonus":"ONE_RARE_RELIC","is_prod":false,"is_daily":false,"chose_seed":false,"campfire_upgraded":3,"win_rate":0,"timestamp":1550193691,"path_taken":["M","?","?","?","M","R","E","?","T","M","?","?","E","$","R","BOSS","M","M","M","?","M","E","R","M","T","?","R","M"],"build_version":"2019-02-06","purchased_purges":1,"victory":false,"max_hp_per_floor":[75,75,75,75,75,75,75,80,80,80,80,80,80,80,80,80,80,80,80,80,80,80,80,80,80,80,80,80,80],"card_choices":[{"not_picked":["Go for the Eyes","Hologram"],"picked":"Conserve Battery","floor":1},{"not_picked":["Beam Cell","Streamline"],"picked":"Glacier","floor":5},{"not_picked":["Gash","Sunder"],"picked":"Capacitor","floor":7},{"not_picked":["Go for the Eyes","Steam Power"],"picked":"Conserve Battery","floor":10},{"not_picked":["Redo","Gash"],"picked":"Buffer","floor":12},{"not_picked":["Genetic Algorithm","Auto Shields"],"picked":"Glacier","floor":13},{"not_picked":["Multi-Cast","Seek"],"picked":"Electrodynamics","floor":16},{"not_picked":["Barrage","Sweeping Beam"],"picked":"Rebound+1","floor":18},{"not_picked":["Stack","Coolheaded"],"picked":"Go for the Eyes+1","floor":19},{"not_picked":["Rebound","Gash"],"picked":"Barrage","floor":20},{"not_picked":["Barrage+1","Steam"],"picked":"Self Repair","floor":22},{"not_picked":["Scrape","Storm"],"picked":"Conserve Battery+1","floor":23},{"not_picked":["Beam Cell","Lockon"],"picked":"Scrape+1","floor":25}],"player_experience":509224,"relics_obtained":[{"floor":7,"key":"Tiny Chest"},{"floor":9,"key":"Anchor"},{"floor":13,"key":"MawBank"},{"floor":23,"key":"Boot"},{"floor":26,"key":"Question Card"}],"event_choices":[{"damage_healed":0,"gold_gain":0,"player_choice":"Leave","damage_taken":0,"max_hp_gain":0,"max_hp_loss":0,"event_name":"The Cleric","floor":2,"gold_loss":0},{"damage_healed":0,"gold_gain":0,"cards_transformed":["Strike_B"],"player_choice":"Change","damage_taken":0,"max_hp_gain":0,"max_hp_loss":0,"event_name":"Living Wall","floor":3,"gold_loss":0,"cards_obtained":["Blizzard"]},{"damage_healed":0,"gold_gain":175,"player_choice":"AGREE","damage_taken":0,"max_hp_gain":0,"max_hp_loss":0,"event_name":"Liars Game","floor":4,"gold_loss":0,"cards_obtained":["Doubt"]},{"damage_healed":0,"gold_gain":0,"player_choice":"Donut","damage_taken":0,"max_hp_gain":5,"max_hp_loss":0,"event_name":"Big Fish","floor":8,"gold_loss":0},{"damage_healed":0,"gold_gain":0,"player_choice":"Opened","damage_taken":0,"relics_obtained":["Pantograph"],"max_hp_gain":0,"max_hp_loss":0,"event_name":"The Mausoleum","floor":21,"gold_loss":0,"cards_obtained":["Writhe"]},{"damage_healed":0,"gold_gain":0,"player_choice":"Forge","damage_taken":0,"max_hp_gain":0,"max_hp_loss":0,"event_name":"Accursed Blacksmith","floor":27,"gold_loss":0,"cards_upgraded":["Dualcast"]}],"is_beta":true,"boss_relics":[{"not_picked":["Velvet Choker","Inserter"],"picked":"Coffee Dripper"}],"items_purged_floors":[14],"is_endless":false,"potions_floor_spawned":[5,10,12,19,20,23],"killed_by":"3 Cultists","ascension_level":5}