{"gold_per_floor":[119,43,43,118,63,89,89,109,109,139,139,167,180,105,105,176,176,189,189,189,189,208,242,252,252,252,252,262,262,282,317,317,317],"floor_reached":33,"playtime":938,"items_purged":["Strike_R"],"score":602,"play_id":"94854022-b838-43e5-bb55-1ef00cc55a1f","local_time":"20190402131113","is_ascension_mode":true,"campfire_choices":[{"data":"Whirlwind","floor":7,"key":"SMITH"},{"data":"Combust","floor":11,"key":"SMITH"},{"data":"Reaper","floor":15,"key":"SMITH"},{"data":"Shockwave","floor":25,"key":"SMITH"},{"data":"Bash","floor":27,"key":"SMITH"},{"data":"Pommel Strike","floor":29,"key":"SMITH"},{"floor":32,"key":"REST"}],"neow_cost":"NONE","seed_source_timestamp":923402953781384,"circlet_count":0,"master_deck":["AscendersBane","Strike_R","Strike_R","Strike_R","Strike_R","Defend_R","Defend_R","Defend_R","Defend_R","Bash+1","Cleave","Ghostly Armor","Uppercut+1","Whirlwind+1","Combust+1","Reaper+1","Feed","Thunderclap","Pommel Strike+1","Shockwave+1","Necronomicurse","Havoc+1","Shrug It Off","Battle Trance","Immolate","Metallicize","Inflame+1"],"relics":["Burning Blood","Art of War","PreservedInsect","Dream Catcher","Gremlin Horn","Orrery","Necronomicon","Blood Vial","Darkstone Periapt","Smiling Mask"],"potions_floor_usage":[6,6,16,22,31,31],"damage_taken":[{"damage":6,"enemies":"Cultist","floor":1,"turns":3},{"damage":12,"enemies":"Gremlin Nob","floor":6,"turns":4},{"damage":0,"enemies":"2 Louse","floor":8,"turns":1},{"damage":20,"enemies":"Lagavulin","floor":10,"turns":5},{"damage":8,"enemies":"Gremlin Nob","floor":12,"turns":3},{"damage":7,"enemies":"Jaw Worm","floor":13,"turns":4},{"damage":37,"enemies":"Slime Boss","floor":16,"turns":9},{"damage":18,"enemies":"Chosen","floor":18,"turns":6},{"damage":8,"enemies":"Spheric Guardian","floor":22,"turns":3},{"damage":49,"enemies":"Slavers","floor":23,"turns":3},{"damage":8,"enemies":"3 Cultists","floor":24,"turns":4},{"damage":20,"enemies":"Snecko","floor":28,"turns":4},{"damage":38,"enemies":"Shelled Parasite and Fungi","floor":30,"turns":7},{"damage":32,"enemies":"Book of Stabbing","floor":31,"turns":4},{"damage":44,"enemies":"Champ","floor":33,"turns":5}],"seed_played":"-2862154499992455285","potions_obtained":[{"floor":1,"key":"Block Potion"},{"floor":8,"key":"Poison Potion"},{"floor":10,"key":"Swift Potion"},{"floor":18,"key":"Fire Potion"},{"floor":22,"key":"Dexterity Potion"}],"is_trial":false,"path_per_floor":["M","$","?","?","$","E","R","M","T","E","R","E","M","$","R","B",null,"M","?","?","?","M","E","M","R","T","R","M","R","M","E","R","B"],"character_chosen":"IRONCLAD","items_purchased":["Uppercut","Fire Potion"],"campfire_rested":1,"item_purchase_floors":[2,5],"current_hp_per_floor":[68,68,68,57,57,51,51,57,57,43,43,41,44,44,44,13,60,52,31,31,46,44,31,51,51,51,51,39,39,29,19,41,0],"gold":317,"neow_bonus":"THREE_CARDS","is_prod":false,"is_daily":false,"chose_seed":false,"campfire_upgraded":6,"win_rate":0,"timestamp":1554203473,"path_taken":["M","?","?","?","$","E","R","?","T","E","R","E","?","?","R","BOSS","M","?","?","?","M","E","M","R","T","R","?","R","M","E","R","BOSS"],"build_version":"2019-01-23","purchased_purges":1,"victory":false,"max_hp_per_floor":[75,75,75,75,75,75,75,75,75,75,75,75,75,75,75,75,75,75,75,75,75,75,75,75,75,75,75,75,75,75,75,75,75],"card_choices":[{"not_picked":["Seeing Red","Clash"],"picked":"Cleave","floor":0},{"not_picked":["Dropkick","Heavy Blade"],"picked":"Ghostly Armor","floor":1},{"not_picked":["Searing Blow","Bloodletting"],"picked":"Whirlwind","floor":6},{"not_picked":["Iron Wave","Cleave","Dual Wield"],"picked":"SKIP","floor":8},{"not_picked":["Seeing Red","Sword Boomerang"],"picked":"Combust","floor":10},{"not_picked":["Cleave","Carnage"],"picked":"Reaper","floor":12},{"not_picked":["Sword Boomerang","Clash","Dual Wield"],"picked":"SKIP","floor":13},{"not_picked":["Double Tap","Juggernaut"],"picked":"Feed","floor":16},{"not_picked":["Havoc","Juggernaut"],"picked":"Thunderclap","floor":17},{"not_picked":["Heavy Blade","Dropkick"],"picked":"Pommel Strike","floor":17},{"not_picked":["Perfected Strike","Wild Strike"],"picked":"Shockwave","floor":17},{"not_picked":["Warcry","Flex","Perfected Strike"],"picked":"SKIP","floor":18},{"not_picked":["Anger","Twin Strike"],"picked":"Havoc+1","floor":22},{"not_picked":["Iron Wave","Sword Boomerang","Shockwave"],"picked":"SKIP","floor":23},{"not_picked":["Reckless Charge","Infernal Blade"],"picked":"Shrug It Off","floor":24},{"not_picked":["Thunderclap","Flex"],"picked":"Battle Trance","floor":28},{"not_picked":["Shrug It Off","Iron Wave"],"picked":"Immolate","floor":30},{"not_picked":["Rage","Rampage"],"picked":"Metallicize","floor":31},{"not_picked":["Twin Strike","Wild Strike"],"picked":"Inflame+1","floor":32}],"player_experience":1408824,"relics_obtained":[{"floor":6,"key":"Art of War"},{"floor":9,"key":"PreservedInsect"},{"floor":10,"key":"Dream Catcher"},{"floor":12,"key":"Gremlin Horn"},{"floor":19,"key":"Necronomicon"},{"floor":23,"key":"Blood Vial"},{"floor":26,"key":"Darkstone Periapt"},{"floor":31,"key":"Smiling Mask"}],"event_choices":[{"damage_healed":0,"gold_gain":0,"player_choice":"Grow","damage_taken":0,"max_hp_gain":0,"max_hp_loss":0,"event_name":"Living Wall","floor":3,"gold_loss":0,"cards_upgraded":["Uppercut"]},{"damage_healed":0,"gold_gain":75,"player_choice":"Gather Gold","damage_taken":11,"max_hp_gain":0,"max_hp_loss":0,"event_name":"World of Goop","floor":4,"gold_loss":0},{"damage_healed":0,"gold_gain":0,"player_choice":"Obtained Book","damage_taken":21,"max_hp_gain":0,"max_hp_loss":0,"event_name":"Cursed Tome","floor":19,"gold_loss":0},{"damage_healed":0,"gold_gain":0,"player_choice":"Ignored","damage_taken":0,"max_hp_gain":0,"max_hp_loss":0,"event_name":"Vampires","floor":20,"gold_loss":0},{"damage_healed":15,"gold_gain":0,"player_choice":"Heal","damage_taken":0,"max_hp_gain":0,"max_hp_loss":0,"event_name":"The Library","floor":21,"gold_loss":0}],"is_beta":false,"boss_relics":[{"not_picked":["Mark of Pain","Lizard Tail"],"picked":"Orrery"}],"items_purged_floors":[14],"is_endless":false,"potions_floor_spawned":[1,8,10,13,18,22,23,28],"killed_by":"Champ","ascension_level":20}