{"gold_per_floor":[10,26,26,0,17,17,29,59,82,7,7,26,54,66,66,143,143,163,163,163,173,189,189,189],"floor_reached":24,"playtime":1005,"items_purged":["Strike_G"],"score":416,"play_id":"4a0cd5e3-3032-4ff1-b816-8407db1f06d0","local_time":"20181226122415","is_ascension_mode":true,"campfire_choices":[{"data":"Neutralize","floor":6.0,"key":"SMITH"},{"data":"Quick Slash","floor":11.0,"key":"SMITH"},{"floor":15.0,"key":"REST"},{"floor":23,"key":"RECALL"}],"neow_cost":"NO_GOLD","seed_source_timestamp":0,"circlet_count":0,"master_deck":["AscendersBane","Defend_G+1","Defend_G+1","Defend_G+1","Defend_G+1","Defend_G+1","Strike_G+1","Strike_G+1","Survivor","Neutralize+1","Terror","Choke","Quick Slash+1","Leg Sweep","Burst","Bullet Time","Backflip","Noxious Fumes+1"],"special_seed":0,"relics":["Ring of the Snake","Regal Pillow","Boot","Bag of Preparation","Pocketwatch","Fusion Hammer"],"potions_floor_usage":[16,16,24,24],"damage_taken":[{"damage":0.0,"enemies":"Cultist","floor":1.0,"turns":3.0},{"damage":0.0,"enemies":"2 Louse","floor":2.0,"turns":4.0},{"damage":0.0,"enemies":"Small Slimes","floor":5.0,"turns":3.0},{"damage":9.0,"enemies":"2 Fungi Beasts","floor":7.0,"turns":5.0},{"damage":21.0,"enemies":"Gremlin Nob","floor":8.0,"turns":4.0},{"damage":0.0,"enemies":"Red Slaver","floor":12.0,"turns":7.0},{"damage":17.0,"enemies":"3 Sentries","floor":13.0,"turns":11.0},{"damage":1.0,"enemies":"3 Louse","floor":14.0,"turns":3.0},{"damage":15,"enemies":"Slime Boss","floor":16,"turns":12},{"damage":0,"enemies":"2 Thieves","floor":18,"turns":3},{"damage":4,"enemies":"Spheric Guardian","floor":21,"turns":5},{"damage":1,"enemies":"Snake Plant","floor":22,"turns":5},{"damage":53,"enemies":"Book of Stabbing","floor":24,"turns":5}],"seed_played":"-6815740684812168196","potions_obtained":[{"floor":7.0,"key":"Strength Potion"},{"floor":12.0,"key":"Energy Potion"},{"floor":13.0,"key":"Strength Potion"},{"floor":18,"key":"Poison Potion"},{"floor":21,"key":"Energy Potion"}],"is_trial":false,"path_per_floor":["M","M","?","?","M","R","M","E","T","$","R","M","E","M","R","B",null,"M","?","?","M","M","R","E"],"character_chosen":"THE_SILENT","items_purchased":[],"campfire_rested":1,"item_purchase_floors":[],"current_hp_per_floor":[59,59,54,54,54,54,45,24,24,24,24,24,7,6,40,25,56,56,56,56,52,51,51,0],"gold":189,"neow_bonus":"TRANSFORM_TWO_CARDS","is_prod":false,"is_daily":false,"chose_seed":false,"campfire_upgraded":2,"win_rate":0,"timestamp":1545823455,"path_taken":["M","M","?","?","M","R","M","E","T","$","R","M","E","M","R","BOSS","M","?","?","M","M","R","E"],"build_version":"2018-12-20","purchased_purges":1,"victory":false,"max_hp_per_floor":[66,66,66,66,66,66,66,66,66,66,66,66,66,66,66,66,66,66,66,66,66,66,66,66],"card_choices":[{"not_picked":["Bane","Underhanded Strike","Infinite Blades"],"picked":"SKIP","floor":1.0},{"not_picked":["Deflect","Deadly Poison"],"picked":"Quick Slash","floor":2.0},{"not_picked":["Dagger Spray","Eviscerate"],"picked":"Leg Sweep","floor":5.0},{"not_picked":["Endless Agony","Cloak And Dagger","Dagger Throw"],"picked":"SKIP","floor":7.0},{"not_picked":["Finisher","Prepared","Terror"],"picked":"SKIP","floor":8.0},{"not_picked":["Dagger Throw","Underhanded Strike","Backflip"],"picked":"SKIP","floor":12.0},{"not_picked":["Deflect","Backflip"],"picked":"Burst","floor":13.0},{"not_picked":["Choke","Tactician","Poisoned Stab"],"picked":"SKIP","floor":14.0},{"not_picked":["Night Terror","Adrenaline"],"picked":"Bullet Time","floor":16},{"not_picked":["Deflect","Tactician"],"picked":"Backflip","floor":18},{"not_picked":["Dodge and Roll+1","Tactician"],"picked":"Noxious Fumes+1","floor":21},{"not_picked":["Deadly Poison","Poisoned Stab","Outmaneuver"],"picked":"SKIP","floor":22}],"player_experience":1020330,"relics_obtained":[{"floor":8.0,"key":"Boot"},{"floor":9.0,"key":"Bag of Preparation"},{"floor":13.0,"key":"Pocketwatch"}],"event_choices":[{"damage_healed":0.0,"max_hp_gain":0.0,"max_hp_loss":0.0,"gold_gain":0.0,"event_name":"Scrap Ooze","player_choice":"Success","floor":3.0,"gold_loss":0.0,"damage_taken":5.0,"relics_obtained":["Regal Pillow"]},{"damage_healed":0.0,"max_hp_gain":0.0,"max_hp_loss":0.0,"gold_gain":0.0,"event_name":"World of Goop","player_choice":"Left Gold","floor":4.0,"gold_loss":26.0,"damage_taken":0.0},{"damage_healed":0,"gold_gain":0,"player_choice":"Simplicity","damage_taken":0,"max_hp_gain":0,"max_hp_loss":0,"event_name":"Back to Basics","floor":19,"gold_loss":0,"cards_upgraded":["Defend_G","Defend_G","Defend_G","Defend_G","Defend_G","Strike_G","Strike_G"]},{"damage_healed":0,"gold_gain":0,"player_choice":"Ignored","damage_taken":0,"max_hp_gain":0,"max_hp_loss":0,"event_name":"Beggar","floor":20,"gold_loss":0}],"is_beta":false,"boss_relics":[{"not_picked":["Empty Cage","Pandora\u0027s Box"],"picked":"Fusion Hammer"}],"items_purged_floors":[10],"is_endless":false,"potions_floor_spawned":[7,12,13,18,21,22],"killed_by":"Book of Stabbing","ascension_level":20}