{"gold_per_floor":[119,138,138,55,68,68,99,99,99,99,99,163,175,200,212,224],"floor_reached":16,"playtime":344,"items_purged":[],"score":196,"play_id":"46e742c3-ff85-410b-bb21-8291a58b65cd","local_time":"20190208140101","is_ascension_mode":true,"campfire_choices":[{"data":"Armaments","floor":6,"key":"SMITH"},{"data":"Uppercut","floor":8,"key":"SMITH"},{"floor":10,"key":"DIG"},{"floor":13,"key":"REST"},{"floor":15,"key":"REST"}],"neow_cost":"TEN_PERCENT_HP_LOSS","seed_source_timestamp":873839994954018,"circlet_count":0,"master_deck":["AscendersBane","Strike_R","Strike_R","Strike_R","Strike_R","Defend_R","Defend_R","Defend_R","Bash","Pommel Strike","Armaments+1","Headbutt","Uppercut+1"],"relics":["Burning Blood","Golden Idol","Ginger","Shovel","Kunai","MawBank"],"potions_floor_usage":[7,14],"damage_taken":[{"damage":4,"enemies":"Small Slimes","floor":1,"turns":5},{"damage":9,"enemies":"2 Louse","floor":2,"turns":4},{"damage":1,"enemies":"Cultist","floor":5,"turns":3},{"damage":20,"enemies":"Gremlin Nob","floor":7,"turns":4},{"damage":15,"enemies":"Lots of Slimes","floor":14,"turns":4},{"damage":52,"enemies":"Slime Boss","floor":16,"turns":6}],"seed_played":"-4879032983859502020","potions_obtained":[{"floor":5,"key":"Block Potion"},{"floor":7,"key":"Energy Potion"},{"floor":14,"key":"EssenceOfSteel"}],"is_trial":false,"path_per_floor":["M","M","?","$","M","R","E","R","T","R","?","?","R","M","R","B"],"character_chosen":"IRONCLAD","items_purchased":["Armaments","FearPotion"],"campfire_rested":2,"item_purchase_floors":[4,4],"current_hp_per_floor":[68,65,62,62,62,62,48,48,48,48,13,13,31,22,40,0],"gold":224,"neow_bonus":"REMOVE_TWO","is_prod":false,"is_daily":false,"chose_seed":false,"campfire_upgraded":2,"win_rate":0,"timestamp":1549630861,"path_taken":["M","M","?","$","M","R","E","R","T","R","?","?","R","M","R","BOSS"],"build_version":"2019-01-23","purchased_purges":0,"victory":false,"max_hp_per_floor":[68,68,62,62,62,62,62,62,62,62,62,62,62,62,62,62],"card_choices":[{"not_picked":["Heavy Blade","Clash","Flex"],"picked":"SKIP","floor":1},{"not_picked":["Thunderclap","Infernal Blade"],"picked":"Pommel Strike","floor":2},{"not_picked":["Cleave","Twin Strike"],"picked":"Headbutt","floor":5},{"not_picked":["Entrench","Headbutt"],"picked":"Uppercut","floor":7},{"not_picked":["Carnage","Armaments","Perfected Strike"],"picked":"SKIP","floor":14}],"player_experience":1315097,"relics_obtained":[{"floor":7,"key":"Ginger"},{"floor":9,"key":"Shovel"},{"floor":10,"key":"Kunai"}],"event_choices":[{"damage_healed":0,"gold_gain":0,"player_choice":"Lose Max HP","damage_taken":0,"relics_obtained":["Golden Idol"],"max_hp_gain":0,"max_hp_loss":6,"event_name":"Golden Idol","floor":3,"gold_loss":0},{"damage_healed":0,"gold_gain":0,"player_choice":"Success","damage_taken":35,"relics_obtained":["MawBank"],"max_hp_gain":0,"max_hp_loss":0,"event_name":"Scrap Ooze","floor":11,"gold_loss":0},{"damage_healed":0,"gold_gain":52,"player_choice":"Gained Gold","damage_taken":0,"max_hp_gain":0,"max_hp_loss":0,"event_name":"Golden Wing","floor":12,"gold_loss":0}],"is_beta":false,"boss_relics":[],"items_purged_floors":[],"is_endless":false,"potions_floor_spawned":[5,7,14],"killed_by":"Slime Boss","ascension_level":20}