{"gold_per_floor":[119,139,22,35,49,77,77,111,111,111,41,41,59,83,83,212,212,235,8,23,23,47,91,91,124,148,148,173,173,196,214,214,337,337,337,337,227,560,560,560,589,606,653,653],"floor_reached":44,"playtime":2803,"items_purged":["Strike_G"],"score":684,"play_id":"b823febf-419e-49ff-9eb1-b942f9f76823","local_time":"20190310182520","is_ascension_mode":true,"campfire_choices":[{"floor":10,"key":"REST"},{"floor":15,"key":"REST"},{"floor":24,"key":"REST"},{"floor":29,"key":"REST"},{"floor":32,"key":"REST"},{"data":"Strike_G","floor":40,"key":"PURGE"}],"neow_cost":"NONE","seed_source_timestamp":1094173547701800,"circlet_count":0,"master_deck":["Defend_G","Defend_G","Defend_G","Defend_G","Defend_G","Strike_G","Strike_G","Strike_G","Survivor","Neutralize","Cloak And Dagger","Infinite Blades","Infinite Blades","Dagger Throw","Backflip","Caltrops","Accuracy","Backstab","A Thousand Cuts","Dash","Venomology","Cloak And Dagger","Panache","Slice","PiercingWail","PiercingWail+1","Backflip+1","Dagger Throw","Sucker Punch+1","Doppelganger","Terror","Unload","Footwork","Good Instincts","Bandage Up","Finesse","Dagger Throw+1"],"relics":["WristBlade","Peace Pipe","Du-Vu Doll","Tough Bandages","Gremlin Horn","Philosopher\u0027s Stone","Pear","Omamori","Pen Nib","Black Star","Sundial","Bottled Tornado"],"potions_floor_usage":[6,6,16,22,22,22,25,25,25,25,30,33,33,35,35,41,41,42,44,44],"damage_taken":[{"damage":0,"enemies":"Jaw Worm","floor":1,"turns":4},{"damage":0,"enemies":"Cultist","floor":2,"turns":4},{"damage":0,"enemies":"Small Slimes","floor":4,"turns":3},{"damage":0,"enemies":"Looter","floor":5,"turns":4},{"damage":15,"enemies":"Lagavulin","floor":6,"turns":6},{"damage":35,"enemies":"Gremlin Nob","floor":8,"turns":5},{"damage":0,"enemies":"Large Slime","floor":13,"turns":3},{"damage":8,"enemies":"Blue Slaver","floor":14,"turns":3},{"damage":14,"enemies":"Hexaghost","floor":16,"turns":8},{"damage":10,"enemies":"Chosen","floor":18,"turns":4},{"damage":18,"enemies":"2 Thieves","floor":20,"turns":4},{"damage":26,"enemies":"Snake Plant","floor":22,"turns":2},{"damage":4,"enemies":"Gremlin Leader","floor":23,"turns":6},{"damage":5,"enemies":"Book of Stabbing","floor":25,"turns":6},{"damage":12,"enemies":"Sentry and Sphere","floor":28,"turns":5},{"damage":15,"enemies":"Cultist and Chosen","floor":30,"turns":5},{"damage":0,"enemies":"Snake Plant","floor":31,"turns":4},{"damage":32,"enemies":"Automaton","floor":33,"turns":8},{"damage":0,"enemies":"3 Darklings","floor":35,"turns":4},{"damage":49,"enemies":"Nemesis","floor":41,"turns":9},{"damage":4,"enemies":"3 Shapes","floor":42,"turns":4},{"damage":44,"enemies":"Giant Head","floor":44,"turns":7}],"seed_played":"6044219327695165372","potions_obtained":[{"floor":2,"key":"PowerPotion"},{"floor":5,"key":"SpeedPotion"},{"floor":13,"key":"SteroidPotion"},{"floor":14,"key":"SpeedPotion"},{"floor":23,"key":"AttackPotion"},{"floor":25,"key":"SmokeBomb"},{"floor":30,"key":"SkillPotion"},{"floor":41,"key":"AttackPotion"}],"is_trial":false,"path_per_floor":["M","M","$","M","M","E","?","E","T","R","$","?","M","M","R","B",null,"M","$","M","?","M","E","R","E","T","?","M","R","M","M","R","B",null,"M","?","$","?","?","R","E","M","T","E"],"character_chosen":"THE_SILENT","items_purchased":["Infinite Blades","Cloak And Dagger","Backstab","Panache","Slice","Footwork"],"campfire_rested":5,"item_purchase_floors":[3,3,11,19,19,37],"current_hp_per_floor":[63,63,63,63,63,48,48,13,13,34,34,34,34,26,47,33,61,51,51,33,33,7,13,37,32,32,32,20,44,43,43,67,35,69,69,69,69,69,59,59,29,29,29,0],"gold":653,"neow_bonus":"BOSS_RELIC","is_prod":false,"is_daily":false,"chose_seed":false,"campfire_upgraded":0,"win_rate":0,"timestamp":1552267520,"path_taken":["M","M","$","M","M","E","?","E","T","R","$","?","M","M","R","BOSS","M","$","M","?","M","E","R","E","T","?","M","R","M","?","R","BOSS","M","?","$","?","?","R","E","M","T","E"],"build_version":"2019-02-06","purchased_purges":1,"victory":false,"max_hp_per_floor":[70,70,70,70,70,70,70,70,70,70,70,70,70,70,70,70,70,70,70,70,70,70,80,80,80,80,80,80,80,80,80,80,80,80,80,80,80,80,80,80,80,80,80,80],"card_choices":[{"not_picked":["PiercingWail","Poisoned Stab"],"picked":"Cloak And Dagger","floor":1},{"not_picked":["Dodge and Roll","PiercingWail"],"picked":"Infinite Blades","floor":2},{"not_picked":["Flying Knee","Deadly Poison"],"picked":"Dagger Throw","floor":4},{"not_picked":["Choke","Dagger Throw"],"picked":"Backflip","floor":5},{"not_picked":["Dagger Throw","Poisoned Stab"],"picked":"Caltrops","floor":6},{"not_picked":["Deadly Poison","Deflect"],"picked":"Accuracy","floor":8},{"not_picked":["Flying Knee","Escape Plan"],"picked":"A Thousand Cuts","floor":13},{"not_picked":["Flying Knee","Concentrate"],"picked":"Dash","floor":14},{"not_picked":["Night Terror","Grand Finale"],"picked":"Venomology","floor":16},{"not_picked":["Flying Knee+1","Accuracy"],"picked":"Cloak And Dagger","floor":18},{"not_picked":["Dagger Throw","Dagger Spray"],"picked":"PiercingWail","floor":20},{"not_picked":["Dagger Spray","Underhanded Strike"],"picked":"PiercingWail+1","floor":22},{"not_picked":["Skewer","Tactician+1"],"picked":"Backflip+1","floor":23},{"not_picked":["Bane","Acrobatics"],"picked":"Dagger Throw","floor":25},{"not_picked":["Dodge and Roll","Quick Slash+1"],"picked":"Sucker Punch+1","floor":28},{"not_picked":["Endless Agony","Sucker Punch"],"picked":"Doppelganger","floor":30},{"not_picked":["Distraction","Bane+1"],"picked":"Terror","floor":31},{"not_picked":["Grand Finale","Glass Knife"],"picked":"Unload","floor":33},{"not_picked":["Metamorphosis","Impatience"],"picked":"Good Instincts","floor":39},{"not_picked":["Impatience","Magnetism"],"picked":"Bandage Up","floor":39},{"not_picked":["The Bomb","Trip"],"picked":"Finesse","floor":39},{"not_picked":["Dagger Spray","Acrobatics+1","Eviscerate+1"],"picked":"SKIP","floor":41},{"not_picked":["Eviscerate","Outmaneuver"],"picked":"Dagger Throw+1","floor":42}],"player_experience":626470,"relics_obtained":[{"floor":6,"key":"Peace Pipe"},{"floor":8,"key":"Du-Vu Doll"},{"floor":9,"key":"Tough Bandages"},{"floor":23,"key":"Pear"},{"floor":25,"key":"Omamori"},{"floor":26,"key":"Pen Nib"},{"floor":41,"key":"Sundial"},{"floor":41,"key":"Bottled Tornado"}],"event_choices":[{"damage_healed":0,"gold_gain":0,"player_choice":"Take Wound","damage_taken":0,"relics_obtained":["Golden Idol"],"max_hp_gain":0,"max_hp_loss":0,"event_name":"Golden Idol","floor":7,"gold_loss":0,"cards_obtained":["Injury"]},{"cards_removed":["Cloak And Dagger"],"damage_healed":0,"gold_gain":0,"player_choice":"Gave Card","damage_taken":0,"relics_obtained":["Gremlin Horn"],"max_hp_gain":0,"max_hp_loss":0,"event_name":"WeMeetAgain","floor":12,"gold_loss":0},{"damage_healed":0,"gold_gain":0,"player_choice":"Ignored","damage_taken":0,"max_hp_gain":0,"max_hp_loss":0,"event_name":"Ghosts","floor":21,"gold_loss":0},{"cards_removed":["Injury"],"damage_healed":0,"gold_gain":0,"player_choice":"Removed Curses","damage_taken":0,"max_hp_gain":0,"max_hp_loss":0,"event_name":"Fountain of Cleansing","floor":27,"gold_loss":0},{"damage_healed":0,"gold_gain":0,"player_choice":"Ignored","damage_taken":0,"max_hp_gain":0,"max_hp_loss":0,"event_name":"Tomb of Lord Red Mask","floor":36,"gold_loss":0},{"damage_healed":0,"gold_gain":333,"player_choice":"Gave Idol","damage_taken":0,"max_hp_gain":0,"max_hp_loss":0,"event_name":"The Moai Head","floor":38,"relics_lost":["Golden Idol"],"gold_loss":0},{"damage_healed":0,"gold_gain":0,"player_choice":"Memory 3","damage_taken":10,"max_hp_gain":0,"max_hp_loss":0,"event_name":"SensoryStone","floor":39,"gold_loss":0}],"is_beta":true,"boss_relics":[{"not_picked":["Lizard Tail","Tiny House"],"picked":"Philosopher\u0027s Stone"},{"not_picked":["Runic Dome","Runic Pyramid"],"picked":"Black Star"}],"items_purged_floors":[37],"is_endless":false,"potions_floor_spawned":[2,5,13,14,23,25,30,41],"killed_by":"Giant Head","ascension_level":6}