{"gold_per_floor":[113,133,145,161,50,78,90,115,154,186,198,220,232,262,274,389,401,425,437,464,42,72,72,91,119,187,187,221,72,72,106,106,209,209,223,72,72,92,107,107,126,138,138,156,171,171,171,181,181,181,181,181,56,87,87],"floor_reached":56,"playtime":2555,"items_purged":["Strike_B","Strike_B","Strike_B"],"score":1243,"play_id":"fc95c8e4-81cb-498c-ac1c-4e3fc996bd3f","local_time":"20181113145129","is_ascension_mode":false,"campfire_choices":[{"data":"Defragment","floor":7,"key":"SMITH"},{"data":"Defragment","floor":11,"key":"SMITH"},{"data":"Zap","floor":13,"key":"SMITH"},{"floor":15,"key":"REST"},{"data":"Loop","floor":23,"key":"SMITH"},{"data":"Glacier","floor":27,"key":"SMITH"},{"floor":32,"key":"REST"},{"data":"Go for the Eyes","floor":40,"key":"SMITH"},{"floor":46,"key":"RECALL"},{"data":"Biased Cognition","floor":49,"key":"SMITH"},{"data":"Gash","floor":52,"key":"SMITH"}],"neow_cost":"NONE","seed_source_timestamp":72991568197015,"circlet_count":0,"master_deck":["Strike_B","Defend_B","Defend_B","Defend_B","Defend_B","Zap+1","Dualcast","Gash+1","Cold Snap","Beam Cell","Compile Driver","Defragment+1","Sweeping Beam","Go for the Eyes+1","Defragment+1","Conserve Battery","Electrodynamics","Cold Snap","Glacier+1","Core Surge","Loop+1","Compile Driver+1","Self Repair+1","Biased Cognition+1","Reinforced Body+1","Compile Driver+1","Parasite","FTL","Blizzard+1","Chill","Normality","Coolheaded+1","Melter+1"],"relics":["Cracked Core","Orichalcum","MawBank","Centennial Puzzle","Nuclear Battery","Ice Cream","Red Mask","Regal Pillow","Letter Opener","Oddly Smooth Stone","Bronze Scales","Blue Candle","Cursed Key","Calipers"],"potions_floor_usage":[55,55,55],"damage_taken":[{"damage":0,"enemies":"Cultist","floor":1,"turns":3},{"damage":1,"enemies":"Jaw Worm","floor":2,"turns":2},{"damage":0,"enemies":"2 Louse","floor":3,"turns":2},{"damage":4,"enemies":"Blue Slaver","floor":4,"turns":3},{"damage":21,"enemies":"Lagavulin","floor":6,"turns":5},{"damage":2,"enemies":"2 Fungi Beasts","floor":8,"turns":2},{"damage":0,"enemies":"Exordium Thugs","floor":10,"turns":3},{"damage":9,"enemies":"Exordium Wildlife","floor":12,"turns":4},{"damage":9,"enemies":"Lots of Slimes","floor":14,"turns":2},{"damage":4,"enemies":"Slime Boss","floor":16,"turns":9},{"damage":8,"enemies":"2 Thieves","floor":18,"turns":2},{"damage":2,"enemies":"Spheric Guardian","floor":20,"turns":4},{"damage":0,"enemies":"Masked Bandits","floor":22,"turns":2},{"damage":5,"enemies":"Snake Plant","floor":24,"turns":3},{"damage":2,"enemies":"Book of Stabbing","floor":25,"turns":5},{"damage":0,"enemies":"Gremlin Leader","floor":28,"turns":4},{"damage":30,"enemies":"Book of Stabbing","floor":31,"turns":5},{"damage":19,"enemies":"Collector","floor":33,"turns":14},{"damage":0,"enemies":"3 Shapes","floor":35,"turns":3},{"damage":1,"enemies":"3 Darklings","floor":38,"turns":4},{"damage":6,"enemies":"Writhing Mass","floor":39,"turns":8},{"damage":12,"enemies":"4 Shapes","floor":41,"turns":3},{"damage":1,"enemies":"Sphere and 2 Shapes","floor":42,"turns":3},{"damage":5,"enemies":"Transient","floor":44,"turns":5},{"damage":2,"enemies":"3 Darklings","floor":45,"turns":7},{"damage":2,"enemies":"Spire Growth","floor":48,"turns":6},{"damage":54,"enemies":"Donu and Deca","floor":50,"turns":11},{"damage":46,"enemies":"Shield and Spear","floor":54,"turns":8},{"damage":13,"enemies":"The Heart","floor":55,"turns":12}],"seed_played":"4630265119330397600","potions_obtained":[{"floor":1,"key":"SkillPotion"},{"floor":2,"key":"FairyPotion"},{"floor":8,"key":"Regen Potion"},{"floor":12,"key":"Swift Potion"},{"floor":25,"key":"PowerPotion"},{"floor":28,"key":"FocusPotion"},{"floor":31,"key":"LiquidBronze"},{"floor":41,"key":"FocusPotion"}],"is_trial":false,"path_per_floor":["M","M","M","M","$","E","R","M","T","M","R","M","R","M","R","B",null,"M","?","M","$","?","R","M","E","T","R","E","$","?","E","R","B",null,"M","$","?","M","M","R","M","M","T","M","M","R","$","M","R","B",null,"R","$","E","B",null],"character_chosen":"DEFECT","items_purchased":["Defragment","Ice Cream","Core Surge","Bronze Scales","Coolheaded"],"campfire_rested":2,"item_purchase_floors":[5,21,21,29,36],"current_hp_per_floor":[75,74,74,70,70,49,49,47,47,47,47,38,38,29,51,47,75,67,67,65,65,65,65,60,58,58,58,58,58,58,28,65,56,75,75,75,75,75,75,75,73,72,72,75,73,73,73,75,75,31,75,75,75,39,36],"gold":87,"neow_bonus":"RANDOM_COMMON_RELIC","is_prod":false,"is_daily":false,"chose_seed":false,"campfire_upgraded":8,"win_rate":0,"timestamp":1542117089,"path_taken":["M","M","M","M","$","E","R","?","T","?","R","M","R","M","R","BOSS","M","?","M","$","?","R","M","E","T","R","E","?","?","E","R","BOSS","M","$","?","M","M","R","M","M","T","M","M","R","$","M","R","BOSS","R","$","E","BOSS"],"build_version":"2018-11-12","purchased_purges":3,"victory":true,"max_hp_per_floor":[75,75,75,75,75,75,75,75,75,75,75,75,75,75,75,75,75,75,75,75,75,75,75,75,75,75,75,75,75,75,75,75,75,75,75,75,75,75,75,75,75,75,75,75,75,75,75,75,75,75,75,75,75,75,75],"card_choices":[{"not_picked":["Steam Power","Barrage"],"picked":"Gash","floor":1},{"not_picked":["Beam Cell","Leap"],"picked":"Cold Snap","floor":2},{"not_picked":["Barrage","Coolheaded"],"picked":"Beam Cell","floor":3},{"not_picked":["Streamline","Sweeping Beam"],"picked":"Compile Driver","floor":4},{"not_picked":["Steam","Redo"],"picked":"Sweeping Beam","floor":6},{"not_picked":["Darkness","Meteor Strike"],"picked":"Go for the Eyes","floor":8},{"not_picked":["Undo","BootSequence"],"picked":"Defragment","floor":10},{"not_picked":["Redo","Steam","Go for the Eyes"],"picked":"SKIP","floor":12},{"not_picked":["Chaos","Sunder"],"picked":"Conserve Battery","floor":14},{"not_picked":["Meteor Strike","Echo Form"],"picked":"Electrodynamics","floor":16},{"not_picked":["Rebound","Conserve Battery"],"picked":"Cold Snap","floor":18},{"not_picked":["Lockon+1","Reprogram","Gash"],"picked":"SKIP","floor":20},{"not_picked":["Static Discharge","Stack"],"picked":"Loop","floor":22},{"not_picked":["Go for the Eyes","Leap","Hello World+1"],"picked":"SKIP","floor":24},{"not_picked":["Cold Snap+1","Leap+1"],"picked":"Compile Driver+1","floor":25},{"not_picked":["Amplify","Heatsinks","Conserve Battery"],"picked":"SKIP","floor":28},{"not_picked":["Hello World","Compile Driver"],"picked":"Self Repair+1","floor":31},{"not_picked":["Rainbow","Amplify"],"picked":"Biased Cognition","floor":33},{"not_picked":["Gash+1","Force Field"],"picked":"Reinforced Body+1","floor":35},{"not_picked":["Hello World","Turbo+1"],"picked":"Compile Driver+1","floor":38},{"not_picked":["Doom and Gloom+1","Conserve Battery"],"picked":"FTL","floor":39},{"not_picked":["Hologram+1","Sunder"],"picked":"Blizzard+1","floor":41},{"not_picked":["Compile Driver","Gash"],"picked":"Chill","floor":42},{"not_picked":["Reinforced Body","Rebound+1"],"picked":"Coolheaded+1","floor":44},{"not_picked":["Reprogram+1","Coolheaded","Rebound"],"picked":"SKIP","floor":45},{"not_picked":["Cold Snap","Streamline"],"picked":"Melter+1","floor":48},{"not_picked":["Amplify","Rip and Tear+1","Steam Power"],"picked":"SKIP","floor":54}],"player_experience":762027,"relics_obtained":[{"floor":6,"key":"MawBank"},{"floor":9,"key":"Centennial Puzzle"},{"floor":22,"key":"Red Mask"},{"floor":25,"key":"Regal Pillow"},{"floor":26,"key":"Letter Opener"},{"floor":28,"key":"Oddly Smooth Stone"},{"floor":31,"key":"Blue Candle"},{"floor":54,"key":"Calipers"}],"event_choices":[{"damage_healed":0,"gold_gain":0,"player_choice":"Read","damage_taken":0,"max_hp_gain":0,"max_hp_loss":0,"event_name":"The Library","floor":19,"gold_loss":0,"cards_obtained":["Glacier"]},{"damage_healed":0,"gold_gain":0,"player_choice":"Fought Bandits","damage_taken":0,"max_hp_gain":0,"max_hp_loss":0,"event_name":"Masked Bandits","floor":22,"gold_loss":0},{"damage_healed":0,"gold_gain":0,"player_choice":"Ignored","damage_taken":0,"max_hp_gain":0,"max_hp_loss":0,"event_name":"Beggar","floor":30,"gold_loss":0},{"cards_removed":["Coolheaded"],"damage_healed":0,"gold_gain":0,"player_choice":"Removed Skill","damage_taken":0,"max_hp_gain":0,"max_hp_loss":0,"event_name":"Falling","floor":37,"gold_loss":0}],"is_beta":true,"boss_relics":[{"not_picked":["Runic Pyramid","Calling Bell"],"picked":"Nuclear Battery"},{"not_picked":["Tiny House","Sozu"],"picked":"Cursed Key"}],"items_purged_floors":[5,36,53],"is_endless":false,"potions_floor_spawned":[1,2,8,10,12,16,20,25,28,31,35,41,42],"ascension_level":0}