{"gold_per_floor":[14,314,327,327,345,345,376,451,451,451,451,120,138,179,179,307,307,328,353,253,253,267,302,302,338,364,364,380,125,125,144,144,274,274,289,289,305,152,167,167,228,262,286,286,301,213,254,273,273,273],"floor_reached":51,"playtime":1472,"items_purged":["Strike_R","Strike_R","Strike_R","Bash","Defend_R+1"],"score":942,"play_id":"6880bba1-fbd6-43e6-b337-53e8aa9d9512","local_time":"20190315012507","is_ascension_mode":true,"campfire_choices":[{"data":"Uppercut","floor":6.0,"key":"SMITH"},{"data":"Body Slam","floor":10.0,"key":"SMITH"},{"data":"Shrug It Off","floor":15.0,"key":"SMITH"},{"data":"Defend_R","floor":24,"key":"SMITH"},{"data":"Defend_R","floor":27,"key":"SMITH"},{"data":"Defend_R","floor":32,"key":"SMITH"},{"data":"Defend_R","floor":40,"key":"SMITH"},{"floor":49,"key":"RECALL"}],"neow_cost":"NO_GOLD","seed_source_timestamp":0,"circlet_count":0,"master_deck":["Defend_R+1","Defend_R+1","Uppercut+1","Body Slam+1","Body Slam+1","Shrug It Off+1"],"special_seed":0,"relics":["Burning Blood","Old Coin","Anchor","Ice Cream","Golden Idol","DollysMirror","Happy Flower","Busted Crown","Charon\u0027s Ashes","Unceasing Top","Membership Card","Coffee Dripper","Lantern","Turnip","Gremlin Horn","Vajra","Mercury Hourglass"],"potions_floor_usage":[25,50,50],"damage_taken":[{"damage":12.0,"enemies":"Small Slimes","floor":1.0,"turns":4.0},{"damage":4.0,"enemies":"Cultist","floor":3.0,"turns":3.0},{"damage":0.0,"enemies":"2 Louse","floor":5.0,"turns":3.0},{"damage":31.0,"enemies":"Lagavulin","floor":7.0,"turns":8.0},{"damage":0.0,"enemies":"Looter","floor":13.0,"turns":2.0},{"damage":10.0,"enemies":"Gremlin Nob","floor":14.0,"turns":4.0},{"damage":23.0,"enemies":"The Guardian","floor":16.0,"turns":10.0},{"damage":5.0,"enemies":"2 Thieves","floor":18.0,"turns":4.0},{"damage":2.0,"enemies":"3 Byrds","floor":19.0,"turns":5.0},{"damage":1,"enemies":"Cultist and Chosen","floor":22,"turns":4},{"damage":0,"enemies":"Gremlin Leader","floor":23,"turns":6},{"damage":7,"enemies":"Slavers","floor":25,"turns":5},{"damage":0,"enemies":"Centurion and Healer","floor":28,"turns":4},{"damage":0,"enemies":"3 Cultists","floor":31,"turns":4},{"damage":32,"enemies":"Automaton","floor":33,"turns":11},{"damage":0,"enemies":"3 Shapes","floor":35,"turns":2},{"damage":0,"enemies":"Orb Walker","floor":37,"turns":1},{"damage":0,"enemies":"Maw","floor":39,"turns":5},{"damage":0,"enemies":"2 Orb Walkers","floor":41,"turns":2},{"damage":0,"enemies":"Nemesis","floor":42,"turns":1},{"damage":0,"enemies":"Jaw Worm Horde","floor":45,"turns":3},{"damage":0,"enemies":"Giant Head","floor":47,"turns":4},{"damage":0,"enemies":"3 Darklings","floor":48,"turns":2},{"damage":28,"enemies":"Donu and Deca","floor":50,"turns":6}],"seed_played":"6048544882504595826","potions_obtained":[{"floor":3.0,"key":"Weak Potion"},{"floor":14.0,"key":"Ancient Potion"},{"floor":22,"key":"Ancient Potion"},{"floor":23,"key":"Regen Potion"},{"floor":25,"key":"Regen Potion"},{"floor":33,"key":"Block Potion"},{"floor":47,"key":"Dexterity Potion"}],"is_trial":false,"path_per_floor":["M","?","M","?","M","R","E","?","T","R","?","$","M","E","R","B",null,"M","M","$","?","M","E","R","E","T","R","M","$","?","M","R","B",null,"M","?","M","$","M","R","?","E","T","?","M","$","E","M","R","B",null],"character_chosen":"IRONCLAD","items_purchased":["DollysMirror","Shrug It Off","Membership Card","Lantern"],"campfire_rested":0,"item_purchase_floors":[12,12,29,38],"current_hp_per_floor":[74,62,64,90,90,90,65,54,54,54,54,54,60,56,56,39,83,83,83,83,83,83,83,83,82,82,82,83,83,67,73,73,47,83,83,83,83,83,83,83,83,83,83,83,83,83,83,83,83,66],"gold":273,"neow_bonus":"TRANSFORM_TWO_CARDS","is_prod":false,"is_daily":false,"chose_seed":false,"campfire_upgraded":7,"win_rate":0,"timestamp":1552638307,"path_taken":["M","?","M","?","?","R","E","?","T","R","?","$","M","E","R","BOSS","M","M","$","?","M","E","R","E","T","R","M","$","?","M","R","BOSS","M","?","M","$","M","R","?","E","T","?","?","$","E","M","R","BOSS"],"build_version":"2019-01-23","purchased_purges":5,"victory":true,"max_hp_per_floor":[80,80,80,90,90,90,90,90,90,90,83,83,83,83,83,83,83,83,83,83,83,83,83,83,83,83,83,83,83,83,83,83,83,83,83,83,83,83,83,83,83,83,83,83,83,83,83,83,83,83],"card_choices":[{"not_picked":["Perfected Strike","Pummel"],"picked":"Body Slam","floor":1.0},{"not_picked":["Clothesline","Anger","Sentinel"],"picked":"SKIP","floor":3.0},{"not_picked":["Cleave","Warcry","Disarm"],"picked":"SKIP","floor":5.0},{"not_picked":["Exhume","Brutality","Heavy Blade"],"picked":"SKIP","floor":7.0},{"not_picked":["Armaments","Uppercut","Iron Wave"],"picked":"SKIP","floor":13.0},{"not_picked":["Cleave","Perfected Strike","Anger"],"picked":"SKIP","floor":14.0},{"not_picked":["Twin Strike"],"picked":"SKIP","floor":18.0},{"not_picked":["Heavy Blade"],"picked":"SKIP","floor":19.0},{"not_picked":["Perfected Strike"],"picked":"SKIP","floor":22},{"not_picked":["Searing Blow"],"picked":"SKIP","floor":23},{"not_picked":["Feed"],"picked":"SKIP","floor":25},{"not_picked":["Blood for Blood+1"],"picked":"SKIP","floor":28},{"not_picked":["Infernal Blade"],"picked":"SKIP","floor":31},{"not_picked":["Fire Breathing+1"],"picked":"SKIP","floor":35},{"not_picked":["Heavy Blade+1"],"picked":"SKIP","floor":37},{"not_picked":["True Grit+1"],"picked":"SKIP","floor":39},{"not_picked":["Whirlwind+1"],"picked":"SKIP","floor":42},{"not_picked":["Infernal Blade+1"],"picked":"SKIP","floor":45},{"not_picked":["Combust"],"picked":"SKIP","floor":47},{"not_picked":["Intimidate+1"],"picked":"SKIP","floor":48}],"player_experience":807229,"relics_obtained":[{"floor":7.0,"key":"Anchor"},{"floor":9.0,"key":"Ice Cream"},{"floor":14.0,"key":"Happy Flower"},{"floor":23,"key":"Charon\u0027s Ashes"},{"floor":25,"key":"Unceasing Top"},{"floor":41,"key":"Turnip"},{"floor":42,"key":"Gremlin Horn"},{"floor":43,"key":"Vajra"},{"floor":47,"key":"Mercury Hourglass"}],"event_choices":[{"damage_healed":0.0,"max_hp_gain":0.0,"max_hp_loss":0.0,"gold_gain":0.0,"event_name":"Scrap Ooze","player_choice":"Success","floor":2.0,"gold_loss":0.0,"damage_taken":12.0,"relics_obtained":["Old Coin"]},{"cards_removed":["Exhume"],"damage_healed":16.0,"max_hp_gain":10.0,"max_hp_loss":0.0,"gold_gain":0.0,"event_name":"Bonfire Elementals","player_choice":"Offered Rare","floor":4.0,"gold_loss":0.0,"damage_taken":0.0},{"damage_healed":0.0,"max_hp_gain":0.0,"max_hp_loss":0.0,"gold_gain":75.0,"event_name":"World of Goop","player_choice":"Gather Gold","floor":8.0,"gold_loss":0.0,"damage_taken":11.0},{"damage_healed":0.0,"max_hp_gain":0.0,"max_hp_loss":7.0,"gold_gain":0.0,"event_name":"Golden Idol","player_choice":"Lose Max HP","floor":11.0,"gold_loss":0.0,"damage_taken":0.0,"relics_obtained":["Golden Idol"]},{"damage_healed":0,"gold_gain":0,"player_choice":"Ignored","damage_taken":0,"max_hp_gain":0,"max_hp_loss":0,"event_name":"Vampires","floor":21,"gold_loss":0},{"damage_healed":0,"gold_gain":0,"player_choice":"Obtained Book","damage_taken":16,"max_hp_gain":0,"max_hp_loss":0,"event_name":"Cursed Tome","floor":30,"gold_loss":0},{"cards_removed":["Defend_R"],"damage_healed":0,"gold_gain":0,"player_choice":"Removed Skill","damage_taken":0,"max_hp_gain":0,"max_hp_loss":0,"event_name":"Falling","floor":36,"gold_loss":0},{"damage_healed":0,"gold_gain":0,"player_choice":"Fight","damage_taken":0,"max_hp_gain":0,"max_hp_loss":0,"event_name":"Mysterious Sphere","floor":41,"gold_loss":0},{"damage_healed":0,"gold_gain":0,"player_choice":"Ignored","damage_taken":0,"max_hp_gain":0,"max_hp_loss":0,"event_name":"Transmorgrifier","floor":44,"gold_loss":0}],"is_beta":false,"boss_relics":[{"not_picked":["Lizard Tail","Runic Pyramid"],"picked":"Busted Crown"},{"not_picked":["Eternal Feather","Calling Bell"],"picked":"Coffee Dripper"}],"items_purged_floors":[12,20,29,38,46],"is_endless":false,"potions_floor_spawned":[3,14,22,23,25,28,33,39,45,47,48],"ascension_level":1}