{"gold_per_floor":[20,40,51,62,137,137,137,23,46,60,71,97,116,131,131,234,234,251,270,270,287,202,202,233,233,233,252,265,295,314,69,69,169,169,180,180,197,97,114,128,143,153,153,153,179,179,179,195,195,195,195,195,106,136,136],"floor_reached":55,"playtime":2259,"items_purged":["Pain","Strike_B+1"],"score":752,"play_id":"05c6c538-2230-4c0b-906d-15226bb8a40f","local_time":"20181109134713","is_ascension_mode":false,"campfire_choices":[{"data":"Zap","floor":6,"key":"SMITH"},{"data":"Loop","floor":15,"key":"SMITH"},{"data":"Gash","floor":23,"key":"SMITH"},{"floor":25,"key":"RECALL"},{"data":"Deep Breath","floor":32,"key":"SMITH"},{"floor":49,"key":"REST"},{"floor":52,"key":"REST"}],"neow_cost":"NO_GOLD","seed_source_timestamp":97042764726893,"circlet_count":0,"master_deck":["Strike_B+1","Strike_B+1","Defend_B+1","Defend_B+1","Defend_B+1","Defend_B+1","Zap+1","Dualcast","All For One","Beam Cell","Beam Cell","Leap","Loop+1","Self Repair","Gash+1","Chill","FTL","Leap","Electrodynamics","Chill","Gash","Go for the Eyes","Conserve Battery","Compile Driver+1","Cold Snap+1","All For One","Deep Breath+1","Leap+1","Ball Lightning+1","Undo+1","Sweeping Beam+1","Gash","White Noise+1","Steam+1","Steam+1","Sadistic Nature","Apotheosis+1","Madness","Madness","Defragment+1","Flash of Steel"],"relics":["Cracked Core","WarpedTongs","Oddly Smooth Stone","Art of War","Busted Crown","Prayer Wheel","Question Card","Bag of Preparation","DataDisk","Fusion Hammer","Blue Candle","Vajra"],"potions_floor_usage":[11,24,54,55,55,55],"damage_taken":[{"damage":1,"enemies":"Cultist","floor":1,"turns":3},{"damage":0,"enemies":"2 Louse","floor":2,"turns":1},{"damage":11,"enemies":"Jaw Worm","floor":3,"turns":2},{"damage":0,"enemies":"3 Louse","floor":4,"turns":3},{"damage":0,"enemies":"Looter","floor":10,"turns":2},{"damage":0,"enemies":"Gremlin Gang","floor":11,"turns":5},{"damage":13,"enemies":"Lagavulin","floor":12,"turns":6},{"damage":10,"enemies":"Exordium Thugs","floor":13,"turns":3},{"damage":6,"enemies":"Blue Slaver","floor":14,"turns":2},{"damage":10,"enemies":"Hexaghost","floor":16,"turns":8},{"damage":10,"enemies":"Shell Parasite","floor":18,"turns":5},{"damage":4,"enemies":"Chosen","floor":19,"turns":3},{"damage":0,"enemies":"Centurion and Healer","floor":21,"turns":5},{"damage":23,"enemies":"Slavers","floor":24,"turns":4},{"damage":0,"enemies":"3 Cultists","floor":27,"turns":4},{"damage":0,"enemies":"Chosen and Byrds","floor":28,"turns":3},{"damage":31,"enemies":"Gremlin Leader","floor":29,"turns":6},{"damage":3,"enemies":"Snake Plant","floor":30,"turns":4},{"damage":15,"enemies":"Collector","floor":33,"turns":6},{"damage":0,"enemies":"Orb Walker","floor":35,"turns":1},{"damage":6,"enemies":"3 Darklings","floor":37,"turns":4},{"damage":6,"enemies":"Sphere and 2 Shapes","floor":39,"turns":4},{"damage":1,"enemies":"4 Shapes","floor":40,"turns":5},{"damage":1,"enemies":"Jaw Worm Horde","floor":41,"turns":4},{"damage":0,"enemies":"Transient","floor":42,"turns":5},{"damage":17,"enemies":"Giant Head","floor":45,"turns":7},{"damage":0,"enemies":"4 Shapes","floor":48,"turns":5},{"damage":34,"enemies":"Donu and Deca","floor":50,"turns":9},{"damage":71,"enemies":"Shield and Spear","floor":54,"turns":8},{"damage":5,"enemies":"The Heart","floor":55,"turns":2}],"seed_played":"3670964385387764747","potions_obtained":[{"floor":2,"key":"FocusPotion"},{"floor":4,"key":"SpeedPotion"},{"floor":11,"key":"Fire Potion"},{"floor":12,"key":"PowerPotion"},{"floor":16,"key":"SteroidPotion"},{"floor":24,"key":"EntropicBrew"}],"is_trial":false,"path_per_floor":["M","M","M","M","?","R","?","$","T","M","M","E","M","M","R","B",null,"M","M","?","M","?","R","E","R","T","M","M","E","M","$","R","B",null,"M","?","M","$","M","M","M","M","T","?","E","?","?","M","R","B",null,"R","$","E","B"],"character_chosen":"DEFECT","items_purchased":["Self Repair","All For One","Deep Breath","Flash of Steel"],"campfire_rested":2,"item_purchase_floors":[8,31,31,53],"current_hp_per_floor":[74,74,63,63,52,52,52,52,52,52,59,53,43,37,37,34,75,75,75,75,75,75,75,59,59,59,69,75,51,58,58,58,53,75,75,75,75,75,75,75,75,75,75,65,58,49,49,59,75,48,75,75,75,4,0],"gold":136,"neow_bonus":"THREE_RARE_CARDS","is_prod":false,"is_daily":false,"chose_seed":false,"campfire_upgraded":4,"win_rate":0,"timestamp":1541767633,"path_taken":["M","M","M","M","?","R","?","$","T","M","?","E","M","M","R","BOSS","M","M","?","M","?","R","E","R","T","M","M","E","M","$","R","BOSS","M","?","M","$","M","?","M","M","T","?","E","?","?","M","R","BOSS","R","$","E","BOSS"],"build_version":"2018-11-08","purchased_purges":2,"victory":false,"max_hp_per_floor":[75,75,75,75,75,75,75,75,75,75,75,75,75,75,75,75,75,75,75,75,75,75,75,75,75,75,75,75,75,75,75,75,75,75,75,75,75,75,75,75,75,75,75,75,75,75,75,75,75,75,75,75,75,75,75],"card_choices":[{"not_picked":["Reboot","Meteor Strike"],"picked":"All For One","floor":0},{"not_picked":["Hologram","Undo"],"picked":"Beam Cell","floor":1},{"not_picked":["Sweeping Beam","Blizzard"],"picked":"Beam Cell","floor":2},{"not_picked":["Sweeping Beam","Rebound"],"picked":"Leap","floor":3},{"not_picked":["Recycle","Sweeping Beam"],"picked":"Loop","floor":4},{"not_picked":["Leap","Hologram"],"picked":"Gash","floor":10},{"not_picked":["Fusion","Rebound"],"picked":"Chill","floor":11},{"not_picked":["Rainbow","Steam Power","Lockon"],"picked":"SKIP","floor":12},{"not_picked":["Conserve Battery","Hologram"],"picked":"FTL","floor":13},{"not_picked":["Redo","Compile Driver"],"picked":"Leap","floor":14},{"not_picked":["Biased Cognition","Rainbow"],"picked":"Electrodynamics","floor":16},{"not_picked":["Reinforced Body"],"picked":"SKIP","floor":18},{"not_picked":["Lockon"],"picked":"SKIP","floor":19},{"not_picked":["Cold Snap"],"picked":"SKIP","floor":21},{"not_picked":["Meteor Strike"],"picked":"SKIP","floor":24},{"not_picked":["Turbo"],"picked":"Chill","floor":27},{"not_picked":["Barrage"],"picked":"Gash","floor":27},{"not_picked":["Leap"],"picked":"Go for the Eyes","floor":28},{"not_picked":["Redo","Sweeping Beam+1"],"picked":"SKIP","floor":28},{"not_picked":["Stack"],"picked":"Conserve Battery","floor":29},{"not_picked":["Stack"],"picked":"Compile Driver+1","floor":30},{"not_picked":["Aggregate"],"picked":"Cold Snap+1","floor":30},{"not_picked":["Rebound+1"],"picked":"Leap+1","floor":35},{"not_picked":["Sunder"],"picked":"Ball Lightning+1","floor":35},{"not_picked":["Cold Snap+1"],"picked":"Undo+1","floor":37},{"not_picked":["Darkness+1","Beam Cell"],"picked":"SKIP","floor":37},{"not_picked":["Sweeping Beam+1","Conserve Battery+1"],"picked":"SKIP","floor":39},{"not_picked":["Streamline","Redo"],"picked":"SKIP","floor":39},{"not_picked":["Conserve Battery+1"],"picked":"Sweeping Beam+1","floor":39},{"not_picked":["Streamline","Redo"],"picked":"SKIP","floor":39},{"not_picked":["Hologram"],"picked":"Gash","floor":40},{"not_picked":["Redo","Stack"],"picked":"SKIP","floor":40},{"not_picked":["Go for the Eyes"],"picked":"White Noise+1","floor":41},{"not_picked":["Barrage+1","Compile Driver+1"],"picked":"SKIP","floor":41},{"not_picked":["Conserve Battery+1"],"picked":"Steam+1","floor":42},{"not_picked":["Chaos+1"],"picked":"Steam+1","floor":42},{"not_picked":["Impatience"],"picked":"Sadistic Nature","floor":44},{"not_picked":["Bandage Up"],"picked":"Apotheosis","floor":44},{"not_picked":["Conserve Battery","Tempest"],"picked":"SKIP","floor":45},{"not_picked":["Leap+1"],"picked":"Defragment+1","floor":48},{"not_picked":["Gash","Turbo+1"],"picked":"SKIP","floor":48},{"not_picked":["Conserve Battery","Streamline+1"],"picked":"SKIP","floor":54}],"player_experience":736872,"relics_obtained":[{"floor":9,"key":"Oddly Smooth Stone"},{"floor":12,"key":"Art of War"},{"floor":24,"key":"Question Card"},{"floor":26,"key":"Bag of Preparation"},{"floor":29,"key":"DataDisk"},{"floor":45,"key":"Blue Candle"},{"floor":54,"key":"Vajra"}],"event_choices":[{"damage_healed":0,"gold_gain":75,"player_choice":"Gather Gold","damage_taken":11,"max_hp_gain":0,"max_hp_loss":0,"event_name":"World of Goop","floor":5,"gold_loss":0},{"damage_healed":0,"gold_gain":0,"player_choice":"Rummage","damage_taken":0,"relics_obtained":["WarpedTongs"],"max_hp_gain":0,"max_hp_loss":0,"event_name":"Accursed Blacksmith","floor":7,"gold_loss":0,"cards_obtained":["Pain"]},{"damage_healed":0,"gold_gain":0,"player_choice":"Simplicity","damage_taken":0,"max_hp_gain":0,"max_hp_loss":0,"event_name":"Back to Basics","floor":20,"gold_loss":0,"cards_upgraded":["Strike_B","Strike_B","Strike_B","Strike_B","Defend_B","Defend_B","Defend_B","Defend_B"]},{"damage_healed":0,"gold_gain":0,"player_choice":"Obtained Relic","damage_taken":0,"relics_obtained":["Prayer Wheel"],"max_hp_gain":0,"max_hp_loss":0,"event_name":"Addict","floor":22,"gold_loss":85},{"cards_removed":["Strike_B"],"damage_healed":0,"gold_gain":0,"player_choice":"Purged","damage_taken":0,"max_hp_gain":0,"max_hp_loss":0,"event_name":"Purifier","floor":36,"gold_loss":0},{"damage_healed":0,"gold_gain":0,"player_choice":"Memory 3","damage_taken":10,"max_hp_gain":0,"max_hp_loss":0,"event_name":"SensoryStone","floor":44,"gold_loss":0},{"damage_healed":0,"gold_gain":0,"player_choice":"Embrace Madness","damage_taken":9,"max_hp_gain":0,"max_hp_loss":0,"event_name":"Winding Halls","floor":46,"gold_loss":0,"cards_obtained":["Madness","Madness"]},{"damage_healed":0,"gold_gain":0,"player_choice":"Upgraded","damage_taken":0,"max_hp_gain":0,"max_hp_loss":0,"event_name":"Upgrade Shrine","floor":47,"gold_loss":0,"cards_upgraded":["Apotheosis"]}],"is_beta":true,"boss_relics":[{"not_picked":["Astrolabe","Pandora\u0027s Box"],"picked":"Busted Crown"},{"not_picked":["Snecko Eye","Eternal Feather"],"picked":"Fusion Hammer"}],"items_purged_floors":[8,38],"is_endless":false,"potions_floor_spawned":[2,4,11,12,16,18,21,24,28,33,37,40,48],"killed_by":"The Heart","ascension_level":0}