{"gold_per_floor":[113,113,36,56,21,61,61,99,99,211,236,248,278,315,327,465,477,507,540,552,564],"floor_reached":21,"playtime":1032,"items_purged":[],"score":242,"play_id":"93ca3699-1669-47cf-9edd-8f1becbd7160","local_time":"20180831171810","is_ascension_mode":true,"campfire_choices":[{"data":"Go for the Eyes","floor":7,"key":"SMITH"},{"data":"Sweeping Beam","floor":12,"key":"SMITH"},{"floor":15,"key":"REST"}],"neow_cost":"NONE","seed_source_timestamp":373248846655042,"circlet_count":0,"master_deck":["Zap","Dualcast","Ball Lightning","Go for the Eyes+1","Beam Cell","Auto Shields","Reinforced Body","Sweeping Beam+1","Conserve Battery","Hyperbeam","Creative AI","Conserve Battery","Go for the Eyes","Undo","Streamline","Glacier","Coolheaded","Redo","Leap","BootSequence+1","Chill+1","Ghostly","Ghostly","Ghostly","Ghostly","Ghostly"],"relics":["Black Star","Golden Idol","Mango","Turnip","Matryoshka","Letter Opener","MawBank","Blue Candle","Pandora\u0027s Box"],"potions_floor_usage":[16,16],"damage_taken":[{"damage":7,"enemies":"Small Slimes","floor":1,"turns":4},{"damage":7,"enemies":"Jaw Worm","floor":4,"turns":3},{"damage":14,"enemies":"Gremlin Nob","floor":6,"turns":4},{"damage":23,"enemies":"Lagavulin","floor":8,"turns":7},{"damage":1,"enemies":"2 Louse","floor":11,"turns":3},{"damage":0,"enemies":"2 Fungi Beasts","floor":13,"turns":3},{"damage":13,"enemies":"Large Slime","floor":14,"turns":4},{"damage":28,"enemies":"Slime Boss","floor":16,"turns":11},{"damage":18,"enemies":"Chosen","floor":18,"turns":5},{"damage":21,"enemies":"Shell Parasite","floor":19,"turns":9},{"damage":60,"enemies":"Cultist and Chosen","floor":21,"turns":8}],"seed_played":"1195373025686460725","potions_obtained":[{"floor":1,"key":"Block Potion"},{"floor":4,"key":"EssenceOfSteel"},{"floor":13,"key":"PowerPotion"}],"is_trial":false,"path_per_floor":["M","?","$","M","?","E","R","E","T","?","M","R","M","M","R","B",null,"M","M","?"],"character_chosen":"DEFECT","items_purchased":["Go for the Eyes","Beam Cell"],"campfire_rested":1,"item_purchase_floors":[3,3],"current_hp_per_floor":[68,50,50,43,61,61,61,38,38,38,37,37,37,24,50,29,89,71,50,44,0],"gold":564,"neow_bonus":"BOSS_RELIC","is_prod":false,"is_daily":false,"chose_seed":false,"campfire_upgraded":2,"win_rate":0,"timestamp":1535728690,"path_taken":["M","?","$","M","?","E","R","E","T","?","M","R","M","?","R","BOSS","M","M","?","M"],"build_version":"2018-08-30","purchased_purges":0,"victory":false,"max_hp_per_floor":[75,75,75,75,75,89,89,89,89,89,89,89,89,89,89,89,89,89,89,44,44],"card_choices":[{"not_picked":["Redo","Reinforced Body"],"picked":"Ball Lightning","floor":1},{"not_picked":["Hologram","Turbo"],"picked":"Auto Shields","floor":4},{"not_picked":["Capacitor","Stack"],"picked":"Reinforced Body","floor":6},{"not_picked":["Melter","Static Discharge","Compile Driver"],"picked":"SKIP","floor":8},{"not_picked":["Compile Driver","Redo"],"picked":"Sweeping Beam","floor":11},{"not_picked":["Redo","Stack"],"picked":"Conserve Battery","floor":13},{"not_picked":["Genetic Algorithm","Cold Snap"],"picked":"Hyperbeam","floor":14},{"not_picked":["Amplify","Rainbow"],"picked":"Creative AI","floor":16},{"not_picked":["Hologram","Conserve Battery"],"picked":"BootSequence+1","floor":18},{"not_picked":["Leap","Melter"],"picked":"Chill+1","floor":19}],"player_experience":294511,"relics_obtained":[{"floor":6,"key":"Mango"},{"floor":6,"key":"Turnip"},{"floor":8,"key":"Matryoshka"},{"floor":8,"key":"Letter Opener"},{"floor":9,"key":"MawBank"},{"floor":9,"key":"Blue Candle"}],"event_choices":[{"event_name":"Golden Idol","player_choice":"Take Damage","floor":2,"damage_taken":0},{"event_name":"The Cleric","player_choice":"Healed","floor":5,"damage_taken":0},{"event_name":"Golden Shrine","player_choice":"Pray","floor":10,"damage_taken":0},{"event_name":"Ghosts","player_choice":"Became a Ghost","floor":20,"damage_taken":0}],"is_beta":false,"boss_relics":[{"not_picked":["Philosopher\u0027s Stone","Nuclear Battery"],"picked":"Pandora\u0027s Box"}],"items_purged_floors":[],"is_endless":false,"potions_floor_spawned":[1,4,13,14],"killed_by":"Cultist and Chosen","ascension_level":3}