{"gold_per_floor":[113,133,133,143,156,156,166,166,237,252,268,286,26,26,26,131,131,143,153,153,173,187,187,216,216,216,216,216,243,258,274,274,377,377,391,408,189,189,205,222,222,222,222,222,238,238,254,61,61,61],"floor_reached":51,"playtime":3522,"items_purged":["Strike_G"],"score":660,"play_id":"3cc46a05-5dcc-4dd8-9dfb-b5618963230d","local_time":"20181030134557","is_ascension_mode":false,"campfire_choices":[{"data":"Neutralize","floor":6,"key":"SMITH"},{"data":"Sucker Punch","floor":8,"key":"SMITH"},{"data":"Noxious Fumes","floor":15,"key":"SMITH"},{"data":"Adrenaline","floor":23,"key":"SMITH"},{"data":"Prepared","floor":25,"key":"SMITH"},{"data":"Leg Sweep","floor":28,"key":"SMITH"},{"floor":32,"key":"REST"},{"data":"Envenom","floor":41,"key":"SMITH"},{"data":"Crippling Poison","floor":44,"key":"SMITH"},{"data":"Cloak And Dagger","floor":46,"key":"SMITH"},{"data":"Backflip","floor":49,"key":"SMITH"}],"neow_cost":"NONE","seed_source_timestamp":506996886011550,"circlet_count":0,"master_deck":["Defend_G","Defend_G","Defend_G","Defend_G+1","Defend_G","Strike_G+1","Strike_G","Strike_G","Strike_G","Survivor","Neutralize+1","Sucker Punch+1","Poisoned Stab","Quick Slash","Leg Sweep+1","Cloak And Dagger+1","Noxious Fumes+1","Dash","Flying Knee","Adrenaline+1","Backstab","Noxious Fumes+1","Backflip+1","Acrobatics+1","Prepared+1","Crippling Poison+1","Escape Plan","Envenom+1","PiercingWail+1","Backflip+1","Terror","Cloak And Dagger+1","Leg Sweep+1","Cloak And Dagger+1"],"relics":["Ring of the Snake","Matryoshka","Bronze Scales","Sozu","Tough Bandages","Potion Belt","Art of War","Centennial Puzzle","Bottled Lightning","Snake Skull","White Beast Statue","Oddly Smooth Stone","Molten Egg 2","Lee\u0027s Waffle"],"potions_floor_usage":[24,50],"damage_taken":[{"damage":0,"enemies":"Small Slimes","floor":1,"turns":6},{"damage":0,"enemies":"2 Louse","floor":2,"turns":2},{"damage":0,"enemies":"Cultist","floor":4,"turns":3},{"damage":3,"enemies":"Lots of Slimes","floor":5,"turns":4},{"damage":7,"enemies":"3 Louse","floor":7,"turns":4},{"damage":2,"enemies":"Gremlin Gang","floor":10,"turns":6},{"damage":5,"enemies":"Exordium Thugs","floor":11,"turns":5},{"damage":1,"enemies":"Looter","floor":12,"turns":3},{"damage":7,"enemies":"The Guardian","floor":16,"turns":9},{"damage":4,"enemies":"2 Thieves","floor":18,"turns":4},{"damage":5,"enemies":"Shell Parasite","floor":19,"turns":4},{"damage":0,"enemies":"Cultist and Chosen","floor":21,"turns":6},{"damage":0,"enemies":"Centurion and Healer","floor":22,"turns":5},{"damage":5,"enemies":"Gremlin Leader","floor":24,"turns":5},{"damage":9,"enemies":"Slavers","floor":29,"turns":4},{"damage":5,"enemies":"Chosen and Byrds","floor":30,"turns":6},{"damage":8,"enemies":"3 Cultists","floor":31,"turns":4},{"damage":15,"enemies":"Collector","floor":33,"turns":8},{"damage":2,"enemies":"Orb Walker","floor":35,"turns":3},{"damage":4,"enemies":"3 Darklings","floor":36,"turns":4},{"damage":12,"enemies":"Jaw Worm Horde","floor":39,"turns":4},{"damage":3,"enemies":"4 Shapes","floor":40,"turns":6},{"damage":10,"enemies":"Maw","floor":45,"turns":7},{"damage":1,"enemies":"Jaw Worm Horde","floor":47,"turns":4},{"damage":33,"enemies":"Donu and Deca","floor":50,"turns":10}],"seed_played":"3053698933449787224","potions_obtained":[{"floor":1,"key":"Explosive Potion"},{"floor":5,"key":"Regen Potion"},{"floor":10,"key":"SteroidPotion"}],"is_trial":false,"path_per_floor":["M","M","?","M","M","R","M","R","T","M","M","M","$","?","R","B",null,"M","M","?","M","M","R","E","R","T","T","R","E","M","M","R","B",null,"M","M","$","?","M","M","R","?","T","R","M","R","M","$","R","B"],"character_chosen":"THE_SILENT","items_purchased":["Bronze Scales","Dash","Backstab","Oddly Smooth Stone","Lee\u0027s Waffle"],"campfire_rested":1,"item_purchase_floors":[13,13,13,37,48],"current_hp_per_floor":[77,77,62,62,59,59,52,52,52,50,45,44,44,44,44,37,77,73,68,68,68,68,68,63,63,63,63,63,54,49,41,64,49,77,75,71,71,71,59,56,56,56,56,56,46,46,45,84,84,66],"gold":61,"neow_bonus":"TEN_PERCENT_HP_BONUS","is_prod":false,"is_daily":false,"chose_seed":false,"campfire_upgraded":10,"win_rate":0,"timestamp":1540903557,"path_taken":["M","M","?","M","M","R","M","R","T","?","M","M","?","?","R","BOSS","M","M","?","M","M","R","E","R","T","?","R","E","M","?","R","BOSS","M","M","$","?","M","M","R","?","T","R","M","R","M","$","R","BOSS"],"build_version":"2018-10-29v2","purchased_purges":1,"victory":true,"max_hp_per_floor":[77,77,77,77,77,77,77,77,77,77,77,77,77,77,77,77,77,77,77,77,77,77,77,77,77,77,77,77,77,77,77,77,77,77,77,77,77,77,77,77,77,77,77,77,77,77,77,84,84,84],"card_choices":[{"not_picked":["Eviscerate","Outmaneuver"],"picked":"Sucker Punch","floor":1},{"not_picked":["Underhanded Strike","Deadly Poison"],"picked":"Poisoned Stab","floor":2},{"not_picked":["Calculated Gamble","PiercingWail"],"picked":"Quick Slash","floor":4},{"not_picked":["Dodge and Roll","Prepared"],"picked":"Leg Sweep","floor":5},{"not_picked":["All Out Attack","Underhanded Strike"],"picked":"Cloak And Dagger","floor":7},{"not_picked":["Choke","Slice","Quick Slash"],"picked":"SKIP","floor":10},{"not_picked":["Blur","PiercingWail"],"picked":"Noxious Fumes","floor":11},{"not_picked":["Outmaneuver","Quick Slash","Flechettes"],"picked":"SKIP","floor":12},{"not_picked":["Burst","Venomology"],"picked":"Adrenaline","floor":16},{"not_picked":["Setup","Terror"],"picked":"Backstab","floor":18},{"not_picked":["Dagger Throw+1","Prepared","Underhanded Strike"],"picked":"SKIP","floor":19},{"not_picked":["Bane","Bouncing Flask"],"picked":"Backflip","floor":21},{"not_picked":["Flying Knee+1","Infinite Blades"],"picked":"Acrobatics+1","floor":22},{"not_picked":["Quick Slash+1","Poisoned Stab"],"picked":"Prepared","floor":24},{"not_picked":["Grand Finale","Dash"],"picked":"Crippling Poison","floor":29},{"not_picked":["Blade Dance","Dodge and Roll+1"],"picked":"Escape Plan","floor":30},{"not_picked":["Underhanded Strike","Heel Hook","Sucker Punch"],"picked":"SKIP","floor":31},{"not_picked":["Venomology","Doppelganger"],"picked":"Envenom","floor":33},{"not_picked":["Quick Slash","Terror"],"picked":"PiercingWail+1","floor":35},{"not_picked":["Noxious Fumes","Leg Sweep+1"],"picked":"Backflip+1","floor":36},{"not_picked":["Backflip+1","Choke"],"picked":"Terror","floor":39},{"not_picked":["Poisoned Stab+1","Reflex"],"picked":"Cloak And Dagger+1","floor":40},{"not_picked":["Poisoned Stab+1","Reflex"],"picked":"Leg Sweep+1","floor":45},{"not_picked":["Outmaneuver+1","Quick Slash+1"],"picked":"Cloak And Dagger+1","floor":47}],"player_experience":630448,"relics_obtained":[{"floor":9,"key":"Matryoshka"},{"floor":24,"key":"Tough Bandages"},{"floor":26,"key":"Potion Belt"},{"floor":26,"key":"Art of War"},{"floor":27,"key":"Centennial Puzzle"},{"floor":27,"key":"Bottled Lightning"},{"floor":29,"key":"Snake Skull"},{"floor":43,"key":"Molten Egg 2"}],"event_choices":[{"damage_healed":0,"gold_gain":0,"player_choice":"Entered Light","damage_taken":15,"max_hp_gain":0,"max_hp_loss":0,"event_name":"Shining Light","floor":3,"gold_loss":0,"cards_upgraded":["Strike_G","Defend_G"]},{"damage_healed":0,"gold_gain":0,"player_choice":"1 cards matched","damage_taken":0,"max_hp_gain":0,"max_hp_loss":0,"event_name":"Match and Keep!","floor":14,"gold_loss":0,"cards_obtained":["Flying Knee"]},{"damage_healed":0,"gold_gain":0,"player_choice":"Copied","damage_taken":0,"max_hp_gain":0,"max_hp_loss":0,"event_name":"Duplicator","floor":20,"gold_loss":0,"cards_obtained":["Noxious Fumes"]},{"damage_healed":0,"gold_gain":0,"player_choice":"Leave","damage_taken":0,"max_hp_gain":0,"max_hp_loss":0,"event_name":"FaceTrader","floor":38,"gold_loss":0},{"cards_removed":["Backstab"],"damage_healed":0,"gold_gain":0,"player_choice":"Removed Attack","damage_taken":0,"max_hp_gain":0,"max_hp_loss":0,"event_name":"Falling","floor":42,"gold_loss":0}],"is_beta":true,"boss_relics":[{"not_picked":["Lizard Tail","Fusion Hammer"],"picked":"Sozu"},{"not_picked":["Runic Pyramid","Astrolabe"],"picked":"White Beast Statue"}],"items_purged_floors":[37],"is_endless":false,"potions_floor_spawned":[1,5,10,11,16,21,24,29,31,35,36,39,40,45,47],"ascension_level":0}