{"gold_per_floor":[113,131,131,56,69,69,102,113,138,138,156,56,68,80,80,177,177,190,115,0,15,26,26,52,69,69,69,83,97,97,108,108,209,259,277,277,152,152,169,199,214,214,214,214,234,234,78,93,93,93],"floor_reached":50,"playtime":1336,"items_purged":["Defend_R","Defend_R","Strike_R"],"score":498,"play_id":"e7c17597-b6e0-4b19-a856-f45f747d5353","local_time":"20190418170152","is_ascension_mode":false,"campfire_choices":[{"data":"Clash","floor":6,"key":"SMITH"},{"data":"Twin Strike","floor":10,"key":"SMITH"},{"data":"Twin Strike","floor":15,"key":"SMITH"},{"data":"Clash","floor":23,"key":"SMITH"},{"data":"Flex","floor":27,"key":"SMITH"},{"data":"Thunderclap","floor":30,"key":"SMITH"},{"floor":32,"key":"REST"},{"floor":42,"key":"REST"},{"floor":44,"key":"REST"},{"floor":49,"key":"REST"}],"neow_cost":"NONE","seed_source_timestamp":600190799346800,"circlet_count":0,"master_deck":["Strike_R+1","Strike_R","Strike_R","Strike_R","Bash+1","Clash+1","Thunderclap+1","Clash+1","Twin Strike+1","Twin Strike+1","Flex+1","Clash+1","Cleave+1","Disarm","Sword Boomerang","Sword Boomerang"],"relics":["Burning Blood","Bronze Scales","Anchor","Runic Cube","PreservedInsect","Self Forming Clay","Tiny House","Strawberry","Darkstone Periapt","Sundial","Pen Nib"],"potions_floor_usage":[29,29,33,41,50,50,50],"damage_taken":[{"damage":6,"enemies":"Jaw Worm","floor":1,"turns":3},{"damage":0,"enemies":"Cultist","floor":2,"turns":3},{"damage":8,"enemies":"Small Slimes","floor":5,"turns":2},{"damage":36,"enemies":"3 Sentries","floor":7,"turns":7},{"damage":0,"enemies":"Exordium Wildlife","floor":8,"turns":2},{"damage":0,"enemies":"2 Fungi Beasts","floor":11,"turns":2},{"damage":0,"enemies":"Blue Slaver","floor":13,"turns":2},{"damage":0,"enemies":"Exordium Wildlife","floor":14,"turns":2},{"damage":58,"enemies":"Hexaghost","floor":16,"turns":5},{"damage":7,"enemies":"3 Byrds","floor":18,"turns":3},{"damage":10,"enemies":"2 Thieves","floor":21,"turns":3},{"damage":0,"enemies":"Centurion and Healer","floor":22,"turns":3},{"damage":20,"enemies":"Book of Stabbing","floor":24,"turns":3},{"damage":12,"enemies":"3 Cultists","floor":25,"turns":3},{"damage":4,"enemies":"Snake Plant","floor":28,"turns":1},{"damage":2,"enemies":"Centurion and Healer","floor":29,"turns":2},{"damage":15,"enemies":"Snecko","floor":31,"turns":3},{"damage":81,"enemies":"Champ","floor":33,"turns":7},{"damage":0,"enemies":"Orb Walker","floor":35,"turns":2},{"damage":16,"enemies":"3 Shapes","floor":39,"turns":2},{"damage":20,"enemies":"Nemesis","floor":40,"turns":3},{"damage":49,"enemies":"Maw","floor":41,"turns":5},{"damage":14,"enemies":"3 Darklings","floor":45,"turns":3},{"damage":27,"enemies":"Sphere and 2 Shapes","floor":48,"turns":4},{"damage":78,"enemies":"Awakened One","floor":50,"turns":7}],"seed_played":"4692230029149508083","potions_obtained":[{"floor":2,"key":"GamblersBrew"},{"floor":5,"key":"BloodPotion"},{"floor":8,"key":"SpeedPotion"},{"floor":29,"key":"Fruit Juice"},{"floor":31,"key":"PowerPotion"},{"floor":33,"key":"EssenceOfSteel"},{"floor":34,"key":"SteroidPotion"},{"floor":35,"key":"LiquidBronze"},{"floor":45,"key":"Block Potion"}],"is_trial":false,"path_per_floor":["M","M","?","$","M","R","E","M","T","R","M","$","M","M","R","B",null,"M","?","?","M","M","R","E","M","T","R","M","M","R","M","R","B",null,"M","?","$","?","M","E","M","R","T","R","M","T","$","M","R","B"],"character_chosen":"IRONCLAD","items_purchased":["Pen Nib"],"campfire_rested":4,"item_purchase_floors":[47],"current_hp_per_floor":[80,80,80,80,78,78,48,54,54,54,60,60,66,72,72,20,80,79,79,79,75,80,80,66,60,60,60,62,79,79,70,85,10,90,90,90,90,85,75,68,25,52,52,79,71,71,71,50,77,0],"gold":93,"neow_bonus":"UPGRADE_CARD","is_prod":false,"is_daily":false,"chose_seed":false,"campfire_upgraded":6,"win_rate":0,"timestamp":1555599712,"path_taken":["M","M","?","?","M","R","E","?","T","R","M","$","M","M","R","BOSS","M","?","?","M","M","R","E","M","T","R","M","M","R","M","R","BOSS","M","?","$","?","M","E","M","R","T","R","M","?","?","M","R","BOSS"],"build_version":"2019-01-23","purchased_purges":3,"victory":false,"max_hp_per_floor":[80,80,80,80,80,80,80,80,80,80,80,80,80,80,80,80,80,80,80,80,80,80,80,80,80,80,80,80,85,85,85,85,85,90,90,90,90,85,85,92,92,92,92,92,92,92,92,92,92,92],"card_choices":[{"not_picked":["Body Slam","Inflame"],"picked":"Clash","floor":1},{"not_picked":["Sword Boomerang","Cleave"],"picked":"Thunderclap","floor":2},{"not_picked":["Power Through","Wild Strike","Spot Weakness"],"picked":"SKIP","floor":5},{"not_picked":["Pommel Strike","Carnage"],"picked":"Clash","floor":7},{"not_picked":["Blood for Blood","Anger"],"picked":"Twin Strike","floor":8},{"not_picked":["Metallicize","Infernal Blade"],"picked":"Twin Strike","floor":11},{"not_picked":["Feed","Wild Strike","Dropkick"],"picked":"SKIP","floor":13},{"not_picked":["Perfected Strike","Infernal Blade","Blood for Blood"],"picked":"SKIP","floor":14},{"not_picked":["Heavy Blade","True Grit+1","Reckless Charge"],"picked":"SKIP","floor":18},{"not_picked":["Rupture","Burning Pact","Headbutt"],"picked":"SKIP","floor":21},{"not_picked":["Pommel Strike","Pummel","Shrug It Off"],"picked":"SKIP","floor":22},{"not_picked":["Sentinel","Battle Trance+1","Rage"],"picked":"SKIP","floor":24},{"not_picked":["Anger","Dual Wield"],"picked":"Flex","floor":25},{"not_picked":["Twin Strike+1","Headbutt","Carnage"],"picked":"SKIP","floor":28},{"not_picked":["Shrug It Off","Warcry+1","True Grit"],"picked":"SKIP","floor":29},{"not_picked":["Wild Strike","Shrug It Off+1","Perfected Strike"],"picked":"SKIP","floor":31},{"not_picked":["Perfected Strike","Clothesline+1"],"picked":"Clash+1","floor":34},{"not_picked":["Armaments+1","Headbutt+1"],"picked":"Cleave+1","floor":35},{"not_picked":["Entrench+1","Flame Barrier+1","Hemokinesis"],"picked":"SKIP","floor":39},{"not_picked":["Iron Wave+1","Seeing Red"],"picked":"Disarm","floor":40},{"not_picked":["Rage","Iron Wave+1"],"picked":"Sword Boomerang","floor":41},{"not_picked":["Infernal Blade+1","Headbutt","Battle Trance+1"],"picked":"SKIP","floor":45},{"not_picked":["Wild Strike+1","Power Through+1"],"picked":"Sword Boomerang","floor":48}],"player_experience":602604,"relics_obtained":[{"floor":7,"key":"Bronze Scales"},{"floor":9,"key":"Anchor"},{"floor":24,"key":"PreservedInsect"},{"floor":26,"key":"Self Forming Clay"},{"floor":40,"key":"Strawberry"},{"floor":43,"key":"Darkstone Periapt"},{"floor":46,"key":"Sundial"}],"event_choices":[{"cards_removed":["Defend_R"],"damage_healed":0,"gold_gain":0,"player_choice":"Card Removal","damage_taken":0,"max_hp_gain":0,"max_hp_loss":0,"event_name":"Wheel of Change","floor":3,"gold_loss":0},{"cards_removed":["Defend_R"],"damage_healed":0,"gold_gain":0,"player_choice":"Gave Gold","damage_taken":0,"max_hp_gain":0,"max_hp_loss":0,"event_name":"Beggar","floor":19,"gold_loss":75},{"damage_healed":0,"gold_gain":0,"player_choice":"Paid Fearfully","damage_taken":0,"max_hp_gain":0,"max_hp_loss":0,"event_name":"Masked Bandits","floor":20,"gold_loss":115},{"damage_healed":0,"gold_gain":0,"player_choice":"Memory 1","damage_taken":0,"max_hp_gain":0,"max_hp_loss":0,"event_name":"SensoryStone","floor":36,"gold_loss":0},{"damage_healed":0,"gold_gain":0,"player_choice":"Max HP","damage_taken":0,"max_hp_gain":0,"max_hp_loss":5,"event_name":"Winding Halls","floor":38,"gold_loss":0}],"is_beta":false,"boss_relics":[{"not_picked":["Empty Cage","White Beast Statue"],"picked":"Runic Cube"},{"not_picked":["Philosopher\u0027s Stone","Velvet Choker"],"picked":"Tiny House"}],"items_purged_floors":[4,12,37],"is_endless":false,"potions_floor_spawned":[2,5,8,21,29,31,33,35,45,48],"killed_by":"Awakened One","ascension_level":0}