{"gold_per_floor":[118,138,8,8,21,47,47,47,47,97,97,126,146,171,171,171],"floor_reached":16,"playtime":2603,"items_purged":[],"score":218,"play_id":"090505a3-33b0-430a-961b-0edc7cd6e5b4","local_time":"20190420230400","is_ascension_mode":true,"campfire_choices":[{"floor":11,"key":"REST"},{"data":"Whirlwind","floor":15,"key":"SMITH"}],"neow_cost":"NONE","seed_source_timestamp":31860897972047,"circlet_count":0,"master_deck":["AscendersBane","Strike_R","Strike_R","Strike_R","Strike_R","Defend_R","Defend_R","Defend_R","Defend_R","Bash","Whirlwind+1","Pommel Strike","Hemokinesis","Pommel Strike","Metallicize","Flame Barrier","Shockwave"],"relics":["Burning Blood","The Courier","Bottled Flame","Art of War","PreservedInsect"],"potions_floor_usage":[12],"damage_taken":[{"damage":16,"enemies":"Jaw Worm","floor":1,"turns":5},{"damage":2,"enemies":"Cultist","floor":2,"turns":4},{"damage":0,"enemies":"2 Louse","floor":5,"turns":1},{"damage":35,"enemies":"Lagavulin","floor":6,"turns":7},{"damage":29,"enemies":"Gremlin Nob","floor":12,"turns":4},{"damage":9,"enemies":"2 Fungi Beasts","floor":13,"turns":3},{"damage":25,"enemies":"Lagavulin","floor":14,"turns":7},{"damage":13,"enemies":"The Guardian","floor":16,"turns":4}],"seed_played":"-1882122365248465578","potions_obtained":[{"floor":1,"key":"Regen Potion"},{"floor":2,"key":"Energy Potion"},{"floor":13,"key":"AttackPotion"}],"is_trial":false,"path_per_floor":["M","M","$","?","M","E","$","$","T","?","R","E","M","E","R","B"],"character_chosen":"IRONCLAD","items_purchased":["Hemokinesis","Pommel Strike"],"campfire_rested":1,"item_purchase_floors":[3,3],"current_hp_per_floor":[65,69,69,69,75,46,46,46,46,46,70,47,44,25,25,12],"gold":171,"neow_bonus":"TEN_PERCENT_HP_BONUS","is_prod":false,"is_daily":false,"chose_seed":false,"campfire_upgraded":1,"win_rate":0,"timestamp":1555812240,"path_taken":["M","M","$","?","M","E","?","$","T","?","R","E","M","E","R","BOSS"],"build_version":"2019-01-23","purchased_purges":0,"victory":false,"max_hp_per_floor":[82,82,82,82,82,82,82,82,82,82,82,82,82,82,82,82],"card_choices":[{"not_picked":["Shrug It Off","Heavy Blade"],"picked":"Whirlwind","floor":1},{"not_picked":["Ghostly Armor","Shrug It Off"],"picked":"Pommel Strike","floor":2},{"not_picked":["Flex","Cleave"],"picked":"Metallicize","floor":5},{"not_picked":["Seeing Red","True Grit"],"picked":"Flame Barrier","floor":6},{"not_picked":["Ghostly Armor","Berserk","Body Slam"],"picked":"SKIP","floor":12},{"not_picked":["Sword Boomerang","Twin Strike"],"picked":"Shockwave","floor":13},{"not_picked":["Pummel","Sword Boomerang","Flex"],"picked":"SKIP","floor":14}],"player_experience":702596,"relics_obtained":[{"floor":6,"key":"The Courier"},{"floor":9,"key":"Bottled Flame"},{"floor":12,"key":"Art of War"},{"floor":14,"key":"PreservedInsect"}],"event_choices":[{"cards_removed":["Strike_R"],"damage_healed":0,"gold_gain":0,"player_choice":"Purged","damage_taken":0,"max_hp_gain":0,"max_hp_loss":0,"event_name":"Purifier","floor":4,"gold_loss":0},{"damage_healed":0,"gold_gain":50,"player_choice":"Pray","damage_taken":0,"max_hp_gain":0,"max_hp_loss":0,"event_name":"Golden Shrine","floor":10,"gold_loss":0}],"is_beta":false,"boss_relics":[],"items_purged_floors":[],"is_endless":false,"potions_floor_spawned":[1,2,13],"killed_by":"The Guardian","ascension_level":17}