{"gold_per_floor":[113,124,124,136,186,186,216,234,234,234,268,287,43,58,58,132,132,147,147,147,147,159,187,199,224,224,224,259,259,285,303,303,380,380,399,419,641,741,305,305,333,333,333,362,380,397,430,447,447,447,447,447,447,6,34,34],"floor_reached":57,"playtime":3478,"items_purged":["Strike_R","Strike_R"],"score":2970,"play_id":"e5805df7-a58d-4bcf-9b3f-aca46f1f6aae","local_time":"20190419142016","is_ascension_mode":true,"campfire_choices":[{"data":"Headbutt","floor":6.0,"key":"SMITH"},{"data":"Bash","floor":10.0,"key":"SMITH"},{"data":"Bludgeon","floor":15.0,"key":"SMITH"},{"floor":27,"key":"REST"},{"data":"Strike_R","floor":29,"key":"PURGE"},{"data":"Whirlwind","floor":32,"key":"SMITH"},{"data":"Strike_R","floor":40,"key":"PURGE"},{"floor":42,"key":"RECALL"},{"data":"Strike_R","floor":49,"key":"PURGE"},{"floor":53,"key":"REST"}],"neow_cost":"TEN_PERCENT_HP_LOSS","seed_source_timestamp":0,"circlet_count":0,"master_deck":["AscendersBane","Defend_R","Defend_R","Defend_R","Defend_R","Bash+1","Shockwave","Headbutt+1","Shrug It Off","Bludgeon+1","Whirlwind+1","Feed","Disarm","Feed","Battle Trance","Immolate","Combust+1","Burning Pact","Corruption","Shrug It Off","Inflame+1","Headbutt+1","Shrug It Off+1","True Grit","Chrysalis","Impervious"],"special_seed":0,"relics":["Burning Blood","Champion Belt","Blood Vial","Peace Pipe","Sundial","Mercury Hourglass","Bag of Marbles","Snecko Eye","Nilry\u0027s Codex","MutagenicStrength","Gremlin Horn","Matryoshka","Strawberry","Paper Frog","Nunchaku","Red Mask","Black Star","Gambling Chip","Self Forming Clay","Smiling Mask","Frozen Egg 2","Bronze Scales","Lantern","Ice Cream","Ornamental Fan","Bird Faced Urn","ClockworkSouvenir","Mango","Red Skull"],"potions_floor_usage":[28,56,56],"damage_taken":[{"damage":8.0,"enemies":"2 Louse","floor":1.0,"turns":4.0},{"damage":4.0,"enemies":"Jaw Worm","floor":2.0,"turns":3.0},{"damage":5.0,"enemies":"Cultist","floor":4.0,"turns":5.0},{"damage":24.0,"enemies":"Gremlin Nob","floor":7.0,"turns":4.0},{"damage":9.0,"enemies":"Blue Slaver","floor":8.0,"turns":4.0},{"damage":40.0,"enemies":"Lagavulin","floor":11.0,"turns":6.0},{"damage":2.0,"enemies":"3 Louse","floor":12.0,"turns":3.0},{"damage":0.0,"enemies":"2 Fungi Beasts","floor":14.0,"turns":2.0},{"damage":10.0,"enemies":"Slime Boss","floor":16.0,"turns":7.0},{"damage":8.0,"enemies":"Spheric Guardian","floor":18.0,"turns":3.0},{"damage":0,"enemies":"Chosen","floor":22,"turns":3},{"damage":10,"enemies":"Slavers","floor":23,"turns":5},{"damage":10,"enemies":"Centurion and Healer","floor":24,"turns":5},{"damage":36,"enemies":"Book of Stabbing","floor":25,"turns":6},{"damage":6,"enemies":"Slavers","floor":28,"turns":6},{"damage":0,"enemies":"Masked Bandits","floor":30,"turns":2},{"damage":6,"enemies":"Snake Plant","floor":31,"turns":4},{"damage":8,"enemies":"Automaton","floor":33,"turns":6},{"damage":27,"enemies":"3 Darklings","floor":35,"turns":3},{"damage":20,"enemies":"Orb Walker","floor":36,"turns":4},{"damage":0,"enemies":"Mind Bloom Boss Battle","floor":38,"turns":5},{"damage":15,"enemies":"Giant Head","floor":41,"turns":6},{"damage":0,"enemies":"Reptomancer","floor":44,"turns":2},{"damage":0,"enemies":"Sphere and 2 Shapes","floor":45,"turns":4},{"damage":5,"enemies":"Transient","floor":46,"turns":6},{"damage":3,"enemies":"Giant Head","floor":47,"turns":4},{"damage":0,"enemies":"4 Shapes","floor":48,"turns":10},{"damage":49,"enemies":"Donu and Deca","floor":50,"turns":7},{"damage":58,"enemies":"Time Eater","floor":51,"turns":7},{"damage":54,"enemies":"Shield and Spear","floor":55,"turns":8},{"damage":112,"enemies":"The Heart","floor":56,"turns":11}],"seed_played":"-6948716121556725954","potions_obtained":[{"floor":4.0,"key":"Explosive Potion"},{"floor":7.0,"key":"Ancient Potion"},{"floor":18,"key":"Weak Potion"},{"floor":25,"key":"AttackPotion"},{"floor":30,"key":"PowerPotion"}],"is_trial":false,"path_per_floor":["M","M","?","M","?","R","E","M","T","R","E","M","$","M","R","B",null,"M","?","?","$","M","E","M","E","T","R","E","R","?","M","R","B",null,"M","M","?","?","$","R","E","R","T","E","M","M","E","M","R","B","B",null,"R","$","E","B",null],"character_chosen":"IRONCLAD","items_purchased":["Bag of Marbles","Self Forming Clay","Shrug It Off","True Grit","ClockworkSouvenir","Chrysalis"],"campfire_rested":2,"item_purchase_floors":[13,39,39,54,54,54],"current_hp_per_floor":[66,68,63,66,66,66,50,49,49,49,17,23,23,31,31,29,58,58,37,37,37,45,46,50,22,29,54,59,59,73,78,78,78,92,73,64,64,75,75,75,68,68,68,76,90,93,101,117,117,84,41,105,126,126,99,8],"gold":34,"neow_bonus":"ONE_RARE_RELIC","is_prod":false,"is_daily":false,"chose_seed":false,"campfire_upgraded":4,"win_rate":0,"timestamp":1555676416,"path_taken":["M","M","?","M","?","R","E","M","T","R","E","M","$","M","R","BOSS","M","?","?","$","M","E","M","E","T","R","E","R","?","M","R","BOSS","M","M","?","?","$","R","E","R","T","E","M","M","E","M","R","BOSS","BOSS","R","$","E","BOSS"],"build_version":"2019-01-23","purchased_purges":2,"victory":true,"max_hp_per_floor":[68,68,68,68,68,68,68,68,68,68,68,68,68,68,68,68,68,68,68,68,68,68,71,77,77,84,84,87,87,93,96,96,96,96,96,99,99,102,102,102,102,102,102,102,108,108,111,117,117,123,126,126,126,126,143,146],"card_choices":[{"not_picked":["Shrug It Off","Iron Wave"],"picked":"Shockwave","floor":1.0},{"not_picked":["Iron Wave","Havoc"],"picked":"Headbutt","floor":2.0},{"not_picked":["Clothesline","Dual Wield","Wild Strike"],"picked":"SKIP","floor":4.0},{"not_picked":["Searing Blow","Sentinel","Sever Soul"],"picked":"SKIP","floor":7.0},{"not_picked":["Wild Strike","Thunderclap"],"picked":"Shrug It Off","floor":8.0},{"not_picked":["Limit Break","Sever Soul"],"picked":"Bludgeon","floor":11.0},{"not_picked":["Thunderclap","Pommel Strike"],"picked":"Whirlwind","floor":12.0},{"not_picked":["Sever Soul","Seeing Red","Iron Wave"],"picked":"SKIP","floor":14.0},{"not_picked":["Impervious","Bludgeon"],"picked":"Feed","floor":16.0},{"not_picked":["True Grit+1","Anger+1","Iron Wave"],"picked":"SKIP","floor":18},{"not_picked":["Perfected Strike","Spot Weakness+1"],"picked":"Disarm","floor":22},{"not_picked":["Impervious","Iron Wave"],"picked":"Feed","floor":23},{"not_picked":["Iron Wave+1","Seeing Red"],"picked":"Battle Trance","floor":24},{"not_picked":["Sword Boomerang","Sever Soul+1","Power Through"],"picked":"SKIP","floor":25},{"not_picked":["Fiend Fire","Intimidate","Flex"],"picked":"SKIP","floor":28},{"not_picked":["True Grit","Flex+1","Blood for Blood"],"picked":"SKIP","floor":31},{"not_picked":["Fiend Fire","Feed"],"picked":"Immolate","floor":33},{"not_picked":["Pommel Strike","Cleave"],"picked":"Combust+1","floor":35},{"not_picked":["Clothesline","Thunderclap"],"picked":"Burning Pact","floor":36},{"not_picked":["Twin Strike","Whirlwind"],"picked":"Corruption","floor":38},{"not_picked":["Pummel","Entrench"],"picked":"Inflame+1","floor":41},{"not_picked":["Dual Wield","Immolate","Wild Strike"],"picked":"SKIP","floor":44},{"not_picked":["Rage","Anger"],"picked":"Headbutt+1","floor":45},{"not_picked":["Blood for Blood","Heavy Blade","Bloodletting"],"picked":"SKIP","floor":46},{"not_picked":["Iron Wave","Pummel"],"picked":"Shrug It Off+1","floor":47},{"not_picked":["Carnage","Pommel Strike","Flex"],"picked":"SKIP","floor":48},{"not_picked":["Second Wind","Twin Strike"],"picked":"Impervious","floor":55}],"player_experience":1446663,"relics_obtained":[{"floor":7.0,"key":"Peace Pipe"},{"floor":9.0,"key":"Sundial"},{"floor":11.0,"key":"Mercury Hourglass"},{"floor":19,"key":"Nilry\u0027s Codex"},{"floor":23,"key":"Gremlin Horn"},{"floor":25,"key":"Matryoshka"},{"floor":26,"key":"Strawberry"},{"floor":26,"key":"Paper Frog"},{"floor":28,"key":"Nunchaku"},{"floor":30,"key":"Red Mask"},{"floor":38,"key":"Gambling Chip"},{"floor":41,"key":"Smiling Mask"},{"floor":41,"key":"Frozen Egg 2"},{"floor":43,"key":"Bronze Scales"},{"floor":44,"key":"Lantern"},{"floor":44,"key":"Ice Cream"},{"floor":47,"key":"Ornamental Fan"},{"floor":47,"key":"Bird Faced Urn"},{"floor":55,"key":"Mango"},{"floor":55,"key":"Red Skull"}],"event_choices":[{"damage_healed":0.0,"max_hp_gain":0.0,"max_hp_loss":0.0,"gold_gain":0.0,"event_name":"Scrap Ooze","player_choice":"Success","floor":3.0,"gold_loss":0.0,"damage_taken":5.0,"relics_obtained":["Blood Vial"]},{"damage_healed":0.0,"max_hp_gain":0.0,"max_hp_loss":0.0,"gold_gain":50.0,"event_name":"Golden Shrine","player_choice":"Pray","floor":5.0,"gold_loss":0.0,"damage_taken":0.0},{"damage_healed":0,"gold_gain":0,"player_choice":"Obtained Book","damage_taken":21,"max_hp_gain":0,"max_hp_loss":0,"event_name":"Cursed Tome","floor":19,"gold_loss":0},{"damage_healed":0,"gold_gain":0,"player_choice":"Inject Mutagens","damage_taken":0,"relics_obtained":["MutagenicStrength"],"max_hp_gain":0,"max_hp_loss":0,"event_name":"Drug Dealer","floor":20,"gold_loss":0},{"damage_healed":0,"gold_gain":0,"player_choice":"Fought Bandits","damage_taken":0,"max_hp_gain":0,"max_hp_loss":0,"event_name":"Masked Bandits","floor":30,"gold_loss":0},{"damage_healed":0,"gold_gain":222,"player_choice":"Wore Mask","damage_taken":0,"max_hp_gain":0,"max_hp_loss":0,"event_name":"Tomb of Lord Red Mask","floor":37,"gold_loss":0},{"damage_healed":0,"gold_gain":0,"player_choice":"Fight","damage_taken":0,"max_hp_gain":0,"max_hp_loss":0,"event_name":"MindBloom","floor":38,"gold_loss":0}],"is_beta":false,"boss_relics":[{"not_picked":["Sozu","White Beast Statue"],"picked":"Snecko Eye"},{"not_picked":["Pandora\u0027s Box","Busted Crown"],"picked":"Black Star"}],"items_purged_floors":[13,39],"is_endless":false,"potions_floor_spawned":[4,7,11,14,18,25,30,31,33,36,41,45,47,48,55],"ascension_level":20}