{"path_per_floor":["M","?","M","?","$","R","M","E","T","E","R","?","M","E","R","B",null,"M","?","$","M","?"],"character_chosen":"IRONCLAD","items_purchased":["Iron Wave","Apotheosis"],"gold_per_floor":[117,217,227,227,129,129,147,176,200,234,234,184,196,229,229,328,328,342,342,44,55,55,55],"floor_reached":23,"campfire_rested":1,"playtime":1558,"item_purchase_floors":[],"current_hp_per_floor":[80,80,80,73,73,73,78,64,64,47,47,47,44,42,66,14,80,52,52,52,45,45,0],"items_purged":["Defend_R","Strike_R"],"gold":55,"score":217,"play_id":"0df1f703-6315-414f-91a7-a6fc3fbb7b7d","local_time":"20180531195328","is_prod":false,"is_daily":false,"chose_seed":false,"is_ascension_mode":true,"campfire_upgraded":2,"win_rate":0,"timestamp":1527821608,"campfire_choices":[{"data":"Armaments","floor":6.0,"key":"SMITH"},{"data":"Searing Blow","floor":11.0,"key":"SMITH"},{"floor":15.0,"key":"REST"}],"path_taken":["M","?","M","?","$","R","?","E","T","E","R","?","M","E","R","BOSS","M","?","?","M","?","E"],"build_version":"2018-05-24","seed_source_timestamp":350365089521677,"purchased_purges":2,"victory":false,"master_deck":["Strike_R","Defend_R+1","Defend_R","Defend_R+1","Bash","Bludgeon","Armaments+1","Entrench","Iron Wave","Metallicize","Combust","Searing Blow+1","Demon Form","Double Tap","Metallicize","Apotheosis","Inflame"],"max_hp_per_floor":[80,80,80,80,80,80,80,80,80,80,80,80,80,80,80,80,80,80,80,80,80,80,80],"relics":["Burning Blood","War Paint","Dream Catcher","Boot","Happy Flower","White Beast Statue"],"card_choices":[{"not_picked":["Clash","Spot Weakness"],"picked":"Armaments","floor":1.0},{"not_picked":["Flex","True Grit"],"picked":"Entrench","floor":3.0},{"not_picked":["Wild Strike","Burning Pact"],"picked":"Metallicize","floor":7.0},{"not_picked":["Hemokinesis","Bloodletting"],"picked":"Combust","floor":8.0},{"not_picked":["Clothesline","Hemokinesis"],"picked":"Searing Blow","floor":10.0},{"not_picked":["Thunderclap","Spot Weakness","Clash"],"picked":"SKIP","floor":13.0},{"not_picked":["Warcry","Body Slam"],"picked":"Demon Form","floor":14.0},{"not_picked":["Bludgeon","Demon Form"],"picked":"Double Tap","floor":16.0},{"not_picked":["Carnage+1","Disarm","Twin Strike"],"picked":"SKIP","floor":18.0},{"not_picked":["Havoc+1","Headbutt"],"picked":"Inflame","floor":21.0}],"player_experience":452161,"potions_floor_usage":[23,23],"damage_taken":[{"damage":2.0,"enemies":"Small Slimes","floor":1.0,"turns":4.0},{"damage":1.0,"enemies":"Cultist","floor":3.0,"turns":3.0},{"damage":1.0,"enemies":"Jaw Worm","floor":7.0,"turns":2.0},{"damage":20.0,"enemies":"3 Sentries","floor":8.0,"turns":10.0},{"damage":23.0,"enemies":"Lagavulin","floor":10.0,"turns":7.0},{"damage":9.0,"enemies":"Exordium Wildlife","floor":13.0,"turns":3.0},{"damage":8.0,"enemies":"3 Sentries","floor":14.0,"turns":6.0},{"damage":58.0,"enemies":"The Guardian","floor":16.0,"turns":13.0},{"damage":34.0,"enemies":"2 Thieves","floor":18.0,"turns":4.0},{"damage":13.0,"enemies":"Shell Parasite","floor":21.0,"turns":5.0},{"damage":48,"enemies":"Slavers","floor":23,"turns":6}],"relics_obtained":[{"floor":8.0,"key":"War Paint"},{"floor":9.0,"key":"Dream Catcher"},{"floor":10.0,"key":"Boot"},{"floor":14.0,"key":"Happy Flower"}],"event_choices":[{"event_name":"Wheel of Change","player_choice":"Gold","floor":2.0,"damage_taken":0.0},{"event_name":"Golden Wing","player_choice":"Card Removal","floor":4.0,"damage_taken":0.0},{"event_name":"The Cleric","player_choice":"Card Removal","floor":12.0,"damage_taken":0.0},{"event_name":"Duplicator","player_choice":"One dupe","floor":19.0,"damage_taken":0.0},{"event_name":"Beggar","player_choice":"Ignored","floor":22.0,"damage_taken":0.0}],"boss_relics":[],"items_purged_floors":[],"potions_floor_spawned":[8,13,14,16,18,21],"seed_played":"-6894099880497292953","killed_by":"Slavers","ascension_level":1,"potions_obtained":[{"floor":8.0,"key":"Strength Potion"},{"floor":13.0,"key":"Ancient Potion"},{"floor":14.0,"key":"Fire Potion"},{"floor":18.0,"key":"Strength Potion"},{"floor":21.0,"key":"Weak Potion"}],"is_trial":false}