{"gold_per_floor":[14,14,27,42,42,77,93,93,93,105,105,105,134,144,144,240,240,258,258,274,291,310,336,358,370],"floor_reached":25,"playtime":1566,"items_purged":[],"score":373,"play_id":"95321dc8-e610-4998-9f3f-5b98adc9fecd","local_time":"20190419031946","is_ascension_mode":true,"campfire_choices":[{"data":"Tempest","floor":8,"key":"SMITH"},{"data":"Dualcast","floor":12,"key":"SMITH"},{"data":"Scrape","floor":15,"key":"SMITH"}],"neow_cost":"NO_GOLD","seed_source_timestamp":209792952587492,"circlet_count":0,"master_deck":["Strike_B","Strike_B","Strike_B","Defend_B","Defend_B","Defend_B","Defend_B","Zap+1","Dualcast+1","Madness","Secret Technique+1","Tempest+1","Scrape+1","Cold Snap","Conserve Battery","BootSequence","Capacitor","Self Repair+1","Ball Lightning","Echo Form+1","Conserve Battery","Self Repair+1","All For One","Auto Shields","Hologram"],"relics":["Cracked Core","Pen Nib","Meat on the Bone","Anchor","Frozen Egg 2","Sozu","MawBank"],"potions_floor_usage":[16,18,20],"damage_taken":[{"damage":0,"enemies":"Small Slimes","floor":1,"turns":2},{"damage":1,"enemies":"Cultist","floor":3,"turns":3},{"damage":2,"enemies":"2 Louse","floor":4,"turns":3},{"damage":29,"enemies":"Lagavulin","floor":6,"turns":5},{"damage":1,"enemies":"Blue Slaver","floor":7,"turns":2},{"damage":5,"enemies":"Lots of Slimes","floor":10,"turns":4},{"damage":16,"enemies":"3 Sentries","floor":13,"turns":6},{"damage":0,"enemies":"Large Slime","floor":14,"turns":3},{"damage":0,"enemies":"Slime Boss","floor":16,"turns":4},{"damage":7,"enemies":"Shell Parasite","floor":18,"turns":3},{"damage":44,"enemies":"3 Byrds","floor":20,"turns":5},{"damage":13,"enemies":"Centurion and Healer","floor":21,"turns":8},{"damage":19,"enemies":"Shelled Parasite and Fungi","floor":22,"turns":4},{"damage":58,"enemies":"Slavers","floor":23,"turns":6},{"damage":0,"enemies":"Snake Plant","floor":24,"turns":2},{"damage":55,"enemies":"Gremlin Leader","floor":25,"turns":8}],"seed_played":"8744143027955055056","potions_obtained":[{"floor":1,"key":"PowerPotion"},{"floor":3,"key":"FearPotion"},{"floor":13,"key":"SkillPotion"},{"floor":14,"key":"Regen Potion"},{"floor":16,"key":"Strength Potion"}],"is_trial":false,"path_per_floor":["?","?","M","M","?","?","M"],"character_chosen":"DEFECT","items_purchased":[],"campfire_rested":0,"item_purchase_floors":[],"current_hp_per_floor":[68,68,67,65,65,36,47,47,47,42,35,35,31,53,53,53,70,63,63,53,50,73,47,47,0],"gold":370,"neow_bonus":"RANDOM_COLORLESS_2","is_prod":false,"is_daily":false,"chose_seed":false,"campfire_upgraded":3,"win_rate":0,"timestamp":1555618786,"path_taken":["M","?","M","M","?","E","?","R","T","?","?","R","E","M","R","BOSS","M","?","M","?","M","E","M","E"],"build_version":"2019-01-23","purchased_purges":0,"victory":false,"max_hp_per_floor":[75,75,75,75,75,75,75,75,75,75,75,75,75,75,75,75,75,75,75,75,75,75,75,75,75],"card_choices":[{"not_picked":["Aggregate","Leap"],"picked":"Tempest","floor":1},{"not_picked":["Beam Cell","Coolheaded"],"picked":"Scrape","floor":3},{"not_picked":["Barrage","Reprogram"],"picked":"Cold Snap","floor":4},{"not_picked":["Chaos","Self Repair"],"picked":"Conserve Battery","floor":6},{"not_picked":["Fission","Stack"],"picked":"BootSequence","floor":7},{"not_picked":["Turbo","Coolheaded"],"picked":"Capacitor","floor":10},{"not_picked":["Redo","Go for the Eyes"],"picked":"Self Repair","floor":13},{"not_picked":["Steam Power","Compile Driver"],"picked":"Ball Lightning","floor":14},{"not_picked":["Amplify","Core Surge"],"picked":"Echo Form+1","floor":16},{"not_picked":["Rebound","Steam+1"],"picked":"Conserve Battery","floor":18},{"not_picked":["Stack","Gash+1","Blizzard"],"picked":"SKIP","floor":20},{"not_picked":["Sweeping Beam","Ball Lightning"],"picked":"Self Repair+1","floor":21},{"not_picked":["Barrage+1","Conserve Battery"],"picked":"All For One","floor":22},{"not_picked":["Hologram","Tempest"],"picked":"Auto Shields","floor":23},{"not_picked":["Compile Driver","Streamline"],"picked":"Hologram","floor":24}],"player_experience":263647,"relics_obtained":[{"floor":6,"key":"Meat on the Bone"},{"floor":9,"key":"Anchor"},{"floor":13,"key":"Frozen Egg 2"},{"floor":23,"key":"MawBank"}],"event_choices":[{"damage_healed":0,"gold_gain":0,"player_choice":"Grow","damage_taken":0,"max_hp_gain":0,"max_hp_loss":0,"event_name":"Living Wall","floor":2,"gold_loss":0,"cards_upgraded":["Zap"]},{"damage_healed":0,"gold_gain":0,"player_choice":"Gave Potion","damage_taken":0,"relics_obtained":["Pen Nib"],"max_hp_gain":0,"max_hp_loss":0,"event_name":"WeMeetAgain","floor":5,"gold_loss":0},{"cards_removed":["Strike_B"],"damage_healed":0,"gold_gain":0,"player_choice":"Card Removal","damage_taken":7,"max_hp_gain":0,"max_hp_loss":0,"event_name":"Golden Wing","floor":11,"gold_loss":0},{"damage_healed":0,"gold_gain":0,"player_choice":"Upgraded","damage_taken":0,"max_hp_gain":0,"max_hp_loss":0,"event_name":"Upgrade Shrine","floor":19,"gold_loss":0,"cards_upgraded":["Secret Technique"]}],"is_beta":false,"boss_relics":[{"not_picked":["Black Star","Snecko Eye"],"picked":"Sozu"}],"items_purged_floors":[],"is_endless":false,"potions_floor_spawned":[1,3,13,14,16,18,21,23],"killed_by":"Gremlin Leader","ascension_level":6}