{"gold_per_floor":[109,284,295,307,321,349,349,35,35,35,46,46,58,133,133,228,228,240,240,258,22,22,50,50,76,99,99,49,49,69,69,69,169,169,184,284,284,284,180,180,215,215,296,310,335,335,366,383,383,383],"floor_reached":50,"playtime":2838,"items_purged":["Doubt","Defend_R+1","Shame"],"score":614,"play_id":"f0baaa37-2f5a-4354-956e-5c91c90ca087","local_time":"20190129220659","is_ascension_mode":false,"campfire_choices":[{"data":"Armaments","floor":7,"key":"SMITH"},{"data":"Bash","floor":10,"key":"SMITH"},{"data":"Spot Weakness","floor":15,"key":"SMITH"},{"floor":24,"key":"REST"},{"floor":32,"key":"REST"},{"floor":40,"key":"RECALL"},{"data":"Havoc","floor":42,"key":"SMITH"},{"data":"True Grit","floor":49,"key":"SMITH"}],"neow_cost":"PERCENT_DAMAGE","seed_source_timestamp":1280704855406900,"circlet_count":0,"master_deck":["Strike_R+1","Strike_R+1","Strike_R+1","Defend_R+1","Defend_R+1","Bash+1","Ghostly Armor","Heavy Blade","Armaments+1","Feel No Pain","Battle Trance+1","Spot Weakness+1","Corruption","Shrug It Off","Impervious","Uppercut","Inflame","Rage","Demon Form","Seeing Red+1","Havoc+1","Heavy Blade+1","Dark Embrace","Fire Breathing+1","True Grit+1","Havoc+1","Reckless Charge+1","Parasite"],"relics":["Burning Blood","Letter Opener","Ice Cream","Paper Frog","Smiling Mask","Ornamental Fan","Philosopher\u0027s Stone","MutagenicStrength","Bag of Marbles","Juzu Bracelet","WingedGreaves","Sozu","FossilizedHelix","Oddly Smooth Stone","Sundial","Lantern","War Paint","Pantograph"],"potions_floor_usage":[6,11,16,16,23],"damage_taken":[{"damage":0,"enemies":"2 Louse","floor":1,"turns":3},{"damage":5,"enemies":"Jaw Worm","floor":3,"turns":5},{"damage":0,"enemies":"Small Slimes","floor":4,"turns":5},{"damage":0,"enemies":"3 Louse","floor":5,"turns":6},{"damage":12,"enemies":"3 Sentries","floor":6,"turns":11},{"damage":1,"enemies":"Exordium Wildlife","floor":11,"turns":3},{"damage":0,"enemies":"2 Fungi Beasts","floor":13,"turns":3},{"damage":4,"enemies":"Slime Boss","floor":16,"turns":9},{"damage":4,"enemies":"Shell Parasite","floor":18,"turns":6},{"damage":9,"enemies":"Chosen","floor":20,"turns":5},{"damage":42,"enemies":"Slavers","floor":23,"turns":5},{"damage":12,"enemies":"Book of Stabbing","floor":25,"turns":5},{"damage":0,"enemies":"Snecko","floor":30,"turns":3},{"damage":43,"enemies":"Automaton","floor":33,"turns":9},{"damage":8,"enemies":"Orb Walker","floor":35,"turns":4},{"damage":4,"enemies":"Mind Bloom Boss Battle","floor":36,"turns":6},{"damage":15,"enemies":"Nemesis","floor":41,"turns":5},{"damage":5,"enemies":"3 Darklings","floor":44,"turns":5},{"damage":0,"enemies":"Giant Head","floor":45,"turns":6},{"damage":23,"enemies":"Nemesis","floor":47,"turns":7},{"damage":3,"enemies":"Writhing Mass","floor":48,"turns":5},{"damage":87,"enemies":"Time Eater","floor":50,"turns":7}],"seed_played":"-1006026551109659981","potions_obtained":[{"floor":3,"key":"FearPotion"},{"floor":4,"key":"Energy Potion"},{"floor":5,"key":"LiquidBronze"},{"floor":6,"key":"SkillPotion"},{"floor":16,"key":"Strength Potion"},{"floor":20,"key":"SteroidPotion"},{"floor":30,"key":"SteroidPotion"}],"is_trial":false,"path_per_floor":["M","?","M","M","M","E","R","$","T","R","M","?","M","T","R","B",null,"M","?","M","$","?","E","R","E","T","?","$","?","M","?","R","B",null,"M","?","?","?","$","R","E","R","T","M","E","T","E","M","R","B"],"character_chosen":"IRONCLAD","items_purchased":["Ice Cream","Demon Form","Seeing Red","True Grit"],"campfire_rested":2,"item_purchase_floors":[8,21,21,39],"current_hp_per_floor":[62,62,63,69,75,69,69,69,69,69,74,56,62,62,62,64,80,80,80,77,77,77,41,65,59,59,59,59,44,50,50,75,38,85,83,85,85,85,85,85,76,76,76,77,83,83,66,69,69,0],"gold":383,"neow_bonus":"TRANSFORM_TWO_CARDS","is_prod":false,"is_daily":false,"chose_seed":false,"campfire_upgraded":5,"win_rate":0,"timestamp":1548824819,"path_taken":["M","?","M","M","M","E","R","$","T","R","M","?","M","?","R","BOSS","M","?","M","$","?","E","R","E","T","?","$","?","M","?","R","BOSS","M","?","?","?","$","R","E","R","T","M","E","?","E","M","R","BOSS"],"build_version":"2019-01-23","purchased_purges":3,"victory":false,"max_hp_per_floor":[80,80,80,80,80,80,80,80,80,80,80,80,80,80,80,80,80,80,80,80,80,80,80,80,80,80,80,80,85,85,85,85,85,85,85,85,85,85,85,85,85,85,85,85,85,85,85,85,85,85],"card_choices":[{"not_picked":["Clash","Havoc"],"picked":"Armaments","floor":1},{"not_picked":["Body Slam","Perfected Strike"],"picked":"Feel No Pain","floor":3},{"not_picked":["Combust","Headbutt"],"picked":"Battle Trance","floor":4},{"not_picked":["Rampage","True Grit"],"picked":"Spot Weakness","floor":5},{"not_picked":["Warcry","Ghostly Armor"],"picked":"Corruption","floor":6},{"not_picked":["Havoc","Seeing Red","Wild Strike"],"picked":"SKIP","floor":11},{"not_picked":["Searing Blow","Pommel Strike"],"picked":"Shrug It Off","floor":13},{"not_picked":["Brutality","Exhume"],"picked":"Impervious","floor":16},{"not_picked":["Reckless Charge","Twin Strike"],"picked":"Uppercut","floor":18},{"not_picked":["Burning Pact","Searing Blow"],"picked":"Rage","floor":20},{"not_picked":["Wild Strike","Perfected Strike"],"picked":"Havoc+1","floor":23},{"not_picked":["Cleave","Thunderclap","Feed"],"picked":"SKIP","floor":25},{"not_picked":["Seeing Red","Rupture"],"picked":"Heavy Blade+1","floor":30},{"not_picked":["Reaper","Offering"],"picked":"Dark Embrace","floor":33},{"not_picked":["Heavy Blade","Power Through+1"],"picked":"Fire Breathing+1","floor":35},{"not_picked":["Pommel Strike","Rupture+1"],"picked":"Havoc","floor":41},{"not_picked":["Fire Breathing","Bloodletting","Searing Blow+1"],"picked":"SKIP","floor":44},{"not_picked":["Anger","Reaper"],"picked":"Reckless Charge+1","floor":45},{"not_picked":["Cleave+1","Armaments","Sword Boomerang"],"picked":"SKIP","floor":47},{"not_picked":["Thunderclap+1","Twin Strike+1","Sentinel"],"picked":"SKIP","floor":48}],"player_experience":419036,"relics_obtained":[{"floor":6,"key":"Letter Opener"},{"floor":9,"key":"Paper Frog"},{"floor":14,"key":"Ornamental Fan"},{"floor":23,"key":"Bag of Marbles"},{"floor":25,"key":"Juzu Bracelet"},{"floor":36,"key":"FossilizedHelix"},{"floor":41,"key":"Oddly Smooth Stone"},{"floor":43,"key":"Sundial"},{"floor":45,"key":"Lantern"},{"floor":46,"key":"War Paint"},{"floor":47,"key":"Pantograph"}],"event_choices":[{"damage_healed":0,"gold_gain":175,"player_choice":"AGREE","damage_taken":0,"max_hp_gain":0,"max_hp_loss":0,"event_name":"Liars Game","floor":2,"gold_loss":0,"cards_obtained":["Doubt"]},{"damage_healed":0,"gold_gain":0,"player_choice":"Success","damage_taken":18,"relics_obtained":["Smiling Mask"],"max_hp_gain":0,"max_hp_loss":0,"event_name":"Scrap Ooze","floor":12,"gold_loss":0},{"damage_healed":0,"gold_gain":0,"player_choice":"Read","damage_taken":0,"max_hp_gain":0,"max_hp_loss":0,"event_name":"The Library","floor":19,"gold_loss":0,"cards_obtained":["Inflame"]},{"damage_healed":0,"gold_gain":0,"player_choice":"Inject Mutagens","damage_taken":0,"relics_obtained":["MutagenicStrength"],"max_hp_gain":0,"max_hp_loss":0,"event_name":"Drug Dealer","floor":22,"gold_loss":0},{"damage_healed":0,"gold_gain":0,"player_choice":"Simplicity","damage_taken":0,"max_hp_gain":0,"max_hp_loss":0,"event_name":"Back to Basics","floor":27,"gold_loss":0,"cards_upgraded":["Strike_R","Strike_R","Strike_R","Defend_R","Defend_R","Defend_R","Defend_R"]},{"damage_healed":0,"gold_gain":0,"player_choice":"Shed Blood","damage_taken":20,"max_hp_gain":5,"max_hp_loss":0,"event_name":"Forgotten Altar","floor":29,"gold_loss":0},{"damage_healed":0,"gold_gain":0,"player_choice":"Stole Relic","damage_taken":0,"relics_obtained":["WingedGreaves"],"max_hp_gain":0,"max_hp_loss":0,"event_name":"Addict","floor":31,"gold_loss":0,"cards_obtained":["Shame"]},{"damage_healed":0,"gold_gain":0,"player_choice":"Fight","damage_taken":0,"max_hp_gain":0,"max_hp_loss":0,"event_name":"MindBloom","floor":36,"gold_loss":0},{"damage_healed":0,"gold_gain":0,"player_choice":"Ignored","damage_taken":0,"max_hp_gain":0,"max_hp_loss":0,"event_name":"Tomb of Lord Red Mask","floor":37,"gold_loss":0},{"cards_removed":["Defend_R"],"damage_healed":0,"gold_gain":0,"player_choice":"Removed Skill","damage_taken":0,"max_hp_gain":0,"max_hp_loss":0,"event_name":"Falling","floor":38,"gold_loss":0}],"is_beta":true,"boss_relics":[{"not_picked":["Eternal Feather","Calling Bell"],"picked":"Philosopher\u0027s Stone"},{"not_picked":["Coffee Dripper","Lizard Tail"],"picked":"Sozu"}],"items_purged_floors":[21,28,39],"is_endless":false,"potions_floor_spawned":[3,4,5,6,16,20,30,41,44,45,47],"killed_by":"Time Eater","ascension_level":0}