{"gold_per_floor":[116,41,55,69,83,83,116,116,116,116,116,134,173,197,197,320,320,304,325,325,325,338,338,366,384,407,407,407,418,518,10,10,109,109,129,149,149,49,49,81,99,99,122,0,0,25,44,77,77,77],"floor_reached":51,"playtime":8557,"items_purged":["Regret","Injury"],"score":867,"play_id":"f0b8c54b-21ca-49de-8c64-824ba133df64","local_time":"20190418191149","is_ascension_mode":true,"campfire_choices":[{"data":"Uppercut","floor":6,"key":"SMITH"},{"data":"Armaments","floor":15,"key":"SMITH"},{"data":"Demon Form","floor":23,"key":"SMITH"},{"data":"Heavy Blade","floor":27,"key":"SMITH"},{"data":"Feed","floor":32,"key":"SMITH"},{"data":"Sword Boomerang","floor":42,"key":"SMITH"},{"data":"Ghostly Armor","floor":45,"key":"SMITH"},{"floor":49,"key":"REST"}],"neow_cost":"CURSE","seed_source_timestamp":523654315198300,"circlet_count":0,"master_deck":["Strike_R","Strike_R","Defend_R","Defend_R+1","Defend_R","Bash","Shockwave+1","Ghostly Armor+1","Uppercut+1","Rampage","Anger","Twin Strike","Armaments+1","Flame Barrier+1","Anger","Demon Form+1","Sword Boomerang+1","Infernal Blade+1","Whirlwind+1","Heavy Blade+1","Feed+1","Disarm+1","Shrug It Off+1","Immolate+1","Offering+1","Barricade","Whirlwind+1"],"relics":["Burning Blood","Nunchaku","Question Card","Bloody Idol","Toxic Egg 2","Sozu","Shuriken","War Paint","Orichalcum","Unceasing Top","Pear","Molten Egg 2","Brimstone","Snecko Eye","Matryoshka","Letter Opener","Lantern","Red Mask","Red Skull","Mercury Hourglass"],"potions_floor_usage":[7,7,16,24],"damage_taken":[{"damage":5,"enemies":"Cultist","floor":1,"turns":5},{"damage":1,"enemies":"2 Louse","floor":3,"turns":2},{"damage":6,"enemies":"Jaw Worm","floor":4,"turns":4},{"damage":17,"enemies":"Lots of Slimes","floor":5,"turns":4},{"damage":26,"enemies":"3 Sentries","floor":7,"turns":7},{"damage":6,"enemies":"3 Louse","floor":12,"turns":4},{"damage":12,"enemies":"Lagavulin","floor":13,"turns":7},{"damage":0,"enemies":"Large Slime","floor":14,"turns":5},{"damage":28,"enemies":"Slime Boss","floor":16,"turns":11},{"damage":20,"enemies":"2 Thieves","floor":18,"turns":4},{"damage":29,"enemies":"3 Byrds","floor":19,"turns":4},{"damage":0,"enemies":"Snecko","floor":22,"turns":3},{"damage":35,"enemies":"Slavers","floor":24,"turns":3},{"damage":14,"enemies":"Shelled Parasite and Fungi","floor":25,"turns":4},{"damage":6,"enemies":"Centurion and Healer","floor":29,"turns":4},{"damage":25,"enemies":"Colosseum Slavers","floor":30,"turns":4},{"damage":9,"enemies":"Colosseum Nobs","floor":30,"turns":4},{"damage":23,"enemies":"Automaton","floor":33,"turns":5},{"damage":4,"enemies":"3 Darklings","floor":35,"turns":2},{"damage":0,"enemies":"Orb Walker","floor":36,"turns":2},{"damage":20,"enemies":"Reptomancer","floor":40,"turns":4},{"damage":21,"enemies":"3 Darklings","floor":41,"turns":3},{"damage":35,"enemies":"Nemesis","floor":46,"turns":5},{"damage":22,"enemies":"Sphere and 2 Shapes","floor":47,"turns":3},{"damage":6,"enemies":"Giant Head","floor":48,"turns":3},{"damage":48,"enemies":"Time Eater","floor":50,"turns":5}],"seed_played":"4039230729878143968","potions_obtained":[{"floor":1,"key":"BloodPotion"},{"floor":3,"key":"AttackPotion"},{"floor":5,"key":"Poison Potion"},{"floor":7,"key":"Strength Potion"},{"floor":16,"key":"Swift Potion"}],"is_trial":false,"path_per_floor":["M","$","M","M","M","R","E","?","T","?","?","M","E","M","R","B",null,"M","M","?","?","M","R","E","M","T","R","?","M","?","$","R","B",null,"M","M","?","$","?","E","M","R","T","?","R","E","M","E","R","B",null],"character_chosen":"IRONCLAD","items_purchased":["Molten Egg 2","Brimstone","Shrug It Off+1"],"campfire_rested":1,"item_purchase_floors":[31,31,31],"current_hp_per_floor":[80,80,80,80,69,69,57,50,50,50,50,50,44,50,50,28,80,66,43,43,43,54,54,30,27,32,32,58,63,56,56,56,44,90,90,90,90,90,90,81,71,71,76,76,76,52,41,46,73,31],"gold":77,"neow_bonus":"TRANSFORM_TWO_CARDS","is_prod":false,"is_daily":false,"chose_seed":false,"campfire_upgraded":7,"win_rate":0,"timestamp":1555629109,"path_taken":["M","$","M","M","?","R","E","?","T","?","?","M","E","?","R","BOSS","M","?","?","?","?","R","E","M","T","R","?","M","?","$","R","BOSS","M","M","?","$","?","E","?","R","T","?","R","E","M","E","R","BOSS"],"build_version":"2019-01-23","purchased_purges":2,"victory":true,"max_hp_per_floor":[80,80,80,80,80,80,80,80,80,80,80,80,80,80,80,80,80,80,80,80,80,80,80,80,80,80,80,80,80,90,90,90,90,90,90,90,90,90,90,90,90,90,90,90,90,90,90,90,90,90],"card_choices":[{"not_picked":["Headbutt","Flex"],"picked":"Uppercut","floor":1},{"not_picked":["Dropkick","Hemokinesis"],"picked":"Rampage","floor":3},{"not_picked":["Perfected Strike","Headbutt"],"picked":"Anger","floor":4},{"not_picked":["Body Slam","Rampage"],"picked":"Twin Strike","floor":5},{"not_picked":["Iron Wave","Sword Boomerang"],"picked":"Clothesline","floor":7},{"not_picked":["Intimidate","Wild Strike","Rampage"],"picked":"Armaments","floor":12},{"not_picked":["Pommel Strike","Clothesline","Thunderclap"],"picked":"Flame Barrier","floor":13},{"not_picked":["Wild Strike","Clothesline","Carnage"],"picked":"Anger","floor":14},{"not_picked":["Feed","Barricade","Fiend Fire"],"picked":"Demon Form","floor":16},{"not_picked":["Cleave","Sever Soul","Twin Strike"],"picked":"Sword Boomerang","floor":18},{"not_picked":["Perfected Strike","Pommel Strike","Thunderclap"],"picked":"Infernal Blade+1","floor":19},{"not_picked":["Dual Wield+1","Carnage","Infernal Blade+1"],"picked":"Whirlwind+1","floor":22},{"not_picked":["Intimidate+1","Carnage+1","Blood for Blood+1"],"picked":"Heavy Blade","floor":24},{"not_picked":["Body Slam","Warcry+1","Perfected Strike","Uppercut"],"picked":"SKIP","floor":25},{"not_picked":["Flame Barrier+1","Rampage","Dual Wield+1"],"picked":"Feed","floor":29},{"not_picked":["Cleave","Flex+1","Shockwave+1"],"picked":"Disarm+1","floor":30},{"not_picked":["Feed+1","Bludgeon+1","Demon Form"],"picked":"Immolate+1","floor":33},{"not_picked":["Armaments+1","Flex+1","Wild Strike+1","Cleave+1"],"picked":"SKIP","floor":35},{"not_picked":["Sever Soul+1","Disarm+1","Body Slam+1","Armaments+1"],"picked":"SKIP","floor":36},{"not_picked":["Bloodletting+1","Rage+1","Sword Boomerang+1","Sever Soul+1"],"picked":"SKIP","floor":40},{"not_picked":["Warcry+1","Flame Barrier+1","Headbutt+1"],"picked":"Offering+1","floor":41},{"not_picked":["Armaments+1","Wild Strike+1","Shockwave+1"],"picked":"Barricade","floor":46},{"not_picked":["Twin Strike+1","Warcry+1","Inflame+1","Battle Trance+1"],"picked":"SKIP","floor":47},{"not_picked":["Dark Embrace","Barricade","Pommel Strike+1"],"picked":"Whirlwind+1","floor":48}],"player_experience":58990,"relics_obtained":[{"floor":7,"key":"Nunchaku"},{"floor":9,"key":"Question Card"},{"floor":13,"key":"Toxic Egg 2"},{"floor":24,"key":"War Paint"},{"floor":26,"key":"Orichalcum"},{"floor":30,"key":"Unceasing Top"},{"floor":30,"key":"Pear"},{"floor":40,"key":"Matryoshka"},{"floor":43,"key":"Letter Opener"},{"floor":43,"key":"Lantern"},{"floor":46,"key":"Red Skull"},{"floor":48,"key":"Mercury Hourglass"}],"event_choices":[{"cards_removed":["Strike_R"],"damage_healed":0,"gold_gain":0,"player_choice":"Card Removal","damage_taken":7,"max_hp_gain":0,"max_hp_loss":0,"event_name":"Golden Wing","floor":8,"gold_loss":0},{"damage_healed":0,"gold_gain":0,"player_choice":"Take Wound","damage_taken":0,"relics_obtained":["Golden Idol"],"max_hp_gain":0,"max_hp_loss":0,"event_name":"Golden Idol","floor":10,"gold_loss":0,"cards_obtained":["Injury"]},{"damage_healed":0,"gold_gain":0,"player_choice":"Ignored","damage_taken":0,"max_hp_gain":0,"max_hp_loss":0,"event_name":"Liars Game","floor":11,"gold_loss":0},{"damage_healed":0,"gold_gain":0,"player_choice":"Gave Idol","damage_taken":0,"relics_obtained":["Bloody Idol"],"max_hp_gain":0,"max_hp_loss":0,"event_name":"Forgotten Altar","floor":20,"relics_lost":["Golden Idol"],"gold_loss":0},{"cards_removed":["Clothesline"],"damage_healed":0,"gold_gain":0,"player_choice":"Gave Card","damage_taken":0,"relics_obtained":["Shuriken"],"max_hp_gain":0,"max_hp_loss":0,"event_name":"WeMeetAgain","floor":21,"gold_loss":0},{"damage_healed":26,"gold_gain":0,"player_choice":"Heal","damage_taken":0,"max_hp_gain":0,"max_hp_loss":0,"event_name":"The Library","floor":28,"gold_loss":0},{"damage_healed":0,"gold_gain":0,"player_choice":"Fight","damage_taken":0,"max_hp_gain":0,"max_hp_loss":0,"event_name":"Colosseum","floor":30,"gold_loss":0},{"damage_healed":0,"gold_gain":0,"player_choice":"Fought Nobs","damage_taken":0,"max_hp_gain":0,"max_hp_loss":0,"event_name":"Colosseum","floor":30,"gold_loss":0},{"cards_removed":["Defend_R"],"damage_healed":0,"gold_gain":0,"player_choice":"Removed Skill","damage_taken":0,"max_hp_gain":0,"max_hp_loss":0,"event_name":"Falling","floor":37,"gold_loss":0},{"damage_healed":0,"gold_gain":0,"player_choice":"Ignored","damage_taken":0,"max_hp_gain":0,"max_hp_loss":0,"event_name":"SecretPortal","floor":39,"gold_loss":0},{"damage_healed":0,"gold_gain":0,"player_choice":"Paid","damage_taken":0,"relics_obtained":["Red Mask"],"max_hp_gain":0,"max_hp_loss":0,"event_name":"Tomb of Lord Red Mask","floor":44,"gold_loss":122}],"is_beta":false,"boss_relics":[{"not_picked":["Ectoplasm","Empty Cage"],"picked":"Sozu"},{"not_picked":["Black Blood","Runic Cube"],"picked":"Snecko Eye"}],"items_purged_floors":[2,38],"is_endless":false,"potions_floor_spawned":[1,3,5,7,16,18,29,30,30,36],"ascension_level":2}