{"gold_per_floor":[115,165,182,25,40,73,73,104,104,104,124,142,142,142],"floor_reached":14,"playtime":714,"items_purged":[],"score":200,"play_id":"9c11a5fd-a519-4bad-ac59-a9a8c1f97d4e","local_time":"20190122120044","is_ascension_mode":true,"campfire_choices":[{"data":"Dagger Spray","floor":7.0,"key":"SMITH"},{"data":"Neutralize","floor":10.0,"key":"SMITH"}],"neow_cost":"NONE","seed_source_timestamp":0,"circlet_count":0,"master_deck":["AscendersBane","Defend_G","Defend_G","Defend_G","Defend_G","Defend_G","Strike_G","Strike_G","Strike_G","Strike_G","Strike_G","Survivor","Neutralize+1","Dagger Throw","Blur","Tactician","Dagger Spray+1","Wraith Form v2","Flechettes"],"special_seed":0,"relics":["Ring of the Snake","NeowsBlessing","PreservedInsect","Smiling Mask","Pear","Centennial Puzzle","SsserpentHead"],"potions_floor_usage":[12],"damage_taken":[{"damage":0.0,"enemies":"Jaw Worm","floor":1.0,"turns":1.0},{"damage":0.0,"enemies":"Cultist","floor":3.0,"turns":1.0},{"damage":0.0,"enemies":"2 Louse","floor":5.0,"turns":1.0},{"damage":22.0,"enemies":"Lagavulin","floor":6.0,"turns":5.0},{"damage":28.0,"enemies":"Gremlin Nob","floor":8.0,"turns":4.0},{"damage":11.0,"enemies":"Lots of Slimes","floor":11.0,"turns":5.0},{"damage":6,"enemies":"Blue Slaver","floor":12,"turns":6},{"damage":5,"enemies":"3 Sentries","floor":14,"turns":2}],"seed_played":"3854420600149039809","potions_obtained":[{"floor":3.0,"key":"AttackPotion"},{"floor":5.0,"key":"GamblersBrew"},{"floor":11.0,"key":"PowerPotion"}],"is_trial":false,"path_per_floor":["M","?","M","$","M","E","R","E","T","R","M","M","?","E"],"character_chosen":"THE_SILENT","items_purchased":["PreservedInsect"],"campfire_rested":0,"item_purchase_floors":[4],"current_hp_per_floor":[59,59,59,59,59,37,37,19,19,19,8,2,2,0],"gold":142,"neow_bonus":"THREE_ENEMY_KILL","is_prod":false,"is_daily":false,"chose_seed":false,"campfire_upgraded":2,"win_rate":0,"timestamp":1548154844,"path_taken":["M","?","M","$","M","E","R","E","T","R","M","?","?","E"],"build_version":"2019-01-17v2","purchased_purges":0,"victory":false,"max_hp_per_floor":[66,66,66,66,66,66,66,76,76,76,76,76,76,76],"card_choices":[{"not_picked":["Infinite Blades","Quick Slash"],"picked":"Dagger Throw","floor":1.0},{"not_picked":["Predator","Backflip"],"picked":"Blur","floor":3.0},{"not_picked":["Acrobatics","Outmaneuver"],"picked":"Tactician","floor":5.0},{"not_picked":["Accuracy","Infinite Blades"],"picked":"Dagger Spray","floor":6.0},{"not_picked":["Acrobatics","Flechettes"],"picked":"Wraith Form v2","floor":8.0},{"not_picked":["Flying Knee","Dagger Spray","Endless Agony"],"picked":"SKIP","floor":11.0},{"not_picked":["Outmaneuver","Cloak And Dagger"],"picked":"Flechettes","floor":12}],"player_experience":1247906,"relics_obtained":[{"floor":6.0,"key":"Smiling Mask"},{"floor":8.0,"key":"Pear"},{"floor":9.0,"key":"Centennial Puzzle"}],"event_choices":[{"damage_healed":0.0,"max_hp_gain":0.0,"max_hp_loss":0.0,"gold_gain":50.0,"event_name":"Golden Shrine","player_choice":"Pray","floor":2.0,"gold_loss":0.0,"damage_taken":0.0},{"damage_healed":0,"gold_gain":0,"player_choice":"Trade","damage_taken":0,"relics_obtained":["SsserpentHead"],"max_hp_gain":0,"max_hp_loss":0,"event_name":"FaceTrader","floor":13,"gold_loss":0}],"is_beta":false,"boss_relics":[],"items_purged_floors":[],"is_endless":false,"potions_floor_spawned":[3,5,11],"killed_by":"3 Sentries","ascension_level":20}