{"gold_per_floor":[119,119,137,137,58,58,98,111,111,152,152,152,152,167,167,291,291,310,345,345,200,100,100,133,133,160,123,123,458,458,418,418,513,513,531,544,568,584,598,598,630,630,630,630,658,333,345,359,359,359,359,359,52,81,81],"floor_reached":56,"playtime":2586,"items_purged":["Strike_B","Defend_B","Defend_B"],"score":1556,"play_id":"f7f446be-2670-4265-9341-ef545c564dfa","local_time":"20190326015035","is_ascension_mode":true,"campfire_choices":[{"data":"Loop","floor":6,"key":"SMITH"},{"data":"Zap","floor":11,"key":"SMITH"},{"floor":13,"key":"REST"},{"data":"Dualcast","floor":15,"key":"SMITH"},{"data":"Loop","floor":23,"key":"SMITH"},{"data":"Defragment","floor":28,"key":"SMITH"},{"data":"Buffer","floor":30,"key":"SMITH"},{"data":"Coolheaded","floor":32,"key":"SMITH"},{"data":"Loop","floor":40,"key":"SMITH"},{"data":"Coolheaded","floor":42,"key":"SMITH"},{"floor":49,"key":"RECALL"},{"data":"Electrodynamics","floor":52,"key":"SMITH"}],"neow_cost":"PERCENT_DAMAGE","seed_source_timestamp":79117297374600,"circlet_count":0,"master_deck":["Defend_B","Defend_B","Zap+1","Dualcast+1","Loop+1","Scrape","Coolheaded+1","Cold Snap","Consume+1","Defragment+1","BootSequence+1","Coolheaded+1","Buffer+1","Loop+1","Sweeping Beam","Defragment+1","Loop+1","Glacier+1","Electrodynamics+1","Reboot"],"relics":["Cracked Core","Bloody Idol","Bird Faced Urn","Nunchaku","Ancient Tea Set","Inserter","Red Mask","Lantern","Potion Belt","Old Coin","Runic Dome","Bag of Marbles","Sundial","Bag of Preparation","OrangePellets","FossilizedHelix","Orichalcum"],"potions_floor_usage":[10,16,33,47,55,55,55],"damage_taken":[{"damage":0,"enemies":"Small Slimes","floor":1,"turns":3},{"damage":0,"enemies":"Cultist","floor":3,"turns":3},{"damage":27,"enemies":"Gremlin Nob","floor":7,"turns":5},{"damage":0,"enemies":"2 Louse","floor":8,"turns":3},{"damage":13,"enemies":"Lagavulin","floor":10,"turns":6},{"damage":7,"enemies":"2 Fungi Beasts","floor":14,"turns":3},{"damage":0,"enemies":"Slime Boss","floor":16,"turns":11},{"damage":1,"enemies":"Spheric Guardian","floor":18,"turns":5},{"damage":26,"enemies":"Masked Bandits","floor":19,"turns":8},{"damage":30,"enemies":"Slavers","floor":24,"turns":6},{"damage":11,"enemies":"Book of Stabbing","floor":29,"turns":7},{"damage":0,"enemies":"Automaton","floor":33,"turns":10},{"damage":0,"enemies":"3 Shapes","floor":35,"turns":3},{"damage":12,"enemies":"3 Darklings","floor":36,"turns":4},{"damage":0,"enemies":"Sphere and 2 Shapes","floor":38,"turns":3},{"damage":0,"enemies":"Transient","floor":39,"turns":5},{"damage":15,"enemies":"Nemesis","floor":41,"turns":11},{"damage":0,"enemies":"Giant Head","floor":45,"turns":11},{"damage":0,"enemies":"Jaw Worm Horde","floor":47,"turns":2},{"damage":0,"enemies":"Spire Growth","floor":48,"turns":7},{"damage":0,"enemies":"Awakened One","floor":50,"turns":12},{"damage":0,"enemies":"Shield and Spear","floor":54,"turns":8},{"damage":0,"enemies":"The Heart","floor":55,"turns":13}],"seed_played":"-5498364970182746460","potions_obtained":[{"floor":7,"key":"Poison Potion"},{"floor":8,"key":"AttackPotion"},{"floor":19,"key":"FairyPotion"},{"floor":29,"key":"Swift Potion"},{"floor":39,"key":"SteroidPotion"},{"floor":44,"key":"FocusPotion"},{"floor":44,"key":"Dexterity Potion"},{"floor":44,"key":"SpeedPotion"},{"floor":47,"key":"Strength Potion"}],"is_trial":false,"path_per_floor":["M","?","M","?","$","R","E","M","T","E","R","?","R","M","R","B",null,"M","?","?","$","$","R","E","?","T","$","R","E","R","?","R","B",null,"M","M","T","M","M","R","E","R","T","?","E","$","M","M","R","B",null,"R","$","E","B",null],"character_chosen":"DEFECT","items_purchased":["Defragment","Loop","Loop","OrangePellets","FossilizedHelix"],"campfire_rested":1,"item_purchase_floors":[5,21,27,46,53],"current_hp_per_floor":[54,54,54,54,54,54,27,29,29,20,20,6,26,23,23,27,69,68,47,47,47,47,47,30,30,35,35,35,42,42,42,42,59,69,69,69,69,69,69,69,69,69,69,69,69,69,69,69,69,69,69,69,69,69,69],"gold":81,"neow_bonus":"TRANSFORM_TWO_CARDS","is_prod":false,"is_daily":false,"chose_seed":false,"campfire_upgraded":10,"win_rate":0,"timestamp":1553590235,"path_taken":["M","?","?","?","$","R","E","M","T","E","R","?","R","M","R","BOSS","M","?","?","?","$","R","E","?","T","?","R","E","R","?","R","BOSS","M","?","?","M","M","R","E","R","T","?","E","$","M","M","R","BOSS","R","$","E","BOSS"],"build_version":"2019-01-23","purchased_purges":3,"victory":true,"max_hp_per_floor":[75,75,75,69,69,69,69,69,69,69,69,69,69,69,69,69,69,69,69,69,69,69,69,69,69,69,69,69,69,69,69,69,69,69,69,69,69,69,69,69,69,69,69,69,69,69,69,69,69,69,69,69,69,69,69],"card_choices":[{"not_picked":["Compile Driver","Stack"],"picked":"Coolheaded","floor":1},{"not_picked":["Go for the Eyes","Reinforced Body"],"picked":"Consume","floor":3},{"not_picked":["Doom and Gloom","Reinforced Body","BootSequence"],"picked":"SKIP","floor":7},{"not_picked":["Hologram","Stack"],"picked":"BootSequence","floor":8},{"not_picked":["Stack","Streamline"],"picked":"Coolheaded","floor":10},{"not_picked":["All For One","Lockon","Consume"],"picked":"SKIP","floor":14},{"not_picked":["Rainbow","Thunder Strike"],"picked":"Buffer","floor":16},{"not_picked":["Tempest","White Noise+1","Steam"],"picked":"SKIP","floor":18},{"not_picked":["Ball Lightning","Fusion"],"picked":"Sweeping Beam","floor":24},{"not_picked":["Streamline","Conserve Battery"],"picked":"Glacier+1","floor":29},{"not_picked":["Rainbow","Fission"],"picked":"Electrodynamics","floor":33},{"not_picked":["Genetic Algorithm+1","Chaos+1","Reprogram+1"],"picked":"SKIP","floor":35},{"not_picked":["Recycle+1","Rebound+1","Coolheaded"],"picked":"SKIP","floor":36},{"not_picked":["Steam","Static Discharge","Rebound"],"picked":"SKIP","floor":38},{"not_picked":["Ball Lightning","Recycle+1","Capacitor"],"picked":"SKIP","floor":39},{"not_picked":["Sunder+1","Gash","Steam"],"picked":"SKIP","floor":41},{"not_picked":["Stack+1","Heatsinks+1"],"picked":"Reboot","floor":45},{"not_picked":["Compile Driver+1","Turbo","Stack"],"picked":"SKIP","floor":47},{"not_picked":["Steam Power","Loop","Sweeping Beam"],"picked":"SKIP","floor":48},{"not_picked":["Meteor Strike","Melter","Doom and Gloom"],"picked":"SKIP","floor":54}],"player_experience":856120,"relics_obtained":[{"floor":7,"key":"Bird Faced Urn"},{"floor":9,"key":"Nunchaku"},{"floor":10,"key":"Ancient Tea Set"},{"floor":19,"key":"Red Mask"},{"floor":24,"key":"Lantern"},{"floor":26,"key":"Potion Belt"},{"floor":29,"key":"Old Coin"},{"floor":41,"key":"Bag of Marbles"},{"floor":43,"key":"Sundial"},{"floor":45,"key":"Bag of Preparation"},{"floor":54,"key":"Orichalcum"}],"event_choices":[{"damage_healed":0,"gold_gain":0,"cards_transformed":["Strike_B"],"player_choice":"Transformed","damage_taken":0,"max_hp_gain":0,"max_hp_loss":0,"event_name":"Transmorgrifier","floor":2,"gold_loss":0,"cards_obtained":["Cold Snap"]},{"damage_healed":0,"gold_gain":0,"player_choice":"Lose Max HP","damage_taken":0,"relics_obtained":["Golden Idol"],"max_hp_gain":0,"max_hp_loss":6,"event_name":"Golden Idol","floor":4,"gold_loss":0},{"damage_healed":0,"gold_gain":0,"player_choice":"Entered Light","damage_taken":14,"max_hp_gain":0,"max_hp_loss":0,"event_name":"Shining Light","floor":12,"gold_loss":0,"cards_upgraded":["Consume","BootSequence"]},{"damage_healed":0,"gold_gain":0,"player_choice":"Fought Bandits","damage_taken":0,"max_hp_gain":0,"max_hp_loss":0,"event_name":"Masked Bandits","floor":19,"gold_loss":0},{"damage_healed":0,"gold_gain":0,"player_choice":"Gave Idol","damage_taken":0,"relics_obtained":["Bloody Idol"],"max_hp_gain":0,"max_hp_loss":0,"event_name":"Forgotten Altar","floor":20,"relics_lost":["Golden Idol"],"gold_loss":0},{"damage_healed":0,"gold_gain":0,"player_choice":"Read","damage_taken":0,"max_hp_gain":0,"max_hp_loss":0,"event_name":"The Library","floor":25,"gold_loss":0,"cards_obtained":["Defragment"]},{"damage_healed":0,"gold_gain":0,"player_choice":"Upgrade","damage_taken":0,"max_hp_gain":0,"max_hp_loss":0,"event_name":"Designer","floor":31,"gold_loss":40,"cards_upgraded":["Defragment"]},{"damage_healed":0,"gold_gain":0,"player_choice":"Got Potions","damage_taken":0,"max_hp_gain":0,"max_hp_loss":0,"event_name":"Lab","floor":44,"gold_loss":0}],"is_beta":false,"boss_relics":[{"not_picked":["Nuclear Battery","Calling Bell"],"picked":"Inserter"},{"not_picked":["Runic Pyramid","Pandora\u0027s Box"],"picked":"Runic Dome"}],"items_purged_floors":[21,22,46],"is_endless":false,"potions_floor_spawned":[7,8,19,29,39,47,48,54],"ascension_level":1}