{"gold_per_floor":[109,121,121,141,141,141,157,34,34,34,46,73,73,91,91,187,187,203,237,237,247,247],"floor_reached":22,"playtime":2594,"items_purged":[],"score":186,"play_id":"03e2e6b6-d240-4498-84e7-86808230c330","local_time":"20190122020119","is_ascension_mode":false,"campfire_choices":[{"data":"Metallicize","floor":6,"key":"SMITH"},{"data":"Infernal Blade","floor":10,"key":"SMITH"},{"floor":15,"key":"REST"}],"neow_cost":"NONE","seed_source_timestamp":358175954910262,"circlet_count":0,"master_deck":["Strike_R","Strike_R","Strike_R","Strike_R","Defend_R","Defend_R","Defend_R","Bash","Metallicize+1","Heavy Blade","Twin Strike","Shrug It Off","Infernal Blade+1","Armaments","Carnage","Shrug It Off","Reaper","Thunderclap+1","Spot Weakness+1","Pommel Strike"],"relics":["Black Blood","Champion Belt","Kunai","Blood Vial","Red Mask"],"potions_floor_usage":[11,12,16,16,22,22],"damage_taken":[{"damage":6,"enemies":"Small Slimes","floor":1,"turns":4},{"damage":11,"enemies":"Jaw Worm","floor":2,"turns":4},{"damage":0,"enemies":"Cultist","floor":4,"turns":4},{"damage":0,"enemies":"Red Slaver","floor":7,"turns":5},{"damage":5,"enemies":"Lots of Slimes","floor":11,"turns":5},{"damage":33,"enemies":"Gremlin Nob","floor":12,"turns":6},{"damage":4,"enemies":"2 Fungi Beasts","floor":14,"turns":3},{"damage":59,"enemies":"Hexaghost","floor":16,"turns":12},{"damage":34,"enemies":"Shell Parasite","floor":18,"turns":9},{"damage":61,"enemies":"Masked Bandits","floor":19,"turns":7},{"damage":14,"enemies":"Spheric Guardian","floor":21,"turns":4},{"damage":29,"enemies":"3 Cultists","floor":22,"turns":6}],"seed_played":"8243008319054547126","potions_obtained":[{"floor":2,"key":"FairyPotion"},{"floor":4,"key":"SkillPotion"},{"floor":12,"key":"BloodPotion"},{"floor":14,"key":"AttackPotion"},{"floor":19,"key":"Strength Potion"},{"floor":21,"key":"SpeedPotion"}],"is_trial":false,"path_per_floor":["M","M","?","M","T","R","M","$","T","R","M","E","?","M","R","B",null,"M","?","?","M","M"],"character_chosen":"IRONCLAD","items_purchased":["Ancient Potion","Armaments"],"campfire_rested":1,"item_purchase_floors":[8,8],"current_hp_per_floor":[80,75,68,74,74,74,80,80,80,80,80,53,53,57,80,35,80,56,18,18,16,0],"gold":247,"neow_bonus":"TRANSFORM_CARD","is_prod":false,"is_daily":false,"chose_seed":false,"campfire_upgraded":2,"win_rate":0.0,"timestamp":1548097279,"path_taken":["M","M","?","M","?","R","?","?","T","R","?","E","?","M","R","BOSS","M","?","?","M","M"],"build_version":"2018-12-4","purchased_purges":0,"victory":false,"max_hp_per_floor":[80,80,80,80,80,80,80,80,80,80,80,80,80,80,80,80,80,80,80,80,80,80],"card_choices":[{"not_picked":["Warcry","Thunderclap"],"picked":"Heavy Blade","floor":1},{"not_picked":["Warcry","Heavy Blade"],"picked":"Twin Strike","floor":2},{"not_picked":["Heavy Blade","Flex"],"picked":"Shrug It Off","floor":4},{"not_picked":["Thunderclap","True Grit"],"picked":"Infernal Blade","floor":7},{"not_picked":["True Grit","Feel No Pain","Sword Boomerang"],"picked":"SKIP","floor":11},{"not_picked":["Second Wind","Combust"],"picked":"Carnage","floor":12},{"not_picked":["Fire Breathing","Thunderclap"],"picked":"Shrug It Off","floor":14},{"not_picked":["Juggernaut","Berserk"],"picked":"Reaper","floor":16},{"not_picked":["Warcry","Rampage"],"picked":"Thunderclap+1","floor":18},{"not_picked":["Uppercut","Searing Blow"],"picked":"Spot Weakness+1","floor":19},{"not_picked":["Perfected Strike","Warcry+1"],"picked":"Pommel Strike","floor":21}],"player_experience":5129,"relics_obtained":[{"floor":5,"key":"Champion Belt"},{"floor":9,"key":"Kunai"},{"floor":12,"key":"Blood Vial"},{"floor":19,"key":"Red Mask"}],"event_choices":[{"cards_removed":["Defend_R"],"damage_healed":0,"gold_gain":0,"player_choice":"Card Removal","damage_taken":7,"max_hp_gain":0,"max_hp_loss":0,"event_name":"Golden Wing","floor":3,"gold_loss":0},{"damage_healed":0,"gold_gain":0,"player_choice":"Ignored","damage_taken":0,"max_hp_gain":0,"max_hp_loss":0,"event_name":"Liars Game","floor":13,"gold_loss":0},{"damage_healed":0,"gold_gain":0,"player_choice":"Fought Bandits","damage_taken":0,"max_hp_gain":0,"max_hp_loss":0,"event_name":"Masked Bandits","floor":19,"gold_loss":0},{"damage_healed":0,"gold_gain":0,"player_choice":"Ignored","damage_taken":0,"max_hp_gain":0,"max_hp_loss":0,"event_name":"Ghosts","floor":20,"gold_loss":0}],"is_beta":true,"boss_relics":[{"not_picked":["Sozu","Astrolabe"],"picked":"Black Blood"}],"items_purged_floors":[],"is_endless":false,"potions_floor_spawned":[2,4,12,14,19,21],"killed_by":"3 Cultists","ascension_level":0}