{"gold_per_floor":[15,26,26,26,45,72,72,72,72,91,111,140,160,176,176,272,272,291,10,25,25,124,159,173,173,200,212,237,11,11,11,11,111,111,122,122,132,232,248,248,267,283,307,23,23,40,67,67,67,67],"floor_reached":50,"playtime":3717,"items_purged":["Strike_B"],"score":529,"play_id":"41923433-9878-41eb-975c-78f89b4a7a38","local_time":"20181109151617","is_ascension_mode":false,"campfire_choices":[{"data":"Loop","floor":8.0,"key":"SMITH"},{"data":"Echo Form","floor":15.0,"key":"SMITH"},{"floor":25.0,"key":"REST"},{"data":"Doom and Gloom","floor":27.0,"key":"SMITH"},{"floor":32.0,"key":"REST"},{"floor":40.0,"key":"RECALL"},{"floor":49.0,"key":"REST"}],"neow_cost":"NO_GOLD","seed_source_timestamp":0,"circlet_count":0,"master_deck":["Strike_B","Strike_B+1","Defend_B","Defend_B","Defend_B+1","Dualcast","Conserve Battery","Doom and Gloom+1","Stack","BootSequence","Go for the Eyes","Loop+1","Coolheaded","Go for the Eyes+1","Echo Form+1","Amplify","White Noise+1","Melter+1","Redo+1","Decay","Capacitor","Ball Lightning+1","Leap","Doom and Gloom+1","Meteor Strike+1","Beam Cell+1","Darkness+1","Defragment+1","Skim+1","Force Field+1","Redo+1","BootSequence","Writhe"],"special_seed":0,"relics":["Cracked Core","Regal Pillow","Meat on the Bone","Molten Egg 2","Philosopher\u0027s Stone","Membership Card","Mummified Hand","MawBank","Bottled Tornado","Vajra","Sozu","Shovel","Du-Vu Doll","Toolbox","Boot"],"potions_floor_usage":[50],"damage_taken":[{"damage":0.0,"enemies":"2 Louse","floor":1.0,"turns":1.0},{"damage":2.0,"enemies":"Small Slimes","floor":2.0,"turns":3.0},{"damage":0.0,"enemies":"Jaw Worm","floor":5.0,"turns":3.0},{"damage":2.0,"enemies":"Lagavulin","floor":6.0,"turns":7.0},{"damage":5.0,"enemies":"2 Fungi Beasts","floor":10.0,"turns":3.0},{"damage":4.0,"enemies":"Looter","floor":11.0,"turns":3.0},{"damage":14.0,"enemies":"3 Sentries","floor":12.0,"turns":9.0},{"damage":7.0,"enemies":"Blue Slaver","floor":13.0,"turns":3.0},{"damage":3.0,"enemies":"Large Slime","floor":14.0,"turns":5.0},{"damage":19.0,"enemies":"Slime Boss","floor":16.0,"turns":9.0},{"damage":14.0,"enemies":"Shell Parasite","floor":18.0,"turns":7.0},{"damage":23.0,"enemies":"3 Byrds","floor":20.0,"turns":4.0},{"damage":36.0,"enemies":"Gremlin Leader","floor":23.0,"turns":7.0},{"damage":8.0,"enemies":"Centurion and Healer","floor":24.0,"turns":5.0},{"damage":27.0,"enemies":"Sentry and Sphere","floor":28.0,"turns":5.0},{"damage":63.0,"enemies":"Champ","floor":33.0,"turns":11.0},{"damage":12.0,"enemies":"Orb Walker","floor":35.0,"turns":3.0},{"damage":26.0,"enemies":"3 Darklings","floor":37.0,"turns":3.0},{"damage":16.0,"enemies":"Mind Bloom Boss Battle","floor":38.0,"turns":6.0},{"damage":14.0,"enemies":"4 Shapes","floor":39.0,"turns":7.0},{"damage":19.0,"enemies":"Jaw Worm Horde","floor":41.0,"turns":3.0},{"damage":2.0,"enemies":"Maw","floor":42.0,"turns":6.0},{"damage":0.0,"enemies":"Transient","floor":46.0,"turns":5.0},{"damage":41.0,"enemies":"Giant Head","floor":47.0,"turns":7.0},{"damage":81,"enemies":"Awakened One","floor":50,"turns":11}],"seed_played":"69171641620651768","potions_obtained":[{"floor":5.0,"key":"Strength Potion"},{"floor":6.0,"key":"SkillPotion"},{"floor":10.0,"key":"GamblersBrew"},{"floor":20.0,"key":"Fire Potion"}],"is_trial":false,"path_per_floor":["M","M","?","?","M","E","$","R","T","M","M","E","M","M","R","B",null,"M","$","M","?","?","E","M","R","T","R","M","$","?","$","R","B",null,"M","?","M","?","M","R","M","M","T","$","?","M","E","?","R","B"],"character_chosen":"DEFECT","items_purchased":["Melter+1","Membership Card","Bottled Tornado","Vajra","Doom and Gloom+1","Du-Vu Doll","Toolbox"],"campfire_rested":3,"item_purchase_floors":[19,19,29,29,29,44,44],"current_hp_per_floor":[75,73,58,75,75,73,73,73,73,68,64,50,43,40,40,33,75,61,61,38,38,38,14,18,55,55,55,40,40,40,40,75,24,75,63,63,49,45,43,43,36,46,46,46,46,46,17,36,73,0],"gold":67,"neow_bonus":"TRANSFORM_TWO_CARDS","is_prod":false,"is_daily":false,"chose_seed":false,"campfire_upgraded":3,"win_rate":0,"timestamp":1541772977,"path_taken":["M","M","?","?","M","E","$","R","T","M","M","E","M","M","R","BOSS","M","$","M","?","?","E","M","R","T","R","M","?","?","?","R","BOSS","M","?","M","?","M","R","M","M","T","$","?","M","E","?","R","BOSS"],"build_version":"2018-11-08","purchased_purges":1,"victory":false,"max_hp_per_floor":[75,75,75,75,75,75,75,75,75,75,75,75,75,75,75,75,75,75,75,75,75,75,75,75,75,75,75,75,75,75,75,75,75,75,75,75,75,75,75,75,75,75,75,75,75,75,75,75,75,75],"card_choices":[{"not_picked":["Static Discharge","Beam Cell"],"picked":"Stack","floor":1.0},{"not_picked":["Recycle","Force Field"],"picked":"BootSequence","floor":2.0},{"not_picked":["Recycle","Gash"],"picked":"Go for the Eyes","floor":5.0},{"not_picked":["Double Energy","Stack"],"picked":"Loop","floor":6.0},{"not_picked":["Scrape","Stack","Hologram"],"picked":"SKIP","floor":10.0},{"not_picked":["Gash","Fusion","Storm"],"picked":"SKIP","floor":11.0},{"not_picked":["Lockon","Hyperbeam"],"picked":"Coolheaded","floor":12.0},{"not_picked":["Steam","Conserve Battery"],"picked":"Go for the Eyes+1","floor":13.0},{"not_picked":["Melter+1","Recycle"],"picked":"Echo Form","floor":14.0},{"not_picked":["Rainbow","Buffer"],"picked":"Amplify","floor":16.0},{"not_picked":["Compile Driver+1","Rebound+1"],"picked":"White Noise+1","floor":18.0},{"not_picked":["Beam Cell+1","Go for the Eyes+1"],"picked":"Redo+1","floor":20.0},{"not_picked":["Aggregate","Reinforced Body+1"],"picked":"Capacitor","floor":23.0},{"not_picked":["Gash+1","Conserve Battery"],"picked":"Ball Lightning+1","floor":24.0},{"not_picked":["Blizzard+1","Coolheaded"],"picked":"Leap","floor":28.0},{"not_picked":["Biased Cognition","Rainbow"],"picked":"Meteor Strike+1","floor":33.0},{"not_picked":["Barrage+1","Hologram"],"picked":"Beam Cell+1","floor":35.0},{"not_picked":["Ball Lightning+1","Redo"],"picked":"Darkness+1","floor":37.0},{"not_picked":["Go for the Eyes+1","Biased Cognition"],"picked":"Defragment+1","floor":38.0},{"not_picked":["Turbo","Lockon+1"],"picked":"Skim+1","floor":39.0},{"not_picked":["Conserve Battery","Streamline+1"],"picked":"Force Field+1","floor":41.0},{"not_picked":["Cold Snap+1","Stack+1"],"picked":"Redo+1","floor":42.0},{"not_picked":["Self Repair","Coolheaded","Ball Lightning+1"],"picked":"SKIP","floor":46.0},{"not_picked":["Tempest+1","Echo Form"],"picked":"BootSequence","floor":47.0}],"player_experience":739131,"relics_obtained":[{"floor":6.0,"key":"Regal Pillow"},{"floor":9.0,"key":"Meat on the Bone"},{"floor":12.0,"key":"Molten Egg 2"},{"floor":23.0,"key":"Mummified Hand"},{"floor":26.0,"key":"MawBank"},{"floor":38.0,"key":"Shovel"},{"floor":47.0,"key":"Boot"}],"event_choices":[{"damage_healed":0.0,"max_hp_gain":0.0,"max_hp_loss":0.0,"gold_gain":0.0,"event_name":"Shining Light","player_choice":"Entered Light","floor":3.0,"gold_loss":0.0,"damage_taken":15.0,"cards_upgraded":["Defend_B","Strike_B"]},{"damage_healed":25.0,"max_hp_gain":0.0,"max_hp_loss":0.0,"gold_gain":0.0,"event_name":"Big Fish","player_choice":"Banana","floor":4.0,"gold_loss":0.0,"damage_taken":0.0},{"damage_healed":0.0,"max_hp_gain":0.0,"max_hp_loss":0.0,"gold_gain":0.0,"event_name":"Forgotten Altar","player_choice":"Smashed Altar","floor":21.0,"gold_loss":0.0,"damage_taken":0.0,"cards_obtained":["Decay"]},{"damage_healed":0.0,"max_hp_gain":0.0,"max_hp_loss":0.0,"gold_gain":99.0,"event_name":"Nest","player_choice":"Stole From Cult","floor":22.0,"gold_loss":0.0,"damage_taken":0.0},{"damage_healed":0.0,"max_hp_gain":0.0,"max_hp_loss":0.0,"gold_gain":0.0,"event_name":"Vampires","player_choice":"Ignored","floor":30.0,"gold_loss":0.0,"damage_taken":0.0},{"damage_healed":0.0,"max_hp_gain":0.0,"max_hp_loss":0.0,"gold_gain":0.0,"event_name":"Tomb of Lord Red Mask","player_choice":"Ignored","floor":36.0,"gold_loss":0.0,"damage_taken":0.0},{"damage_healed":0.0,"max_hp_gain":0.0,"max_hp_loss":0.0,"gold_gain":0.0,"event_name":"MindBloom","player_choice":"Fight","floor":38.0,"gold_loss":0.0,"damage_taken":0.0},{"cards_removed":["Zap"],"damage_healed":0.0,"max_hp_gain":0.0,"max_hp_loss":0.0,"gold_gain":0.0,"event_name":"Falling","player_choice":"Removed Skill","floor":45.0,"gold_loss":0.0,"damage_taken":0.0},{"damage_healed":19.0,"max_hp_gain":0.0,"max_hp_loss":0.0,"gold_gain":0.0,"event_name":"Winding Halls","player_choice":"Writhe","floor":48.0,"gold_loss":0.0,"damage_taken":0.0,"cards_obtained":["Writhe"]}],"is_beta":true,"boss_relics":[{"not_picked":["Coffee Dripper","Fusion Hammer"],"picked":"Philosopher\u0027s Stone"},{"not_picked":["Lizard Tail","Astrolabe"],"picked":"Sozu"}],"items_purged_floors":[44],"is_endless":false,"potions_floor_spawned":[5,6,10,13,14,20,28,37,38,39],"killed_by":"Awakened One","ascension_level":0}