{"gold_per_floor":[209,228,34,34,54,54,89,106,132,82,82,92,92,124,124,197,197,217,217,86,86,7,7,24,59,86,86,86,97,97,131,131,208,208,221,233,233],"floor_reached":37,"playtime":1471,"items_purged":["Strike_B","Strike_B","Strike_B"],"score":748,"play_id":"f852bade-7af8-45b0-bcf4-e0c3e1119f40","local_time":"20190423031426","is_ascension_mode":true,"campfire_choices":[{"data":"Zap","floor":6,"key":"SMITH"},{"data":"Barrage","floor":11,"key":"SMITH"},{"data":"Lockon","floor":13,"key":"SMITH"},{"data":"Barrage","floor":15,"key":"SMITH"},{"data":"Echo Form","floor":23,"key":"SMITH"},{"floor":28,"key":"REST"},{"data":"Electrodynamics","floor":30,"key":"SMITH"},{"floor":32,"key":"REST"}],"neow_cost":"NONE","seed_source_timestamp":54690918089348,"circlet_count":0,"master_deck":["AscendersBane","Defend_B","Defend_B","Defend_B","Defend_B","Zap+1","Dualcast","Lockon+1","Barrage+1","Ball Lightning","Lockon","Ball Lightning","Barrage+1","Echo Form+1","Undo","Conserve Battery","Conserve Battery","Electrodynamics+1","Undo","Stack+1","Barrage+1","Echo Form","BootSequence","Undo"],"relics":["Cracked Core","Bag of Preparation","Smiling Mask","Dream Catcher","Art of War","Orrery","PreservedInsect","Question Card","Bag of Marbles","Boot","Cursed Key"],"potions_floor_usage":[8,14,25,33,33],"damage_taken":[{"damage":1,"enemies":"Jaw Worm","floor":1,"turns":4},{"damage":0,"enemies":"Cultist","floor":2,"turns":3},{"damage":0,"enemies":"2 Louse","floor":5,"turns":3},{"damage":25,"enemies":"3 Sentries","floor":7,"turns":6},{"damage":0,"enemies":"Lots of Slimes","floor":8,"turns":1},{"damage":6,"enemies":"3 Louse","floor":12,"turns":2},{"damage":0,"enemies":"Gremlin Nob","floor":14,"turns":2},{"damage":22,"enemies":"Hexaghost","floor":16,"turns":7},{"damage":14,"enemies":"3 Byrds","floor":18,"turns":6},{"damage":0,"enemies":"Spheric Guardian","floor":24,"turns":4},{"damage":5,"enemies":"Gremlin Leader","floor":25,"turns":3},{"damage":19,"enemies":"Centurion and Healer","floor":29,"turns":7},{"damage":26,"enemies":"Book of Stabbing","floor":31,"turns":6},{"damage":30,"enemies":"Collector","floor":33,"turns":9},{"damage":3,"enemies":"Orb Walker","floor":35,"turns":3},{"damage":39,"enemies":"3 Darklings","floor":36,"turns":5},{"damage":6,"enemies":"Sphere and 2 Shapes","floor":37,"turns":4}],"seed_played":"-8785507805116310390","potions_obtained":[{"floor":1,"key":"AttackPotion"},{"floor":2,"key":"Block Potion"},{"floor":7,"key":"Explosive Potion"},{"floor":8,"key":"Strength Potion"},{"floor":24,"key":"Explosive Potion"},{"floor":29,"key":"Explosive Potion"},{"floor":31,"key":"PowerPotion"}],"is_trial":false,"path_per_floor":["M","M","$","?","M","R","E","M","T","$","R","M","R","E","R","B",null,"M","T","$","?","$","R","M","E","T","?","R","M","R","E","R","B",null,"M","M","M"],"character_chosen":"DEFECT","items_purchased":["Ball Lightning","Lockon","Electrodynamics","Undo"],"campfire_rested":2,"item_purchase_floors":[3,3,20,22],"current_hp_per_floor":[63,63,63,63,63,63,38,38,38,38,38,32,32,32,32,10,56,42,42,42,42,42,42,42,37,37,37,58,39,39,13,34,4,54,51,12,6],"gold":233,"neow_bonus":"HUNDRED_GOLD","is_prod":false,"is_daily":false,"chose_seed":false,"campfire_upgraded":6,"win_rate":0,"timestamp":1556000066,"path_taken":["M","M","$","?","M","R","E","M","T","?","R","M","R","E","R","BOSS","M","?","$","?","$","R","?","E","T","?","R","M","R","E","R","BOSS","M","M","M"],"build_version":"2019-01-23","purchased_purges":3,"victory":false,"max_hp_per_floor":[71,71,71,71,71,71,71,71,71,71,71,71,71,71,71,71,71,71,71,71,71,71,71,71,71,71,71,71,71,71,71,71,71,71,71,71,71],"card_choices":[{"not_picked":["Reprogram","Chill"],"picked":"Lockon","floor":1},{"not_picked":["FTL","Hello World"],"picked":"Barrage","floor":2},{"not_picked":["Stack","Heatsinks","Turbo"],"picked":"SKIP","floor":5},{"not_picked":["FTL","Turbo","Glacier"],"picked":"SKIP","floor":7},{"not_picked":["Melter","Rebound"],"picked":"Ball Lightning","floor":8},{"not_picked":["Coolheaded","Double Energy","Heatsinks"],"picked":"SKIP","floor":12},{"not_picked":["Darkness","Stack"],"picked":"Barrage","floor":14},{"not_picked":["Creative AI","Seek"],"picked":"Echo Form","floor":16},{"not_picked":["Turbo","Steam"],"picked":"Undo","floor":17},{"not_picked":["Streamline","Recycle"],"picked":"Conserve Battery","floor":17},{"not_picked":["Barrage","Turbo"],"picked":"Conserve Battery","floor":18},{"not_picked":["Loop+1","Static Discharge"],"picked":"Stack+1","floor":24},{"not_picked":["Lockon","Reboot","Consume"],"picked":"SKIP","floor":25},{"not_picked":["Sweeping Beam","Redo","Coolheaded","Hologram"],"picked":"SKIP","floor":29},{"not_picked":["Hologram","Melter","Cold Snap","Coolheaded"],"picked":"SKIP","floor":31},{"not_picked":["FTL","Force Field","Blizzard"],"picked":"Barrage+1","floor":32},{"not_picked":["Seek","Reboot","Multi-Cast"],"picked":"Echo Form","floor":33},{"not_picked":["Steam","Double Energy","Coolheaded"],"picked":"BootSequence","floor":35},{"not_picked":["Double Energy","Coolheaded","Stack"],"picked":"Undo","floor":36}],"player_experience":732050,"relics_obtained":[{"floor":7,"key":"Smiling Mask"},{"floor":9,"key":"Dream Catcher"},{"floor":14,"key":"Art of War"},{"floor":19,"key":"PreservedInsect"},{"floor":25,"key":"Question Card"},{"floor":26,"key":"Bag of Marbles"},{"floor":31,"key":"Boot"}],"event_choices":[{"damage_healed":0,"gold_gain":0,"player_choice":"Gave Potion","damage_taken":0,"relics_obtained":["Bag of Preparation"],"max_hp_gain":0,"max_hp_loss":0,"event_name":"WeMeetAgain","floor":4,"gold_loss":0},{"cards_removed":["Strike_B"],"damage_healed":0,"gold_gain":0,"player_choice":"Purged","damage_taken":0,"max_hp_gain":0,"max_hp_loss":0,"event_name":"Purifier","floor":21,"gold_loss":0},{"damage_healed":0,"gold_gain":0,"player_choice":"Ignored","damage_taken":0,"max_hp_gain":0,"max_hp_loss":0,"event_name":"Ghosts","floor":27,"gold_loss":0}],"is_beta":false,"boss_relics":[{"not_picked":["Calling Bell","Tiny House"],"picked":"Orrery"},{"not_picked":["Black Star","Philosopher\u0027s Stone"],"picked":"Cursed Key"}],"items_purged_floors":[3,10,20],"is_endless":false,"potions_floor_spawned":[1,2,7,8,12,24,29,31],"killed_by":"Sphere and 2 Shapes","ascension_level":14}