{"gold_per_floor":[110,120,195,209,209,209,241,241,293,306,1,27,45,45,45,123,123,133,144,44,56,56,91,91,105,105,118,118,149,149,163,163,242,242,258,278,295,32,32,32,51,70,93,93,93,120,120,133,133,133],"floor_reached":51,"playtime":2132,"items_purged":["Strike_R","Strike_R","Strike_R+1"],"score":1282,"play_id":"603a0214-eb1d-408e-ab81-12259a822840","local_time":"20190411005129","is_ascension_mode":true,"campfire_choices":[{"data":"Anger","floor":6,"key":"SMITH"},{"data":"Whirlwind","floor":8,"key":"SMITH"},{"data":"True Grit","floor":15,"key":"SMITH"},{"data":"Immolate","floor":24,"key":"SMITH"},{"floor":32,"key":"REST"},{"data":"J.A.X.","floor":40,"key":"SMITH"},{"floor":47,"key":"REST"},{"data":"Inflame","floor":49,"key":"SMITH"}],"neow_cost":"PERCENT_DAMAGE","seed_source_timestamp":31697543626866,"circlet_count":0,"master_deck":["AscendersBane","Defend_R+1","Defend_R+1","Defend_R+1","Defend_R+1","Bash+1","Anger+1","Battle Trance","Whirlwind+1","True Grit+1","Inflame","Pommel Strike","Shrug It Off","Immolate+1","Shrug It Off","Offering","J.A.X.+1","Flame Barrier","Necronomicurse","Clothesline","Headbutt","Inflame","Inflame+1","Battle Trance","Clothesline+1","Battle Trance"],"relics":["Burning Blood","Boot","Ancient Tea Set","Strawberry","PreservedInsect","Sozu","Self Forming Clay","Oddly Smooth Stone","Blood Vial","Necronomicon","Lizard Tail","Red Skull","Ornamental Fan"],"potions_floor_usage":[7,12,16,50],"damage_taken":[{"damage":1,"enemies":"Cultist","floor":1,"turns":4},{"damage":7,"enemies":"Jaw Worm","floor":2,"turns":3},{"damage":8,"enemies":"2 Louse","floor":4,"turns":3},{"damage":24,"enemies":"Gremlin Nob","floor":7,"turns":4},{"damage":2,"enemies":"2 Fungi Beasts","floor":10,"turns":2},{"damage":8,"enemies":"3 Sentries","floor":12,"turns":3},{"damage":17,"enemies":"Large Slime","floor":13,"turns":6},{"damage":12,"enemies":"Hexaghost","floor":16,"turns":7},{"damage":16,"enemies":"Shell Parasite","floor":18,"turns":5},{"damage":0,"enemies":"3 Byrds","floor":19,"turns":3},{"damage":14,"enemies":"Centurion and Healer","floor":21,"turns":6},{"damage":10,"enemies":"Gremlin Leader","floor":23,"turns":4},{"damage":7,"enemies":"3 Cultists","floor":25,"turns":3},{"damage":15,"enemies":"Shelled Parasite and Fungi","floor":27,"turns":4},{"damage":16,"enemies":"Slavers","floor":29,"turns":2},{"damage":5,"enemies":"Centurion and Healer","floor":31,"turns":3},{"damage":19,"enemies":"Automaton","floor":33,"turns":6},{"damage":20,"enemies":"3 Darklings","floor":35,"turns":2},{"damage":0,"enemies":"Orb Walker","floor":36,"turns":3},{"damage":38,"enemies":"Transient","floor":37,"turns":5},{"damage":6,"enemies":"Sphere and 2 Shapes","floor":41,"turns":1},{"damage":3,"enemies":"Jaw Worm Horde","floor":42,"turns":1},{"damage":9,"enemies":"Giant Head","floor":46,"turns":4},{"damage":9,"enemies":"3 Darklings","floor":48,"turns":2},{"damage":67,"enemies":"Awakened One","floor":50,"turns":11}],"seed_played":"-4451483778130071469","potions_obtained":[{"floor":2,"key":"Weak Potion"},{"floor":7,"key":"SpeedPotion"},{"floor":10,"key":"EssenceOfSteel"},{"floor":12,"key":"SteroidPotion"}],"is_trial":false,"path_per_floor":["M","M","?","M","?","R","E","R","T","M","$","E","M","$","R","B",null,"M","M","$","M","?","E","R","M","T","M","?","E","?","M","R","B",null,"M","M","M","$","?","R","M","M","T","?","?","E","R","M","R","B",null],"character_chosen":"IRONCLAD","items_purchased":["Strawberry","Inflame","Inflame","Battle Trance"],"campfire_rested":2,"item_purchase_floors":[11,11,38,38],"current_hp_per_floor":[69,68,57,55,55,55,37,37,37,41,48,46,35,35,35,29,79,69,75,75,67,67,63,63,62,62,53,53,43,22,25,53,42,83,71,79,49,49,49,49,51,56,56,56,56,55,82,81,81,22],"gold":133,"neow_bonus":"TWENTY_PERCENT_HP_BONUS","is_prod":false,"is_daily":false,"chose_seed":false,"campfire_upgraded":6,"win_rate":0,"timestamp":1554954689,"path_taken":["M","M","?","M","?","R","E","R","T","M","$","E","M","?","R","BOSS","M","M","$","M","?","E","R","M","T","M","?","E","?","M","R","BOSS","M","M","M","$","?","R","?","M","T","?","?","E","R","M","R","BOSS"],"build_version":"2019-01-23","purchased_purges":3,"victory":true,"max_hp_per_floor":[89,89,89,89,89,89,89,89,89,89,96,96,96,96,96,96,96,96,96,96,96,96,96,96,96,96,96,96,96,96,96,96,96,96,96,96,96,96,96,96,96,96,96,91,91,91,91,91,91,91],"card_choices":[{"not_picked":["Pommel Strike","Corruption"],"picked":"Anger","floor":1},{"not_picked":["Cleave","Seeing Red","Havoc"],"picked":"SKIP","floor":2},{"not_picked":["Armaments","Pommel Strike"],"picked":"Battle Trance","floor":4},{"not_picked":["Entrench","Second Wind"],"picked":"Whirlwind","floor":7},{"not_picked":["Pummel","Sword Boomerang"],"picked":"True Grit","floor":10},{"not_picked":["Entrench","Rupture"],"picked":"Pommel Strike","floor":12},{"not_picked":["Havoc","Brutality"],"picked":"Shrug It Off","floor":13},{"not_picked":["Demon Form","Juggernaut"],"picked":"Immolate","floor":16},{"not_picked":["Rampage","Flex","Heavy Blade"],"picked":"SKIP","floor":18},{"not_picked":["Clothesline","True Grit"],"picked":"Shrug It Off","floor":19},{"not_picked":["Thunderclap","Armaments","Seeing Red"],"picked":"SKIP","floor":21},{"not_picked":["Reckless Charge","Twin Strike"],"picked":"Offering","floor":23},{"not_picked":["Flex","Twin Strike","Clash"],"picked":"SKIP","floor":25},{"not_picked":["Sword Boomerang","Cleave","Warcry+1"],"picked":"SKIP","floor":27},{"not_picked":["Thunderclap","Sentinel"],"picked":"Flame Barrier","floor":29},{"not_picked":["Double Tap","Thunderclap"],"picked":"Clothesline","floor":31},{"not_picked":["Iron Wave","Carnage","Wild Strike"],"picked":"SKIP","floor":35},{"not_picked":["Intimidate","Hemokinesis"],"picked":"Headbutt","floor":36},{"not_picked":["Ghostly Armor","Cleave"],"picked":"Inflame","floor":37},{"not_picked":["Warcry","Wild Strike","Infernal Blade"],"picked":"SKIP","floor":41},{"not_picked":["Armaments","Fire Breathing+1"],"picked":"Clothesline+1","floor":42},{"not_picked":["Immolate","Iron Wave","Rampage+1"],"picked":"SKIP","floor":46},{"not_picked":["Corruption","Body Slam"],"picked":"Battle Trance","floor":48}],"player_experience":591894,"relics_obtained":[{"floor":7,"key":"Boot"},{"floor":9,"key":"Ancient Tea Set"},{"floor":12,"key":"PreservedInsect"},{"floor":23,"key":"Self Forming Clay"},{"floor":26,"key":"Oddly Smooth Stone"},{"floor":29,"key":"Blood Vial"},{"floor":30,"key":"Necronomicon"},{"floor":43,"key":"Red Skull"},{"floor":46,"key":"Ornamental Fan"}],"event_choices":[{"damage_healed":0,"gold_gain":75,"player_choice":"Gather Gold","damage_taken":11,"max_hp_gain":0,"max_hp_loss":0,"event_name":"World of Goop","floor":3,"gold_loss":0},{"damage_healed":0,"gold_gain":0,"player_choice":"Grow","damage_taken":0,"max_hp_gain":0,"max_hp_loss":0,"event_name":"Living Wall","floor":5,"gold_loss":0,"cards_upgraded":["Bash"]},{"damage_healed":0,"gold_gain":0,"player_choice":"Simplicity","damage_taken":0,"max_hp_gain":0,"max_hp_loss":0,"event_name":"Back to Basics","floor":22,"gold_loss":0,"cards_upgraded":["Strike_R","Strike_R","Strike_R","Defend_R","Defend_R","Defend_R","Defend_R"]},{"damage_healed":0,"gold_gain":0,"player_choice":"Obtain J.A.X.","damage_taken":0,"max_hp_gain":0,"max_hp_loss":0,"event_name":"Drug Dealer","floor":28,"gold_loss":0,"cards_obtained":["J.A.X."]},{"damage_healed":0,"gold_gain":0,"player_choice":"Obtained Book","damage_taken":21,"max_hp_gain":0,"max_hp_loss":0,"event_name":"Cursed Tome","floor":30,"gold_loss":0},{"cards_removed":["Strike_R"],"damage_healed":0,"gold_gain":0,"player_choice":"Purged","damage_taken":0,"max_hp_gain":0,"max_hp_loss":0,"event_name":"Purifier","floor":39,"gold_loss":0},{"damage_healed":0,"gold_gain":0,"player_choice":"Max HP","damage_taken":0,"max_hp_gain":0,"max_hp_loss":5,"event_name":"Winding Halls","floor":44,"gold_loss":0},{"cards_removed":["Strike_R"],"damage_healed":0,"gold_gain":0,"player_choice":"Removed Attack","damage_taken":0,"max_hp_gain":0,"max_hp_loss":0,"event_name":"Falling","floor":45,"gold_loss":0}],"is_beta":false,"boss_relics":[{"not_picked":["Snecko Eye","Mark of Pain"],"picked":"Sozu"},{"not_picked":["Philosopher\u0027s Stone","Pandora\u0027s Box"],"picked":"Lizard Tail"}],"items_purged_floors":[11,20,38],"is_endless":false,"potions_floor_spawned":[2,7,10,12,21,23,27,31,35,36,37],"ascension_level":15}