{"gold_per_floor":[110,35,54,71,71,103,103,103,126,152,171,171,171,191,191,191],"floor_reached":16,"playtime":806,"items_purged":["Defend_R"],"score":121,"play_id":"c8ccfe7e-997d-4df1-9869-aa9d1f9347e6","local_time":"20190325235042","is_ascension_mode":true,"campfire_choices":[{"data":"Flame Barrier","floor":7,"key":"SMITH"},{"data":"Hemokinesis","floor":13,"key":"SMITH"},{"data":"Bloodletting","floor":15,"key":"SMITH"}],"neow_cost":"NONE","seed_source_timestamp":171031772126666,"circlet_count":0,"master_deck":["Strike_R+1","Strike_R","Strike_R","Strike_R","Strike_R+1","Defend_R","Defend_R","Defend_R","Bash+1","Flame Barrier+1","Hemokinesis+1","Body Slam+1","Perfected Strike","Shrug It Off","Disarm","Bloodletting+1"],"relics":["Burning Blood","Bag of Marbles","Whetstone","Ornamental Fan"],"potions_floor_usage":[6,6],"damage_taken":[{"damage":1,"enemies":"Cultist","floor":1,"turns":3},{"damage":0,"enemies":"2 Louse","floor":3,"turns":3},{"damage":5,"enemies":"Small Slimes","floor":4,"turns":4},{"damage":32,"enemies":"Lagavulin","floor":6,"turns":6},{"damage":9,"enemies":"Gremlin Nob","floor":10,"turns":3},{"damage":3,"enemies":"Looter","floor":11,"turns":2},{"damage":0,"enemies":"Lots of Slimes","floor":14,"turns":3},{"damage":36,"enemies":"The Guardian","floor":16,"turns":11}],"seed_played":"3431815716777197396","potions_obtained":[{"floor":3,"key":"PowerPotion"},{"floor":4,"key":"SkillPotion"}],"is_trial":false,"path_per_floor":["M","?","?"],"character_chosen":"IRONCLAD","items_purchased":[],"campfire_rested":0,"item_purchase_floors":[],"current_hp_per_floor":[80,80,80,80,80,54,54,54,54,51,54,29,29,35,35,0],"gold":191,"neow_bonus":"UPGRADE_CARD","is_prod":false,"is_daily":false,"chose_seed":false,"campfire_upgraded":3,"win_rate":0,"timestamp":1553532642,"path_taken":["M","$","M","?","$","E","R","?","T","E","M","?","R","M","R","BOSS"],"build_version":"2019-01-23","purchased_purges":1,"victory":false,"max_hp_per_floor":[80,80,80,80,80,80,80,80,80,80,80,80,80,80,80,80],"card_choices":[{"not_picked":["Wild Strike","Shrug It Off"],"picked":"Flame Barrier","floor":1},{"not_picked":["Heavy Blade","Havoc"],"picked":"Hemokinesis","floor":3},{"not_picked":["Pommel Strike","Anger"],"picked":"Body Slam","floor":4},{"not_picked":["Wild Strike","Evolve"],"picked":"Perfected Strike","floor":6},{"not_picked":["Disarm","Flex"],"picked":"Shrug It Off","floor":10},{"not_picked":["Clash","Headbutt"],"picked":"Disarm","floor":11},{"not_picked":["Iron Wave","Twin Strike"],"picked":"Bloodletting","floor":14}],"player_experience":120931,"relics_obtained":[{"floor":6,"key":"Bag of Marbles"},{"floor":9,"key":"Whetstone"},{"floor":10,"key":"Ornamental Fan"}],"event_choices":[{"damage_healed":0,"gold_gain":0,"player_choice":"Grow","damage_taken":0,"max_hp_gain":0,"max_hp_loss":0,"event_name":"Living Wall","floor":8,"gold_loss":0,"cards_upgraded":["Body Slam"]},{"damage_healed":0,"gold_gain":0,"player_choice":"Fled","damage_taken":25,"max_hp_gain":0,"max_hp_loss":0,"event_name":"Scrap Ooze","floor":12,"gold_loss":0}],"is_beta":false,"boss_relics":[],"items_purged_floors":[2],"is_endless":false,"potions_floor_spawned":[3,4],"killed_by":"The Guardian","ascension_level":2}