{"gold_per_floor":[114,31,31,48,64,94,94,129,129,160,115,131,131],"floor_reached":13,"playtime":458,"items_purged":[],"score":191,"play_id":"264e553b-a3ef-40de-ae5d-d13cbc3fb621","local_time":"20181122131739","is_ascension_mode":true,"campfire_choices":[{"floor":7.0,"key":"REST"}],"neow_cost":"NONE","seed_source_timestamp":0,"circlet_count":0,"master_deck":["AscendersBane","Strike_B","Strike_B","Strike_B","Defend_B","Defend_B","Defend_B","Defend_B","Zap","Dualcast","Skim","FTL","Chaos","Chaos","Glacier","Conserve Battery","Rip and Tear"],"special_seed":0,"relics":["Cracked Core","Bronze Scales","Blood Vial","The Courier","Ornamental Fan","Question Card"],"potions_floor_usage":[],"damage_taken":[{"damage":0.0,"enemies":"2 Louse","floor":1.0,"turns":3.0},{"damage":12.0,"enemies":"Jaw Worm","floor":4.0,"turns":2.0},{"damage":3.0,"enemies":"Small Slimes","floor":5.0,"turns":3.0},{"damage":28.0,"enemies":"3 Sentries","floor":6.0,"turns":7.0},{"damage":20.0,"enemies":"Gremlin Nob","floor":8.0,"turns":5.0},{"damage":9.0,"enemies":"Lagavulin","floor":10.0,"turns":7.0},{"damage":7,"enemies":"3 Louse","floor":12,"turns":4},{"damage":13,"enemies":"The Mushroom Lair","floor":13,"turns":2}],"seed_played":"2579049604016468746","potions_obtained":[{"floor":1.0,"key":"SteroidPotion"},{"floor":5.0,"key":"PowerPotion"},{"floor":6.0,"key":"Dexterity Potion"}],"is_trial":false,"path_per_floor":["M","$","?","M","M","E","R","E","T","E","?","M","?"],"character_chosen":"DEFECT","items_purchased":["FTL"],"campfire_rested":1,"item_purchase_floors":[2],"current_hp_per_floor":[64,64,57,45,42,14,35,17,17,10,10,5,0],"gold":131,"neow_bonus":"RANDOM_COMMON_RELIC","is_prod":false,"is_daily":false,"chose_seed":false,"campfire_upgraded":0,"win_rate":0,"timestamp":1542889059,"path_taken":["M","$","?","M","M","E","R","E","T","E","?","M","?"],"build_version":"2018-11-15","purchased_purges":0,"victory":false,"max_hp_per_floor":[71,71,71,71,71,71,71,71,71,71,71,71,71],"card_choices":[{"not_picked":["Stack","Aggregate"],"picked":"Skim","floor":1.0},{"not_picked":["Storm","Stack"],"picked":"Chaos","floor":4.0},{"not_picked":["Consume","Turbo"],"picked":"Chaos","floor":5.0},{"not_picked":["Go for the Eyes","Leap"],"picked":"Glacier","floor":6.0},{"not_picked":["Steam","Turbo","Force Field"],"picked":"SKIP","floor":8.0},{"not_picked":["Stack","Amplify"],"picked":"Conserve Battery","floor":10.0},{"not_picked":["Hologram","Barrage","Storm"],"picked":"Rip and Tear","floor":12}],"player_experience":843817,"relics_obtained":[{"floor":6.0,"key":"Blood Vial"},{"floor":8.0,"key":"The Courier"},{"floor":9.0,"key":"Ornamental Fan"},{"floor":10.0,"key":"Question Card"}],"event_choices":[{"cards_removed":["Strike_B"],"damage_healed":0.0,"max_hp_gain":0.0,"max_hp_loss":0.0,"gold_gain":0.0,"event_name":"Golden Wing","player_choice":"Card Removal","floor":3.0,"gold_loss":0.0,"damage_taken":7.0},{"damage_healed":0.0,"max_hp_gain":0.0,"max_hp_loss":0.0,"gold_gain":0.0,"event_name":"World of Goop","player_choice":"Left Gold","floor":11.0,"gold_loss":45.0,"damage_taken":0.0},{"damage_healed":0,"gold_gain":0,"player_choice":"Fought Mushrooms","damage_taken":0,"max_hp_gain":0,"max_hp_loss":0,"event_name":"Mushrooms","floor":13,"gold_loss":0}],"is_beta":false,"boss_relics":[],"items_purged_floors":[],"is_endless":false,"potions_floor_spawned":[1,5,6],"killed_by":"The Mushroom Lair","ascension_level":17}