{"path_per_floor":["M","?","M","M","M","R","$","?","T","E","M","E","M"],"character_chosen":"DEFECT","items_purchased":["Self Repair"],"gold_per_floor":[119,119,136,152,169,169,98,120,120,153,165,199,211,211],"floor_reached":14,"campfire_rested":0,"playtime":724,"item_purchase_floors":[7],"current_hp_per_floor":[75,75,75,75,67,67,67,67,67,53,51,35,35,0],"items_purged":[],"gold":211,"score":102,"play_id":"2cb7bc65-4822-417d-b979-7567c769205a","local_time":"20180624181455","is_prod":false,"is_daily":false,"chose_seed":false,"is_ascension_mode":false,"campfire_upgraded":1,"win_rate":0,"timestamp":1529889295,"campfire_choices":[{"data":"Redo","floor":6,"key":"SMITH"}],"path_taken":["M","?","?","M","M","R","$","?","T","E","M","E","M","E"],"build_version":"2018-06-21","seed_source_timestamp":811200253444311,"purchased_purges":0,"circlet_count":0,"victory":false,"master_deck":["Strike_B","Strike_B","Strike_B","Strike_B","Defend_B","Defend_B","Defend_B","Defend_B","Zap+1","Dualcast","Conserve Battery","Compile Driver","BootSequence","Redo+1","Sweeping Beam","Sunder","Coolheaded","Doom and Gloom","All For One","Self Repair","Compile Driver","Auto Shields","Cold Snap","Double Energy","Aggregate"],"max_hp_per_floor":[75,75,75,75,75,75,75,75,75,75,75,75,75,75],"relics":["Orrery","Odd Mushroom","Mercury Hourglass","The Courier","Darkstone Periapt"],"card_choices":[{"not_picked":["Auto Shields","Go for the Eyes"],"picked":"Conserve Battery","floor":0},{"not_picked":["Steam","Leap"],"picked":"Compile Driver","floor":0},{"not_picked":["Sweeping Beam","Hologram"],"picked":"BootSequence","floor":0},{"not_picked":["Stack","Streamline"],"picked":"Redo","floor":0},{"not_picked":["Hologram","Beam Cell"],"picked":"Sweeping Beam","floor":0},{"not_picked":["Tempest","Steam"],"picked":"Sunder","floor":1},{"not_picked":["Stack","Blizzard"],"picked":"Coolheaded","floor":3},{"not_picked":["Ball Lightning","Compile Driver"],"picked":"Doom and Gloom","floor":4},{"not_picked":["Melter","Hologram"],"picked":"All For One","floor":5},{"not_picked":["Steam","Sunder"],"picked":"Compile Driver","floor":8},{"not_picked":["Compile Driver","Steam"],"picked":"Auto Shields","floor":10},{"not_picked":["Gash","Conserve Battery"],"picked":"Cold Snap","floor":11},{"not_picked":["Fission","Rip and Tear"],"picked":"Double Energy","floor":12},{"not_picked":["Redo","Hologram"],"picked":"Aggregate","floor":13}],"player_experience":186252,"potions_floor_usage":[8,8,10,14],"damage_taken":[{"damage":0,"enemies":"Cultist","floor":1,"turns":3},{"damage":0,"enemies":"Small Slimes","floor":3,"turns":3},{"damage":0,"enemies":"2 Louse","floor":4,"turns":2},{"damage":8,"enemies":"Exordium Thugs","floor":5,"turns":5},{"damage":0,"floor":8,"turns":2},{"damage":21,"enemies":"Lagavulin","floor":10,"turns":4},{"damage":9,"enemies":"Exordium Wildlife","floor":11,"turns":4},{"damage":16,"enemies":"3 Sentries","floor":12,"turns":3},{"damage":0,"enemies":"Lots of Slimes","floor":13,"turns":1},{"damage":35,"enemies":"Lagavulin","floor":14,"turns":5}],"relics_obtained":[{"floor":8,"key":"Odd Mushroom"},{"floor":9,"key":"Mercury Hourglass"},{"floor":10,"key":"The Courier"},{"floor":12,"key":"Darkstone Periapt"}],"event_choices":[{"event_name":"Accursed Blacksmith","player_choice":"Forge","floor":2,"damage_taken":0},{"event_name":"Mushrooms","player_choice":"Fought Mushrooms","floor":8,"damage_taken":0}],"boss_relics":[],"items_purged_floors":[],"is_endless":true,"potions_floor_spawned":[1,4,5,12],"seed_played":"-5363683510240383754","killed_by":"Lagavulin","ascension_level":0,"potions_obtained":[{"floor":1,"key":"Strength Potion"},{"floor":4,"key":"Fire Potion"},{"floor":5,"key":"FearPotion"},{"floor":12,"key":"SneckoOil"}],"is_trial":false}