{"gold_per_floor":[115,126,1,15,65,91,91,116,116,136,154,169,182,213,213,285,285,302,318,243,259,270,270],"floor_reached":23,"playtime":1464,"items_purged":["Strike_R"],"score":434,"play_id":"d5029c45-4873-4e90-af1e-8c22c1cb83a4","local_time":"20190412133830","is_ascension_mode":true,"campfire_choices":[{"data":"Combust","floor":7,"key":"SMITH"},{"data":"Uppercut","floor":15,"key":"SMITH"}],"neow_cost":"NONE","seed_source_timestamp":96572866728892,"circlet_count":0,"master_deck":["AscendersBane","Strike_R","Strike_R","Strike_R","Defend_R","Defend_R","Defend_R","Defend_R","Bash","Feel No Pain","Inflame","Pommel Strike","Uppercut+1","Combust+1","Inflame","Reaper","Pummel","Spot Weakness","Double Tap","Rage","Battle Trance"],"relics":["Burning Blood","Orichalcum","Blood Vial","Unceasing Top","The Courier","Calipers","Runic Cube"],"potions_floor_usage":[6,6,14,18,23,23],"damage_taken":[{"damage":5,"enemies":"Cultist","floor":1,"turns":4},{"damage":2,"enemies":"2 Louse","floor":2,"turns":3},{"damage":6,"enemies":"Jaw Worm","floor":4,"turns":4},{"damage":4,"enemies":"Gremlin Nob","floor":6,"turns":3},{"damage":32,"enemies":"Lagavulin","floor":8,"turns":5},{"damage":3,"enemies":"Looter","floor":10,"turns":3},{"damage":8,"enemies":"2 Fungi Beasts","floor":11,"turns":4},{"damage":16,"enemies":"Red Slaver","floor":12,"turns":5},{"damage":12,"enemies":"Looter","floor":13,"turns":4},{"damage":24,"enemies":"3 Sentries","floor":14,"turns":6},{"damage":44,"enemies":"Hexaghost","floor":16,"turns":8},{"damage":29,"enemies":"Shell Parasite","floor":18,"turns":5},{"damage":12,"enemies":"Chosen","floor":19,"turns":4},{"damage":21,"enemies":"Snecko","floor":21,"turns":4},{"damage":31,"enemies":"Centurion and Healer","floor":22,"turns":8},{"damage":30,"enemies":"Book of Stabbing","floor":23,"turns":4}],"seed_played":"-1185589992274251274","potions_obtained":[{"floor":2,"key":"Explosive Potion"},{"floor":4,"key":"Energy Potion"},{"floor":12,"key":"SkillPotion"},{"floor":14,"key":"Poison Potion"},{"floor":16,"key":"Energy Potion"},{"floor":19,"key":"LiquidBronze"},{"floor":22,"key":"Block Potion"}],"is_trial":false,"path_per_floor":["M","M","$","M","?","E","R","E","T","M","M","M","M","E","R","B",null,"M","M","?","M","M","E"],"character_chosen":"IRONCLAD","items_purchased":["Pommel Strike"],"campfire_rested":0,"item_purchase_floors":[3],"current_hp_per_floor":[69,73,73,73,73,75,75,49,49,54,54,46,42,44,44,19,61,40,36,36,35,28,0],"gold":270,"neow_bonus":"RANDOM_COMMON_RELIC","is_prod":false,"is_daily":false,"chose_seed":false,"campfire_upgraded":2,"win_rate":0,"timestamp":1555069110,"path_taken":["M","?","$","M","?","E","R","E","T","M","M","?","M","E","R","BOSS","M","M","?","M","M","E"],"build_version":"2019-01-23","purchased_purges":1,"victory":false,"max_hp_per_floor":[75,75,75,75,75,75,75,75,75,75,75,75,75,75,75,75,75,75,75,75,75,75,75],"card_choices":[{"not_picked":["True Grit","Iron Wave"],"picked":"Feel No Pain","floor":1},{"not_picked":["Warcry","Pommel Strike"],"picked":"Inflame","floor":2},{"not_picked":["Warcry","Body Slam"],"picked":"Uppercut","floor":4},{"not_picked":["Clothesline","Cleave"],"picked":"Combust","floor":6},{"not_picked":["Shrug It Off","Reckless Charge"],"picked":"Inflame","floor":8},{"not_picked":["True Grit","Anger","Bloodletting"],"picked":"SKIP","floor":10},{"not_picked":["Infernal Blade","Headbutt","Havoc"],"picked":"SKIP","floor":11},{"not_picked":["True Grit","Burning Pact"],"picked":"Reaper","floor":12},{"not_picked":["Burning Pact","Havoc"],"picked":"Pummel","floor":13},{"not_picked":["Shrug It Off","Berserk"],"picked":"Spot Weakness","floor":14},{"not_picked":["Berserk","Dark Embrace"],"picked":"Double Tap","floor":16},{"not_picked":["Twin Strike","Carnage","True Grit"],"picked":"SKIP","floor":18},{"not_picked":["Headbutt","Warcry"],"picked":"Rage","floor":19},{"not_picked":["Perfected Strike","Cleave","Clash"],"picked":"SKIP","floor":21},{"not_picked":["Sentinel","Pummel"],"picked":"Battle Trance","floor":22}],"player_experience":1436212,"relics_obtained":[{"floor":6,"key":"Blood Vial"},{"floor":8,"key":"Unceasing Top"},{"floor":9,"key":"The Courier"},{"floor":14,"key":"Calipers"}],"event_choices":[{"damage_healed":0,"gold_gain":50,"player_choice":"Pray","damage_taken":0,"max_hp_gain":0,"max_hp_loss":0,"event_name":"Golden Shrine","floor":5,"gold_loss":0},{"cards_removed":["Strike_R"],"damage_healed":0,"gold_gain":0,"player_choice":"Gave Gold","damage_taken":0,"max_hp_gain":0,"max_hp_loss":0,"event_name":"Beggar","floor":20,"gold_loss":75}],"is_beta":false,"boss_relics":[{"not_picked":["Coffee Dripper","Sozu"],"picked":"Runic Cube"}],"items_purged_floors":[3],"is_endless":false,"potions_floor_spawned":[2,4,12,14,16,19,21,22],"killed_by":"Book of Stabbing","ascension_level":20}