{"gold_per_floor":[109,121,140,4,4,32,32,32,32,32,44,79,79,91,91,91],"floor_reached":16,"playtime":461,"items_purged":[],"score":220,"play_id":"9ede2a3f-4078-4a9d-a92e-464e439c092d","local_time":"20181227194048","is_ascension_mode":true,"campfire_choices":[{"floor":15.0,"key":"REST"}],"neow_cost":"NONE","seed_source_timestamp":0,"circlet_count":0,"master_deck":["AscendersBane","Strike_B","Strike_B","Strike_B","Strike_B","Defend_B","Defend_B","Defend_B","Defend_B","Zap","Dualcast","Reinforced Body","Coolheaded","Melter","Core Surge","Doom and Gloom+1"],"special_seed":0,"relics":["Cracked Core","NeowsBlessing","Frozen Egg 2","Sundial","Mercury Hourglass"],"potions_floor_usage":[],"damage_taken":[{"damage":0.0,"enemies":"Jaw Worm","floor":1.0,"turns":1.0},{"damage":0.0,"enemies":"2 Louse","floor":2.0,"turns":1.0},{"damage":0.0,"enemies":"Small Slimes","floor":3.0,"turns":1.0},{"damage":44.0,"enemies":"Gremlin Nob","floor":6.0,"turns":5.0},{"damage":10.0,"enemies":"Exordium Thugs","floor":11.0,"turns":4.0},{"damage":3.0,"enemies":"3 Sentries","floor":12.0,"turns":4.0},{"damage":4.0,"enemies":"Red Slaver","floor":14.0,"turns":4.0},{"damage":30,"enemies":"Slime Boss","floor":16,"turns":7}],"seed_played":"-952818541370414136","potions_obtained":[{"floor":3.0,"key":"PowerPotion"},{"floor":6.0,"key":"SpeedPotion"},{"floor":11.0,"key":"Fire Potion"}],"is_trial":false,"path_per_floor":["M","M","M","$","?","E","?","?","T","$","M","E","?","M","R","B"],"character_chosen":"DEFECT","items_purchased":["Melter","FearPotion"],"campfire_rested":1,"item_purchase_floors":[4,4],"current_hp_per_floor":[64,64,64,64,69,25,25,25,25,25,15,12,12,8,30,0],"gold":91,"neow_bonus":"THREE_ENEMY_KILL","is_prod":false,"is_daily":false,"chose_seed":false,"campfire_upgraded":0,"win_rate":0,"timestamp":1545936048,"path_taken":["M","M","M","$","?","E","?","?","T","?","M","E","?","M","R","BOSS"],"build_version":"2018-12-20","purchased_purges":0,"victory":false,"max_hp_per_floor":[71,71,71,71,76,76,76,76,76,76,76,76,76,76,76,76],"card_choices":[{"not_picked":["Go for the Eyes","Barrage"],"picked":"Reinforced Body","floor":1.0},{"not_picked":["Leap","Go for the Eyes"],"picked":"Coolheaded","floor":2.0},{"not_picked":["Go for the Eyes","Steam","Heatsinks"],"picked":"SKIP","floor":3.0},{"not_picked":["Stack","Cold Snap"],"picked":"Core Surge","floor":6.0},{"not_picked":["Capacitor+1","Turbo","Beam Cell"],"picked":"SKIP","floor":11.0},{"not_picked":["Hologram","Reinforced Body"],"picked":"Doom and Gloom","floor":12.0},{"not_picked":["Cold Snap","Blizzard","Force Field"],"picked":"SKIP","floor":14.0}],"player_experience":1053662,"relics_obtained":[{"floor":6.0,"key":"Frozen Egg 2"},{"floor":9.0,"key":"Sundial"},{"floor":12.0,"key":"Mercury Hourglass"}],"event_choices":[{"damage_healed":0.0,"max_hp_gain":5.0,"max_hp_loss":0.0,"gold_gain":0.0,"event_name":"Big Fish","player_choice":"Donut","floor":5.0,"gold_loss":0.0,"damage_taken":0.0},{"damage_healed":0.0,"max_hp_gain":0.0,"max_hp_loss":0.0,"gold_gain":0.0,"event_name":"Dead Adventurer","player_choice":"Searched \u00271\u0027 times","floor":7.0,"gold_loss":0.0,"damage_taken":0.0},{"damage_healed":0.0,"max_hp_gain":0.0,"max_hp_loss":0.0,"gold_gain":0.0,"event_name":"Shining Light","player_choice":"Ignored","floor":8.0,"gold_loss":0.0,"damage_taken":0.0},{"damage_healed":0.0,"max_hp_gain":0.0,"max_hp_loss":0.0,"gold_gain":0.0,"event_name":"Living Wall","player_choice":"Grow","floor":13.0,"gold_loss":0.0,"damage_taken":0.0,"cards_upgraded":["Doom and Gloom"]}],"is_beta":false,"boss_relics":[],"items_purged_floors":[],"is_endless":false,"potions_floor_spawned":[3,6,11],"killed_by":"Slime Boss","ascension_level":20}