{"gold_per_floor":[119,119,139,139,42,77,89,89,89,89,2,32,32,61,61,133,133,148,148,48,48,63,63,63,63,137,137,148,148,166,184,184,260,260,279,294,294,306,306,306,334,350,350,85,120,120,120,70,70,70,70],"floor_reached":52,"playtime":2896,"items_purged":["Regret","Writhe","Shame"],"score":1823,"play_id":"66f21a2d-cb40-429b-b0d1-fe1e426caffd","local_time":"20190306134026","is_ascension_mode":true,"campfire_choices":[{"data":"Static Discharge","floor":10.0,"key":"SMITH"},{"floor":13.0,"key":"REST"},{"data":"Lockon","floor":15.0,"key":"SMITH"},{"data":"Decay","floor":23.0,"key":"PURGE"},{"data":"Coolheaded","floor":25.0,"key":"SMITH"},{"data":"Blizzard","floor":29.0,"key":"SMITH"},{"data":"Biased Cognition","floor":32.0,"key":"SMITH"},{"data":"Consume","floor":40.0,"key":"SMITH"},{"data":"Capacitor","floor":46.0,"key":"SMITH"},{"data":"Defragment","floor":49.0,"key":"SMITH"}],"neow_cost":"NONE","seed_source_timestamp":0,"circlet_count":0,"master_deck":["AscendersBane","Strike_B","Strike_B","Defend_B","Defend_B","Defend_B","Defend_B","Zap+1","Dualcast","Lockon+1","Static Discharge+1","Doom and Gloom","Conserve Battery","Coolheaded+1","Parasite","Self Repair","Electrodynamics","Genetic Algorithm","Biased Cognition+1","Glacier+1","Glacier","Conserve Battery","Reinforced Body","Blizzard+1","Core Surge","Consume+1","Meteor Strike","Genetic Algorithm+1","Panacea","Capacitor+1","Ball Lightning+1","Defragment+1","Coolheaded","Sunder+1"],"special_seed":0,"relics":["Cracked Core","Ginger","Blue Candle","Smiling Mask","Peace Pipe","Sundial","Meat on the Bone","Snecko Eye","Mercury Hourglass","Cursed Key","Unceasing Top","Cables","DataDisk","Regal Pillow","Symbiotic Virus"],"potions_floor_usage":[],"damage_taken":[{"damage":5.0,"enemies":"Small Slimes","floor":1.0,"turns":3.0},{"damage":3.0,"enemies":"2 Louse","floor":3.0,"turns":2.0},{"damage":14.0,"enemies":"Lagavulin","floor":6.0,"turns":6.0},{"damage":1.0,"enemies":"Jaw Worm","floor":7.0,"turns":3.0},{"damage":22.0,"enemies":"3 Sentries","floor":12.0,"turns":5.0},{"damage":29.0,"enemies":"Gremlin Nob","floor":14.0,"turns":4.0},{"damage":17.0,"enemies":"Hexaghost","floor":16.0,"turns":9.0},{"damage":23.0,"enemies":"Shell Parasite","floor":18.0,"turns":4.0},{"damage":23.0,"enemies":"2 Thieves","floor":20.0,"turns":5.0},{"damage":14.0,"enemies":"3 Cultists","floor":22.0,"turns":4.0},{"damage":17.0,"enemies":"Cultist and Chosen","floor":28.0,"turns":4.0},{"damage":0.0,"enemies":"Chosen and Byrds","floor":30.0,"turns":5.0},{"damage":8.0,"enemies":"3 Cultists","floor":31.0,"turns":3.0},{"damage":28.0,"enemies":"Automaton","floor":33.0,"turns":13.0},{"damage":0.0,"enemies":"3 Darklings","floor":35.0,"turns":4.0},{"damage":0.0,"enemies":"Orb Walker","floor":36.0,"turns":4.0},{"damage":0.0,"enemies":"3 Darklings","floor":38.0,"turns":1.0},{"damage":32.0,"enemies":"Reptomancer","floor":41.0,"turns":9.0},{"damage":0.0,"enemies":"Spire Growth","floor":42.0,"turns":6.0},{"damage":11.0,"enemies":"Nemesis","floor":45.0,"turns":7.0},{"damage":11.0,"enemies":"Time Eater","floor":50.0,"turns":16.0},{"damage":45,"enemies":"Awakened One","floor":51,"turns":10}],"seed_played":"5964211039611829487","potions_obtained":[{"floor":1.0,"key":"EssenceOfSteel"},{"floor":6.0,"key":"EssenceOfSteel"},{"floor":16.0,"key":"Ancient Potion"},{"floor":18.0,"key":"SteroidPotion"},{"floor":31.0,"key":"Energy Potion"},{"floor":35.0,"key":"GamblersBrew"},{"floor":42.0,"key":"Block Potion"},{"floor":45.0,"key":"SpeedPotion"}],"is_trial":false,"path_per_floor":["M","?","M","?","$","E","M","?","T","R","$","E","R","E","R","B",null,"M","?","M","?","M","R","?","R","T","?","M","R","M","M","R","B",null,"M","M","?","M","?","R","E","M","T","$","E","R","T","$","R","B","B",null],"character_chosen":"DEFECT","items_purchased":["Doom and Gloom","PowerPotion","Self Repair","DataDisk","Coolheaded"],"campfire_rested":1,"item_purchase_floors":[5,5,11,44,44],"current_hp_per_floor":[59,41,38,38,38,24,23,40,40,40,40,25,46,24,24,26,60,37,37,33,33,38,38,38,38,38,38,33,33,52,44,44,35,62,69,69,64,64,64,64,51,58,58,58,54,54,54,54,54,50,17],"gold":70,"neow_bonus":"UPGRADE_CARD","is_prod":false,"is_daily":false,"chose_seed":false,"campfire_upgraded":8,"win_rate":0,"timestamp":1551876026,"path_taken":["M","?","M","?","$","E","M","?","T","R","?","E","R","E","R","BOSS","M","?","M","?","M","R","?","R","T","?","M","R","M","M","R","BOSS","M","M","?","M","?","R","E","M","T","$","E","R","?","?","R","BOSS","BOSS"],"build_version":"2019-01-23","purchased_purges":3,"victory":true,"max_hp_per_floor":[71,71,71,71,71,71,71,71,71,71,71,71,71,71,71,71,71,71,71,71,71,71,71,71,71,71,71,71,71,71,71,71,71,71,71,71,71,71,71,71,71,71,71,71,71,71,71,71,71,71,71],"card_choices":[{"not_picked":["Go for the Eyes","Beam Cell"],"picked":"Lockon","floor":1.0},{"not_picked":["Redo","Coolheaded"],"picked":"Static Discharge","floor":3.0},{"not_picked":["Turbo","Force Field"],"picked":"Conserve Battery","floor":6.0},{"not_picked":["Gash","Fusion"],"picked":"Coolheaded","floor":7.0},{"not_picked":["Reprogram","Turbo"],"picked":"Electrodynamics","floor":12.0},{"not_picked":["Stack","Redo"],"picked":"Genetic Algorithm","floor":14.0},{"not_picked":["Rainbow","Core Surge"],"picked":"Biased Cognition","floor":16.0},{"not_picked":["Gash","Stack"],"picked":"Glacier+1","floor":18.0},{"not_picked":["Reprogram","Gash"],"picked":"Glacier","floor":20.0},{"not_picked":["Go for the Eyes","Cold Snap","Steam"],"picked":"SKIP","floor":22.0},{"not_picked":["Ball Lightning","Cold Snap","Barrage"],"picked":"SKIP","floor":28.0},{"not_picked":["Redo","Barrage"],"picked":"Core Surge","floor":30.0},{"not_picked":["Leap","Cold Snap"],"picked":"Consume","floor":31.0},{"not_picked":["Seek","Multi-Cast"],"picked":"Meteor Strike","floor":33.0},{"not_picked":["Leap+1","Doom and Gloom"],"picked":"Genetic Algorithm+1","floor":35.0},{"not_picked":["Streamline","Heatsinks","Reprogram"],"picked":"SKIP","floor":36.0},{"not_picked":["Dramatic Entrance","Transmutation"],"picked":"Panacea","floor":37.0},{"not_picked":["Steam+1","Double Energy"],"picked":"Capacitor","floor":38.0},{"not_picked":["Go for the Eyes+1","Gash"],"picked":"Ball Lightning+1","floor":41.0},{"not_picked":["Sweeping Beam","Static Discharge"],"picked":"Defragment","floor":42.0},{"not_picked":["Amplify","Cold Snap+1"],"picked":"Sunder+1","floor":45.0}],"player_experience":1361739,"relics_obtained":[{"floor":6.0,"key":"Smiling Mask"},{"floor":9.0,"key":"Peace Pipe"},{"floor":12.0,"key":"Sundial"},{"floor":14.0,"key":"Meat on the Bone"},{"floor":26.0,"key":"Mercury Hourglass"},{"floor":41.0,"key":"Unceasing Top"},{"floor":43.0,"key":"Cables"},{"floor":45.0,"key":"Regal Pillow"},{"floor":47.0,"key":"Symbiotic Virus"}],"event_choices":[{"damage_healed":0.0,"max_hp_gain":0.0,"max_hp_loss":0.0,"gold_gain":0.0,"event_name":"Scrap Ooze","player_choice":"Success","floor":2.0,"gold_loss":0.0,"damage_taken":18.0,"relics_obtained":["Ginger"]},{"damage_healed":0.0,"max_hp_gain":0.0,"max_hp_loss":0.0,"gold_gain":0.0,"event_name":"Big Fish","player_choice":"Box","floor":4.0,"gold_loss":0.0,"damage_taken":0.0,"relics_obtained":["Blue Candle"],"cards_obtained":["Regret"]},{"damage_healed":17.0,"max_hp_gain":0.0,"max_hp_loss":0.0,"gold_gain":0.0,"event_name":"Mushrooms","player_choice":"Healed and dodged fight","floor":8.0,"gold_loss":0.0,"damage_taken":0.0,"cards_obtained":["Parasite"]},{"damage_healed":0.0,"max_hp_gain":0.0,"max_hp_loss":0.0,"gold_gain":0.0,"event_name":"Ghosts","player_choice":"Ignored","floor":19.0,"gold_loss":0.0,"damage_taken":0.0},{"damage_healed":0.0,"max_hp_gain":0.0,"max_hp_loss":0.0,"gold_gain":0.0,"event_name":"Forgotten Altar","player_choice":"Smashed Altar","floor":21.0,"gold_loss":0.0,"damage_taken":0.0,"cards_obtained":["Decay"]},{"damage_healed":0.0,"max_hp_gain":0.0,"max_hp_loss":0.0,"gold_gain":0.0,"cards_transformed":["Strike_B","Strike_B"],"event_name":"Drug Dealer","player_choice":"Became Test Subject","floor":24.0,"gold_loss":0.0,"damage_taken":0.0,"cards_obtained":["Conserve Battery","Reinforced Body"]},{"damage_healed":0.0,"max_hp_gain":0.0,"max_hp_loss":0.0,"gold_gain":0.0,"event_name":"The Library","player_choice":"Read","floor":27.0,"gold_loss":0.0,"damage_taken":0.0,"cards_obtained":["Blizzard"]},{"damage_healed":0.0,"max_hp_gain":0.0,"max_hp_loss":0.0,"gold_gain":0.0,"event_name":"SensoryStone","player_choice":"Memory 2","floor":37.0,"gold_loss":0.0,"damage_taken":5.0},{"damage_healed":0.0,"max_hp_gain":0.0,"max_hp_loss":0.0,"gold_gain":0.0,"event_name":"Tomb of Lord Red Mask","player_choice":"Ignored","floor":39.0,"gold_loss":0.0,"damage_taken":0.0}],"is_beta":false,"boss_relics":[{"not_picked":["Calling Bell","Lizard Tail"],"picked":"Snecko Eye"},{"not_picked":["Orrery","Runic Dome"],"picked":"Cursed Key"}],"items_purged_floors":[11,44,48],"is_endless":false,"potions_floor_spawned":[1,6,16,18,28,31,35,42,45],"ascension_level":20}