{"gold_per_floor":[110,110,121,121,135,135,164,164,164,164,181,199,217,217,217,322,322,336,27,45,45,56,56,83,83],"floor_reached":25,"playtime":1235,"items_purged":[],"score":312,"play_id":"23680ac6-a2dd-400d-8328-63c9653e5e38","local_time":"20190412231911","is_ascension_mode":true,"campfire_choices":[{"data":"Dark Embrace","floor":6,"key":"SMITH"},{"floor":8,"key":"REST"},{"data":"Bash","floor":10,"key":"SMITH"},{"floor":15,"key":"REST"},{"floor":23,"key":"REST"}],"neow_cost":"NONE","seed_source_timestamp":123311775845532,"circlet_count":0,"master_deck":["Bash+1","Dark Embrace+1","Clothesline","Offering","Inflame","Shrug It Off","Dark Embrace","Dropkick","Cleave","Warcry","Offering","Metallicize","Blood for Blood","Shrug It Off","Spot Weakness","Power Through","Spot Weakness"],"relics":["Burning Blood","Mercury Hourglass","Vajra","Pandora\u0027s Box","Thread and Needle","Regal Pillow"],"potions_floor_usage":[13,16,24,24],"damage_taken":[{"damage":6,"enemies":"Cultist","floor":1,"turns":5},{"damage":14,"enemies":"Small Slimes","floor":3,"turns":5},{"damage":4,"enemies":"2 Louse","floor":5,"turns":4},{"damage":55,"enemies":"Lagavulin","floor":7,"turns":7},{"damage":23,"enemies":"Exordium Thugs","floor":11,"turns":4},{"damage":19,"enemies":"Large Slime","floor":12,"turns":6},{"damage":0,"enemies":"2 Fungi Beasts","floor":13,"turns":3},{"damage":34,"enemies":"Slime Boss","floor":16,"turns":7},{"damage":20,"enemies":"2 Thieves","floor":18,"turns":4},{"damage":12,"enemies":"Spheric Guardian","floor":20,"turns":5},{"damage":37,"enemies":"Snake Plant","floor":22,"turns":5},{"damage":31,"enemies":"Gremlin Leader","floor":24,"turns":8},{"damage":14,"enemies":"3 Cultists","floor":25,"turns":2}],"seed_played":"7073236348103921355","potions_obtained":[{"floor":1,"key":"PowerPotion"},{"floor":7,"key":"FearPotion"},{"floor":12,"key":"GamblersBrew"},{"floor":16,"key":"Poison Potion"},{"floor":22,"key":"SteroidPotion"}],"is_trial":false,"path_per_floor":["?","?","M","?","?"],"character_chosen":"IRONCLAD","items_purchased":["Thread and Needle"],"campfire_rested":3,"item_purchase_floors":[19],"current_hp_per_floor":[72,72,64,64,66,66,17,41,41,41,24,11,17,17,41,13,63,49,49,43,43,12,36,11,0],"gold":83,"neow_bonus":"ONE_RANDOM_RARE_CARD","is_prod":false,"is_daily":false,"chose_seed":false,"campfire_upgraded":2,"win_rate":0,"timestamp":1555085951,"path_taken":["M","?","M","?","?","R","E","R","T","R","M","M","M","?","R","BOSS","M","$","M","?","M","R","E","M"],"build_version":"2019-01-23","purchased_purges":0,"victory":false,"max_hp_per_floor":[80,80,80,80,80,80,80,80,80,80,80,80,80,80,80,80,80,80,80,80,80,80,80,80,80],"card_choices":[{"not_picked":["Reckless Charge","Heavy Blade"],"picked":"Clothesline","floor":1},{"not_picked":["Warcry","Anger"],"picked":"Offering","floor":3},{"not_picked":["Clash","Burning Pact"],"picked":"Inflame","floor":5},{"not_picked":["Clothesline","Pummel","Armaments"],"picked":"SKIP","floor":7},{"not_picked":["Armaments","Heavy Blade"],"picked":"Shrug It Off","floor":11},{"not_picked":["Cleave","Armaments","Perfected Strike"],"picked":"SKIP","floor":12},{"not_picked":["Twin Strike","Reckless Charge","Entrench"],"picked":"SKIP","floor":13},{"not_picked":["Berserk","Impervious"],"picked":"Dark Embrace","floor":16},{"not_picked":["Body Slam","Armaments","Pommel Strike"],"picked":"SKIP","floor":18},{"not_picked":["Sword Boomerang+1","Twin Strike+1"],"picked":"Spot Weakness","floor":20},{"not_picked":["Metallicize","True Grit","Cleave+1"],"picked":"SKIP","floor":22},{"not_picked":["Sever Soul","Entrench+1","Flame Barrier"],"picked":"SKIP","floor":24}],"player_experience":207643,"relics_obtained":[{"floor":7,"key":"Mercury Hourglass"},{"floor":9,"key":"Vajra"},{"floor":24,"key":"Regal Pillow"}],"event_choices":[{"damage_healed":0,"gold_gain":0,"player_choice":"Ignored","damage_taken":0,"max_hp_gain":0,"max_hp_loss":0,"event_name":"Liars Game","floor":2,"gold_loss":0},{"damage_healed":0,"gold_gain":0,"player_choice":"Cursed","damage_taken":0,"max_hp_gain":0,"max_hp_loss":0,"event_name":"Wheel of Change","floor":4,"gold_loss":0,"cards_obtained":["Decay"]},{"cards_removed":["Decay"],"damage_healed":0,"gold_gain":0,"player_choice":"Removed Curses","damage_taken":0,"max_hp_gain":0,"max_hp_loss":0,"event_name":"Fountain of Cleansing","floor":14,"gold_loss":0}],"is_beta":false,"boss_relics":[{"not_picked":["Empty Cage","White Beast Statue"],"picked":"Pandora\u0027s Box"}],"items_purged_floors":[],"is_endless":false,"potions_floor_spawned":[1,7,12,16,22],"killed_by":"3 Cultists","ascension_level":8}