{"gold_per_floor":[110,110,110,122,140,150,150,75,75,95,107,107,119,144,144,240,240,256,268,287,287,305,338,338,357,357,357,374,120,138,156,156,259,259,272,288,303,303,29,29,44,60,60,73,73,73,93,103,103,103],"floor_reached":51,"playtime":3600,"items_purged":["Strike_G","Strike_G","Defend_G"],"score":706,"play_id":"87056fc8-45ae-40f8-8035-2979448e3550","local_time":"20190314032431","is_ascension_mode":false,"campfire_choices":[{"data":"Phantasmal Killer","floor":7.0,"key":"SMITH"},{"floor":12.0,"key":"REST"},{"data":"Tactician","floor":15.0,"key":"SMITH"},{"data":"Sucker Punch","floor":24.0,"key":"SMITH"},{"floor":27.0,"key":"REST"},{"floor":32.0,"key":"REST"},{"data":"Finisher","floor":40,"key":"SMITH"},{"floor":46,"key":"REST"},{"floor":49,"key":"REST"}],"neow_cost":"NONE","seed_source_timestamp":0,"circlet_count":0,"master_deck":["Defend_G","Defend_G","Defend_G","Strike_G+1","Strike_G","Strike_G","Survivor","Neutralize+1","Dagger Throw","Phantasmal Killer+1","Underhanded Strike","Tactician+1","Sucker Punch+1","Heel Hook","Underhanded Strike","Die Die Die","Finisher+1","Dagger Throw","Phantasmal Killer+1","Backflip","Backstab","Escape Plan+1","Unload","Cloak And Dagger+1","Adrenaline+1","Prepared+1","Parasite","Reflex+1","Escape Plan+1"],"special_seed":0,"relics":["Ring of the Snake","Mercury Hourglass","Shuriken","White Beast Statue","Bag of Marbles","Toxic Egg 2","Busted Crown","Orichalcum","Ornamental Fan"],"potions_floor_usage":[37,37,50,50],"damage_taken":[{"damage":2.0,"enemies":"Jaw Worm","floor":1.0,"turns":5.0},{"damage":0.0,"enemies":"Small Slimes","floor":4.0,"turns":2.0},{"damage":0.0,"enemies":"Cultist","floor":5.0,"turns":2.0},{"damage":5.0,"enemies":"Blue Slaver","floor":6.0,"turns":3.0},{"damage":7.0,"enemies":"Large Slime","floor":10.0,"turns":4.0},{"damage":0.0,"enemies":"3 Louse","floor":11.0,"turns":2.0},{"damage":9.0,"enemies":"Exordium Thugs","floor":13.0,"turns":3.0},{"damage":13.0,"enemies":"Lagavulin","floor":14.0,"turns":3.0},{"damage":0.0,"enemies":"Slime Boss","floor":16.0,"turns":4.0},{"damage":0.0,"enemies":"3 Byrds","floor":18.0,"turns":3.0},{"damage":0.0,"enemies":"2 Thieves","floor":19.0,"turns":3.0},{"damage":9.0,"enemies":"Snake Plant","floor":20.0,"turns":4.0},{"damage":5.0,"enemies":"Centurion and Healer","floor":22.0,"turns":6.0},{"damage":8.0,"enemies":"Slavers","floor":23.0,"turns":5.0},{"damage":11.0,"enemies":"Snecko","floor":25.0,"turns":3.0},{"damage":13.0,"enemies":"3 Cultists","floor":28.0,"turns":4.0},{"damage":0.0,"enemies":"Snake Plant","floor":30.0,"turns":2.0},{"damage":12.0,"enemies":"Snecko","floor":31.0,"turns":4.0},{"damage":22.0,"enemies":"Automaton","floor":33.0,"turns":6.0},{"damage":0,"enemies":"Orb Walker","floor":35,"turns":2},{"damage":0,"enemies":"3 Darklings","floor":36,"turns":3},{"damage":9,"enemies":"Maw","floor":37,"turns":5},{"damage":0,"enemies":"Spire Growth","floor":41,"turns":3},{"damage":9,"enemies":"Jaw Worm Horde","floor":42,"turns":2},{"damage":7,"enemies":"Writhing Mass","floor":44,"turns":4},{"damage":13,"enemies":"4 Shapes","floor":47,"turns":1},{"damage":6,"enemies":"Sphere and 2 Shapes","floor":48,"turns":2},{"damage":37,"enemies":"Time Eater","floor":50,"turns":7}],"seed_played":"-3136999748256929631","potions_obtained":[{"floor":4.0,"key":"Ancient Potion"},{"floor":6.0,"key":"GhostInAJar"},{"floor":13.0,"key":"Poison Potion"},{"floor":14.0,"key":"Fruit Juice"},{"floor":18.0,"key":"Swift Potion"},{"floor":19.0,"key":"Strength Potion"},{"floor":20.0,"key":"PowerPotion"},{"floor":22.0,"key":"Swift Potion"},{"floor":23.0,"key":"Poison Potion"},{"floor":25.0,"key":"SpeedPotion"},{"floor":28.0,"key":"SkillPotion"},{"floor":31.0,"key":"SteroidPotion"},{"floor":33.0,"key":"GamblersBrew"},{"floor":35,"key":"Swift Potion"},{"floor":36,"key":"Weak Potion"},{"floor":37,"key":"GhostInAJar"},{"floor":41,"key":"FearPotion"}],"is_trial":false,"path_per_floor":["?","?","$","?","$","?","?"],"character_chosen":"THE_SILENT","items_purchased":["Unload","Orichalcum"],"campfire_rested":5,"item_purchase_floors":[29,39],"current_hp_per_floor":[68,54,59,59,59,54,54,54,54,47,47,69,60,52,52,52,80,80,80,71,71,66,58,58,47,47,71,58,58,58,46,70,48,80,80,80,71,71,71,71,71,62,62,55,55,79,66,60,80,43],"gold":103,"neow_bonus":"REMOVE_CARD","is_prod":false,"is_daily":false,"chose_seed":false,"campfire_upgraded":4,"win_rate":0.0,"timestamp":1552508671,"path_taken":["M","?","?","M","M","M","R","?","T","M","M","R","M","E","R","BOSS","M","M","M","?","M","E","R","M","T","R","M","?","M","M","R","BOSS","M","M","M","?","$","R","M","M","T","M","?","R","M","M","R","BOSS"],"build_version":"2019-01-23","purchased_purges":3,"victory":true,"max_hp_per_floor":[70,70,75,75,75,75,75,75,75,75,75,75,75,80,80,80,80,80,80,80,80,80,80,80,80,80,80,80,80,80,80,80,80,80,80,80,80,80,80,80,80,80,80,80,80,80,80,80,80,80],"card_choices":[{"not_picked":["Dodge and Roll","PiercingWail"],"picked":"Dagger Throw","floor":1.0},{"not_picked":["Dagger Spray","Finisher"],"picked":"Phantasmal Killer","floor":4.0},{"not_picked":["Bane","Dagger Spray"],"picked":"Underhanded Strike","floor":5.0},{"not_picked":["Poisoned Stab","Blade Dance"],"picked":"Tactician","floor":6.0},{"not_picked":["Quick Slash","Dagger Spray","Predator"],"picked":"SKIP","floor":10.0},{"not_picked":["Choke","Blade Dance"],"picked":"Sucker Punch","floor":11.0},{"not_picked":["Deflect","Bouncing Flask"],"picked":"Heel Hook","floor":13.0},{"not_picked":["Sucker Punch","Predator"],"picked":"Underhanded Strike","floor":14.0},{"not_picked":["Wraith Form v2","Malaise"],"picked":"Die Die Die","floor":16.0},{"not_picked":["Outmaneuver","Dagger Spray"],"picked":"Finisher","floor":18.0},{"not_picked":["Expertise","Outmaneuver"],"picked":"Dagger Throw","floor":19.0},{"not_picked":["Blur","Tactician","Cloak And Dagger+1"],"picked":"SKIP","floor":20.0},{"not_picked":["Underhanded Strike","Riddle With Holes"],"picked":"Backflip","floor":22.0},{"not_picked":["Heel Hook","Dash","Sucker Punch+1"],"picked":"SKIP","floor":23.0},{"not_picked":["Dodge and Roll","Underhanded Strike+1"],"picked":"Backstab","floor":25.0},{"not_picked":["Blur+1","Backflip+1"],"picked":"Escape Plan+1","floor":28.0},{"not_picked":["Flying Knee","Outmaneuver+1","Acrobatics+1"],"picked":"SKIP","floor":30.0},{"not_picked":["Wraith Form v2","Blade Dance+1"],"picked":"Cloak And Dagger+1","floor":31.0},{"not_picked":["Bullet Time+1","After Image"],"picked":"Adrenaline+1","floor":33.0},{"not_picked":["Bane+1"],"picked":"SKIP","floor":35},{"not_picked":["Noxious Fumes+1"],"picked":"SKIP","floor":36},{"not_picked":["Flechettes"],"picked":"SKIP","floor":37},{"not_picked":[],"picked":"Prepared+1","floor":41},{"not_picked":["Quick Slash"],"picked":"SKIP","floor":42},{"not_picked":[],"picked":"Reflex+1","floor":44},{"not_picked":["Dodge and Roll+1"],"picked":"SKIP","floor":47},{"not_picked":[],"picked":"Escape Plan+1","floor":48}],"player_experience":58965,"relics_obtained":[{"floor":9.0,"key":"Mercury Hourglass"},{"floor":14.0,"key":"Shuriken"},{"floor":23.0,"key":"Bag of Marbles"},{"floor":26.0,"key":"Toxic Egg 2"},{"floor":43,"key":"Ornamental Fan"}],"event_choices":[{"damage_healed":0.0,"max_hp_gain":0.0,"max_hp_loss":0.0,"gold_gain":0.0,"event_name":"Shining Light","player_choice":"Entered Light","floor":2.0,"gold_loss":0.0,"damage_taken":14.0,"cards_upgraded":["Strike_G","Neutralize"]},{"damage_healed":0.0,"max_hp_gain":5.0,"max_hp_loss":0.0,"gold_gain":0.0,"event_name":"Big Fish","player_choice":"Donut","floor":3.0,"gold_loss":0.0,"damage_taken":0.0},{"damage_healed":0.0,"max_hp_gain":0.0,"max_hp_loss":0.0,"gold_gain":0.0,"event_name":"Duplicator","player_choice":"Copied","floor":21.0,"gold_loss":0.0,"damage_taken":0.0,"cards_obtained":["Phantasmal Killer"]},{"damage_healed":0,"gold_gain":0,"player_choice":"Ignored","damage_taken":0,"max_hp_gain":0,"max_hp_loss":0,"event_name":"Tomb of Lord Red Mask","floor":38,"gold_loss":0},{"damage_healed":0,"gold_gain":0,"player_choice":"Memory 1","damage_taken":0,"max_hp_gain":0,"max_hp_loss":0,"event_name":"SensoryStone","floor":45,"gold_loss":0}],"is_beta":false,"boss_relics":[{"not_picked":["Runic Dome","Snecko Eye"],"picked":"White Beast Statue"},{"not_picked":["Coffee Dripper","Black Star"],"picked":"Busted Crown"}],"items_purged_floors":[8,29,39],"is_endless":false,"potions_floor_spawned":[4,6,13,14,18,19,20,22,23,25,28,30,31,33,35,36,37,41,42,44,47,48],"ascension_level":0}