{"gold_per_floor":[115,128,146,136,146,146,169,169,169,183,196,208,243,255,255,357,357,372,372,372,75,85,85,112,124,149,161],"floor_reached":27,"playtime":2438,"items_purged":["Tools of the Trade"],"score":239,"play_id":"a5528f00-56e3-45a0-92b9-853752efcbd4","local_time":"20190301223651","is_ascension_mode":false,"campfire_choices":[{"data":"Caltrops","floor":6,"key":"SMITH"},{"floor":8,"key":"REST"},{"floor":15,"key":"REST"},{"data":"Accuracy","floor":23,"key":"SMITH"}],"neow_cost":"NONE","seed_source_timestamp":172003225349089,"circlet_count":0,"master_deck":["Defend_G","Defend_G","Defend_G","Defend_G","Defend_G","Strike_G","Strike_G","Strike_G","Strike_G","Strike_G","Survivor","Neutralize","Deadly Poison","Cloak And Dagger","Flying Knee","All Out Attack","Caltrops+1","Slice","Poisoned Stab","Finisher","Distraction","Caltrops","Storm of Steel","Quick Slash","Blade Dance","Well Laid Plans","Escape Plan","Dagger Throw","Quick Slash","Infinite Blades","Accuracy+1","Bane+1"],"relics":["Ring of the Snake","Odd Mushroom","Shuriken","Gremlin Horn","Orrery","Snake Skull","Potion Belt","Blood Vial","MawBank"],"potions_floor_usage":[7,7,16,16,16,22,24,24],"damage_taken":[{"damage":3,"enemies":"Jaw Worm","floor":1,"turns":6},{"damage":4,"enemies":"Small Slimes","floor":2,"turns":5},{"damage":0,"enemies":"Cultist","floor":3,"turns":3},{"damage":5,"enemies":"Exordium Thugs","floor":4,"turns":4},{"damage":0,"enemies":"3 Louse","floor":5,"turns":3},{"damage":22,"enemies":"The Mushroom Lair","floor":7,"turns":3},{"damage":7,"enemies":"Blue Slaver","floor":10,"turns":4},{"damage":0,"enemies":"Looter","floor":11,"turns":4},{"damage":5,"enemies":"Lots of Slimes","floor":12,"turns":3},{"damage":9,"enemies":"3 Sentries","floor":13,"turns":7},{"damage":1,"enemies":"2 Fungi Beasts","floor":14,"turns":3},{"damage":23,"enemies":"Hexaghost","floor":16,"turns":6},{"damage":5,"enemies":"Chosen","floor":18,"turns":4},{"damage":13,"enemies":"2 Thieves","floor":22,"turns":3},{"damage":11,"enemies":"Book of Stabbing","floor":24,"turns":4},{"damage":23,"enemies":"Centurion and Healer","floor":25,"turns":6},{"damage":25,"enemies":"Snake Plant","floor":27,"turns":2}],"seed_played":"7948012398577519874","potions_obtained":[{"floor":3,"key":"LiquidBronze"},{"floor":5,"key":"Poison Potion"},{"floor":7,"key":"SkillPotion"},{"floor":11,"key":"Strength Potion"},{"floor":14,"key":"Regen Potion"},{"floor":16,"key":"Poison Potion"},{"floor":18,"key":"AttackPotion"},{"floor":20,"key":"Energy Potion"},{"floor":20,"key":"GhostInAJar"},{"floor":25,"key":"Poison Potion"}],"is_trial":false,"path_per_floor":["?","?","?","M"],"character_chosen":"THE_SILENT","items_purchased":["Infinite Blades","Potion Belt"],"campfire_rested":2,"item_purchase_floors":[21,21],"current_hp_per_floor":[67,63,63,58,58,58,36,57,57,50,50,45,36,35,56,48,70,65,65,65,65,52,52,41,20,20,0],"gold":161,"neow_bonus":"ONE_RANDOM_RARE_CARD","is_prod":false,"is_daily":false,"chose_seed":false,"campfire_upgraded":2,"win_rate":0.0,"timestamp":1551454611,"path_taken":["M","M","M","M","M","R","?","R","T","M","M","M","E","M","R","BOSS","M","?","?","$","M","R","E","?","T","M"],"build_version":"2019-01-23","purchased_purges":1,"victory":false,"max_hp_per_floor":[70,70,70,70,70,70,70,70,70,70,70,70,70,70,70,70,70,70,70,70,70,70,70,70,70,70,70],"card_choices":[{"not_picked":["Backflip","Outmaneuver"],"picked":"Deadly Poison","floor":1},{"not_picked":["Catalyst","Slice"],"picked":"Cloak And Dagger","floor":2},{"not_picked":["Sucker Punch","Choke"],"picked":"Flying Knee","floor":3},{"not_picked":["Dodge and Roll","Reflex"],"picked":"All Out Attack","floor":4},{"not_picked":["Flechettes","Calculated Gamble"],"picked":"Caltrops","floor":5},{"not_picked":["Cloak And Dagger","Phantasmal Killer"],"picked":"Slice","floor":7},{"not_picked":["Eviscerate","Catalyst"],"picked":"Poisoned Stab","floor":10},{"not_picked":["Choke","Heel Hook"],"picked":"Finisher","floor":11},{"not_picked":["Prepared","Choke"],"picked":"Distraction","floor":12},{"not_picked":["Flechettes","Acrobatics","Expertise"],"picked":"SKIP","floor":13},{"not_picked":["Reflex","Underhanded Strike"],"picked":"Caltrops","floor":14},{"not_picked":["A Thousand Cuts","Phantasmal Killer"],"picked":"Storm of Steel","floor":16},{"not_picked":["Skewer","Outmaneuver"],"picked":"Quick Slash","floor":17},{"not_picked":["Outmaneuver","Acrobatics"],"picked":"Blade Dance","floor":17},{"not_picked":["Outmaneuver","Backflip"],"picked":"Well Laid Plans","floor":17},{"not_picked":["Sucker Punch","Dagger Spray"],"picked":"Escape Plan","floor":17},{"not_picked":["Deflect","PiercingWail"],"picked":"Dagger Throw","floor":17},{"not_picked":["Blur+1","Eviscerate"],"picked":"Quick Slash","floor":18},{"not_picked":["Poisoned Stab","Dagger Throw"],"picked":"Accuracy","floor":22},{"not_picked":["Dagger Throw","Skewer","Deflect+1"],"picked":"SKIP","floor":24},{"not_picked":["Dagger Throw","PiercingWail"],"picked":"Bane+1","floor":25}],"player_experience":42694,"relics_obtained":[{"floor":7,"key":"Odd Mushroom"},{"floor":9,"key":"Shuriken"},{"floor":13,"key":"Gremlin Horn"},{"floor":24,"key":"Blood Vial"},{"floor":26,"key":"MawBank"}],"event_choices":[{"damage_healed":0,"gold_gain":0,"player_choice":"Fought Mushrooms","damage_taken":0,"max_hp_gain":0,"max_hp_loss":0,"event_name":"Mushrooms","floor":7,"gold_loss":0},{"damage_healed":0,"gold_gain":0,"player_choice":"Opened","damage_taken":0,"relics_obtained":["Snake Skull"],"max_hp_gain":0,"max_hp_loss":0,"event_name":"The Mausoleum","floor":19,"gold_loss":0},{"damage_healed":0,"gold_gain":0,"player_choice":"Got Potions","damage_taken":0,"max_hp_gain":0,"max_hp_loss":0,"event_name":"Lab","floor":20,"gold_loss":0}],"is_beta":false,"boss_relics":[{"not_picked":["Runic Pyramid","Astrolabe"],"picked":"Orrery"}],"items_purged_floors":[21],"is_endless":false,"potions_floor_spawned":[3,5,7,11,14,16,18,25],"killed_by":"Snake Plant","ascension_level":0}