{"gold_per_floor":[118,131,81,12,12,44,58,92,144,144,155,184,184,212,212,315,315,332,14,14,24,43,43,58,58,104,203,203,9,9,35,35,134,134,149,0,0,17,34,59,59,86,86,86,103,135,135,18,18,18],"floor_reached":51,"playtime":5152,"items_purged":["Strike_B"],"score":1093,"play_id":"ffab9ce8-e029-46f2-8b08-3d791e82e6df","local_time":"20190428165555","is_ascension_mode":true,"campfire_choices":[{"data":"Zap","floor":10,"key":"SMITH"},{"data":"Self Repair","floor":13,"key":"SMITH"},{"data":"Rip and Tear","floor":15,"key":"SMITH"},{"data":"Conserve Battery","floor":23,"key":"SMITH"},{"data":"Dualcast","floor":25,"key":"SMITH"},{"data":"Mayhem","floor":32,"key":"SMITH"},{"floor":41,"key":"REST"},{"data":"Echo Form","floor":44,"key":"SMITH"},{"floor":47,"key":"REST"},{"data":"Reboot","floor":49,"key":"SMITH"}],"neow_cost":"NONE","seed_source_timestamp":89880255899328,"circlet_count":0,"master_deck":["Strike_B","Defend_B","Defend_B","Defend_B+1","Defend_B+1","Zap+1","Dualcast+1","Ball Lightning","Rip and Tear+1","Self Repair+1","Cold Snap+1","Ball Lightning+1","Barrage+1","Sweeping Beam+1","Barrage+1","Beam Cell+1","Echo Form+1","Conserve Battery+1","Go for the Eyes+1","Conserve Battery+1","Leap+1","Core Surge+1","Regret","Mayhem+1","Capacitor+1","Reboot+1","White Noise+1","Cold Snap+1","Decay","Darkness+1","Defragment+1","Static Discharge+1"],"relics":["Cracked Core","NeowsBlessing","Molten Egg 2","Pen Nib","War Paint","The Courier","DataDisk","Cursed Key","Runic Capacitor","Bronze Scales","Strawberry","Enchiridion","Anchor","Nuclear Battery","Red Mask","Frozen Egg 2","Blood Vial","Turnip","Juzu Bracelet"],"potions_floor_usage":[11,40,50,50,50],"damage_taken":[{"damage":0,"enemies":"Cultist","floor":1,"turns":1},{"damage":0,"enemies":"Jaw Worm","floor":2,"turns":1},{"damage":0,"enemies":"Lagavulin","floor":6,"turns":1},{"damage":9,"enemies":"2 Louse","floor":7,"turns":2},{"damage":8,"enemies":"Gremlin Nob","floor":8,"turns":3},{"damage":0,"enemies":"Lots of Slimes","floor":11,"turns":2},{"damage":15,"enemies":"Lagavulin","floor":12,"turns":4},{"damage":16,"enemies":"Gremlin Nob","floor":14,"turns":3},{"damage":9,"enemies":"Slime Boss","floor":16,"turns":5},{"damage":14,"enemies":"Shell Parasite","floor":18,"turns":4},{"damage":4,"enemies":"Spheric Guardian","floor":21,"turns":3},{"damage":0,"enemies":"Snecko","floor":22,"turns":3},{"damage":12,"enemies":"3 Cultists","floor":24,"turns":3},{"damage":14,"enemies":"Gremlin Leader","floor":31,"turns":4},{"damage":37,"enemies":"Automaton","floor":33,"turns":8},{"damage":0,"enemies":"Orb Walker","floor":35,"turns":3},{"damage":0,"enemies":"3 Darklings","floor":38,"turns":4},{"damage":11,"enemies":"Transient","floor":39,"turns":5},{"damage":35,"enemies":"Reptomancer","floor":40,"turns":5},{"damage":14,"enemies":"Giant Head","floor":42,"turns":7},{"damage":2,"enemies":"Spire Growth","floor":45,"turns":4},{"damage":45,"enemies":"Nemesis","floor":46,"turns":5},{"damage":48,"enemies":"Time Eater","floor":50,"turns":9}],"seed_played":"1163263083819938799","potions_obtained":[{"floor":1,"key":"SteroidPotion"},{"floor":5,"key":"FocusPotion"},{"floor":5,"key":"Explosive Potion"},{"floor":22,"key":"GamblersBrew"},{"floor":33,"key":"FocusPotion"},{"floor":45,"key":"GamblersBrew"}],"is_trial":false,"path_per_floor":["M","?","?","M","$","?","?","?","$","?","?","M","$"],"character_chosen":"DEFECT","items_purchased":["Self Repair","Runic Capacitor","Conserve Battery","Bronze Scales","Mayhem","Defragment+1","Static Discharge+1"],"campfire_rested":2,"item_purchase_floors":[4,19,19,19,29,48,48],"current_hp_per_floor":[68,68,68,68,68,75,66,65,65,65,72,57,57,51,51,52,69,65,65,65,61,71,71,69,69,76,76,60,60,60,66,66,29,69,79,79,79,82,81,56,80,76,76,76,82,47,71,71,71,35],"gold":18,"neow_bonus":"THREE_ENEMY_KILL","is_prod":false,"is_daily":false,"chose_seed":false,"campfire_upgraded":8,"win_rate":0,"timestamp":1556445355,"path_taken":["M","?","?","$","?","E","M","E","T","R","?","E","R","E","R","BOSS","M","?","?","M","M","R","M","R","T","?","?","?","$","E","R","BOSS","M","?","?","?","M","E","R","E","T","R","M","E","R","?","R","BOSS"],"build_version":"2019-01-23","purchased_purges":1,"victory":true,"max_hp_per_floor":[75,75,75,75,75,75,75,75,75,75,75,75,75,75,75,75,75,75,75,75,75,75,75,75,75,82,82,82,82,82,82,82,82,82,82,82,82,82,82,82,82,82,82,82,82,82,82,82,82,82],"card_choices":[{"not_picked":["Fusion","Beam Cell"],"picked":"Ball Lightning","floor":1},{"not_picked":["Force Field","Streamline"],"picked":"Rip and Tear","floor":2},{"not_picked":["Streamline","Ball Lightning"],"picked":"Cold Snap","floor":6},{"not_picked":["Hello World","Skim"],"picked":"Ball Lightning+1","floor":7},{"not_picked":["Leap","Turbo"],"picked":"Barrage+1","floor":8},{"not_picked":["Turbo","Beam Cell+1"],"picked":"Sweeping Beam+1","floor":11},{"not_picked":["Redo","Ball Lightning+1"],"picked":"Barrage+1","floor":12},{"not_picked":["Self Repair","Stack"],"picked":"Beam Cell+1","floor":14},{"not_picked":["Thunder Strike+1","Hyperbeam+1"],"picked":"Echo Form","floor":16},{"not_picked":["Force Field","FTL+1","Lockon+1"],"picked":"SKIP","floor":18},{"not_picked":["Turbo","Steam+1"],"picked":"Conserve Battery+1","floor":21},{"not_picked":["Compile Driver+1","Stack"],"picked":"Leap+1","floor":22},{"not_picked":["Stack","Compile Driver+1"],"picked":"Core Surge+1","floor":24},{"not_picked":["Self Repair+1","Multi-Cast"],"picked":"Capacitor+1","floor":31},{"not_picked":["Creative AI","Meteor Strike+1"],"picked":"Reboot","floor":33},{"not_picked":["Reprogram","Beam Cell+1"],"picked":"White Noise+1","floor":35},{"not_picked":["Redo","Capacitor+1","Gash+1"],"picked":"SKIP","floor":38},{"not_picked":["Ball Lightning+1","Rip and Tear+1","Streamline+1"],"picked":"SKIP","floor":39},{"not_picked":["Beam Cell+1","Double Energy"],"picked":"Cold Snap+1","floor":40},{"not_picked":["Heatsinks+1","Go for the Eyes+1","Reboot"],"picked":"SKIP","floor":42},{"not_picked":["FTL+1","Conserve Battery+1"],"picked":"Darkness+1","floor":45},{"not_picked":["Gash+1","Recycle+1","Hologram"],"picked":"SKIP","floor":46}],"player_experience":309628,"relics_obtained":[{"floor":6,"key":"Molten Egg 2"},{"floor":8,"key":"Pen Nib"},{"floor":9,"key":"War Paint"},{"floor":12,"key":"The Courier"},{"floor":14,"key":"DataDisk"},{"floor":26,"key":"Strawberry"},{"floor":28,"key":"Enchiridion"},{"floor":31,"key":"Anchor"},{"floor":40,"key":"Frozen Egg 2"},{"floor":42,"key":"Blood Vial"},{"floor":43,"key":"Turnip"},{"floor":46,"key":"Juzu Bracelet"}],"event_choices":[{"cards_removed":["Strike_B"],"damage_healed":0,"gold_gain":0,"player_choice":"Card Removal","damage_taken":0,"max_hp_gain":0,"max_hp_loss":0,"event_name":"The Cleric","floor":3,"gold_loss":50},{"damage_healed":0,"gold_gain":0,"player_choice":"Got Potions","damage_taken":0,"max_hp_gain":0,"max_hp_loss":0,"event_name":"Lab","floor":5,"gold_loss":0},{"damage_healed":0,"gold_gain":0,"player_choice":"Read","damage_taken":0,"max_hp_gain":0,"max_hp_loss":0,"event_name":"The Library","floor":20,"gold_loss":0,"cards_obtained":["Go for the Eyes"]},{"damage_healed":0,"gold_gain":99,"player_choice":"Stole From Cult","damage_taken":0,"max_hp_gain":0,"max_hp_loss":0,"event_name":"Nest","floor":27,"gold_loss":0},{"damage_healed":0,"gold_gain":0,"player_choice":"Obtained Book","damage_taken":16,"max_hp_gain":0,"max_hp_loss":0,"event_name":"Cursed Tome","floor":28,"gold_loss":0},{"damage_healed":0,"gold_gain":0,"player_choice":"Paid","damage_taken":0,"relics_obtained":["Red Mask"],"max_hp_gain":0,"max_hp_loss":0,"event_name":"Tomb of Lord Red Mask","floor":36,"gold_loss":149},{"cards_removed":["Strike_B"],"damage_healed":0,"gold_gain":0,"player_choice":"Purged","damage_taken":0,"max_hp_gain":0,"max_hp_loss":0,"event_name":"Purifier","floor":37,"gold_loss":0}],"is_beta":false,"boss_relics":[{"not_picked":["Eternal Feather","Velvet Choker"],"picked":"Cursed Key"},{"not_picked":["Empty Cage","Tiny House"],"picked":"Nuclear Battery"}],"items_purged_floors":[29],"is_endless":false,"potions_floor_spawned":[1,7,8,22,33,35,39,45],"ascension_level":9}