{"gold_per_floor":[115,115,115,115,130,130,161,161,187,187,209,261,261,273,273,369,369,379,454,443,238,238,263,26,26,26,41,41,41,19,52,52,153,153,170,170,184,198,213,213,246,45,72,92,111,129,160,177,177,177],"floor_reached":51,"playtime":2841,"items_purged":["Venomology","Finisher"],"score":1139,"play_id":"d92f6010-c6b2-4dbb-90b9-8f6609d49f25","local_time":"20190428133049","is_ascension_mode":true,"campfire_choices":[{"data":"Dash","floor":6.0,"key":"SMITH"},{"data":"Neutralize","floor":8.0,"key":"SMITH"},{"data":"Poisoned Stab","floor":10.0,"key":"SMITH"},{"data":"Survivor","floor":13.0,"key":"SMITH"},{"data":"Backstab","floor":15.0,"key":"SMITH"},{"data":"Corpse Explosion","floor":25,"key":"SMITH"},{"data":"Footwork","floor":28,"key":"SMITH"},{"floor":32,"key":"REST"},{"data":"Corpse Explosion","floor":40,"key":"SMITH"},{"data":"Footwork","floor":49,"key":"SMITH"}],"neow_cost":"NONE","seed_source_timestamp":0,"circlet_count":0,"master_deck":["Defend_G","Defend_G","Defend_G","Defend_G+1","Defend_G+1","Strike_G","Strike_G","Strike_G","Survivor+1","Neutralize+1","Malaise+1","Poisoned Stab+1","Dash+1","Well Laid Plans","Flying Knee","Backstab+1","Backflip+1","Footwork+1","Corpse Explosion+1","Footwork+1","Deadly Poison+1","Necronomicurse","Dodge and Roll","Adrenaline","Corpse Explosion+1","Backstab+1","Blur","Deflect+1"],"special_seed":0,"relics":["Ring of the Serpent","The Specimen","Orichalcum","Odd Mushroom","Smiling Mask","Sozu","War Paint","Gremlin Horn","Lantern","Ninja Scroll","Necronomicon","Ancient Tea Set","Happy Flower","Oddly Smooth Stone","Bag of Marbles","Anchor"],"potions_floor_usage":[50],"damage_taken":[{"damage":3.0,"enemies":"Jaw Worm","floor":1.0,"turns":7.0},{"damage":0.0,"enemies":"2 Louse","floor":5.0,"turns":3.0},{"damage":19.0,"enemies":"Gremlin Nob","floor":7.0,"turns":6.0},{"damage":8.0,"enemies":"The Mushroom Lair","floor":11.0,"turns":5.0},{"damage":0.0,"enemies":"Small Slimes","floor":14.0,"turns":3.0},{"damage":8.0,"enemies":"The Guardian","floor":16.0,"turns":14.0},{"damage":0,"enemies":"Spheric Guardian","floor":18,"turns":4},{"damage":3,"enemies":"2 Thieves","floor":20,"turns":4},{"damage":8,"enemies":"Slavers","floor":23,"turns":12},{"damage":6,"enemies":"Snake Plant","floor":27,"turns":7},{"damage":0,"enemies":"Gremlin Leader","floor":31,"turns":7},{"damage":2,"enemies":"Collector","floor":33,"turns":8},{"damage":5,"enemies":"3 Darklings","floor":35,"turns":4},{"damage":0,"enemies":"Orb Walker","floor":37,"turns":4},{"damage":0,"enemies":"4 Shapes","floor":38,"turns":2},{"damage":0,"enemies":"Maw","floor":39,"turns":8},{"damage":9,"enemies":"Nemesis","floor":41,"turns":9},{"damage":0,"enemies":"Jaw Worm Horde","floor":44,"turns":1},{"damage":0,"enemies":"Transient","floor":45,"turns":5},{"damage":0,"enemies":"Maw","floor":46,"turns":7},{"damage":0,"enemies":"Reptomancer","floor":47,"turns":5},{"damage":0,"enemies":"Sphere and 2 Shapes","floor":48,"turns":3},{"damage":15,"enemies":"Awakened One","floor":50,"turns":15}],"seed_played":"6025733757423819837","potions_obtained":[{"floor":5.0,"key":"Ancient Potion"},{"floor":11.0,"key":"SteroidPotion"}],"is_trial":false,"path_per_floor":["?","?","?","?","T","?","M","?","?","$","?","M","M"],"character_chosen":"THE_SILENT","items_purchased":["War Paint","Footwork","Lantern","Dodge and Roll","Oddly Smooth Stone"],"campfire_rested":1,"item_purchase_floors":[21,24,24,30,42],"current_hp_per_floor":[60,65,65,58,58,58,39,39,39,39,31,31,31,31,31,23,62,62,55,52,52,52,44,44,44,44,38,38,22,22,22,44,42,67,62,62,62,62,62,62,53,53,53,53,53,53,53,53,53,38],"gold":177,"neow_bonus":"ONE_RANDOM_RARE_CARD","is_prod":false,"is_daily":false,"chose_seed":false,"campfire_upgraded":9,"win_rate":0,"timestamp":1556433049,"path_taken":["M","?","?","?","M","R","E","R","T","R","?","?","R","M","R","BOSS","M","?","?","$","?","E","$","R","T","M","R","?","?","E","R","BOSS","M","?","M","?","M","R","E","$","T","M","M","?","E","M","R","BOSS"],"build_version":"2019-01-23","purchased_purges":2,"victory":true,"max_hp_per_floor":[70,75,75,75,75,75,75,75,75,75,75,75,75,75,75,75,75,75,75,75,75,75,75,75,75,75,75,75,75,75,75,75,75,75,75,75,75,75,75,75,75,75,75,75,75,75,75,75,75,75],"card_choices":[{"not_picked":["Deflect","Expertise"],"picked":"Poisoned Stab","floor":1.0},{"not_picked":["Dagger Spray","Heel Hook"],"picked":"Dash","floor":5.0},{"not_picked":["Blade Dance","Concentrate"],"picked":"Well Laid Plans","floor":7.0},{"not_picked":["Prepared","Blade Dance"],"picked":"Flying Knee","floor":11.0},{"not_picked":["Dagger Throw","Choke"],"picked":"Backstab","floor":14.0},{"not_picked":["Phantasmal Killer","Unload"],"picked":"Venomology","floor":16.0},{"not_picked":["Sucker Punch","Prepared"],"picked":"Backflip+1","floor":18},{"not_picked":["Outmaneuver","Underhanded Strike","Quick Slash"],"picked":"SKIP","floor":20},{"not_picked":["Slice","Blur"],"picked":"Corpse Explosion","floor":23},{"not_picked":["Deflect+1","Choke"],"picked":"Deadly Poison+1","floor":27},{"not_picked":["Backflip","Poisoned Stab+1"],"picked":"Adrenaline","floor":31},{"not_picked":["A Thousand Cuts","After Image"],"picked":"Corpse Explosion","floor":33},{"not_picked":["Leg Sweep","Reflex","Heel Hook"],"picked":"SKIP","floor":35},{"not_picked":["Leg Sweep","Underhanded Strike"],"picked":"Backstab+1","floor":37},{"not_picked":["Outmaneuver+1","Cloak And Dagger+1","Acrobatics+1"],"picked":"SKIP","floor":38},{"not_picked":["Caltrops+1","Prepared"],"picked":"Blur","floor":39},{"not_picked":["Leg Sweep+1","Acrobatics+1","Deadly Poison"],"picked":"SKIP","floor":41},{"not_picked":["Underhanded Strike","Flying Knee"],"picked":"Deflect+1","floor":44},{"not_picked":["Flying Knee","Skewer+1","Backstab+1"],"picked":"SKIP","floor":45},{"not_picked":["Grand Finale","Terror+1","Dodge and Roll+1"],"picked":"SKIP","floor":46},{"not_picked":["Distraction","Acrobatics+1","Tactician+1"],"picked":"SKIP","floor":47},{"not_picked":["Poisoned Stab","Acrobatics","PiercingWail"],"picked":"SKIP","floor":48}],"player_experience":306787,"relics_obtained":[{"floor":7.0,"key":"The Specimen"},{"floor":9.0,"key":"Orichalcum"},{"floor":11.0,"key":"Odd Mushroom"},{"floor":12.0,"key":"Smiling Mask"},{"floor":23,"key":"Gremlin Horn"},{"floor":26,"key":"Ninja Scroll"},{"floor":29,"key":"Necronomicon"},{"floor":31,"key":"Ancient Tea Set"},{"floor":41,"key":"Happy Flower"},{"floor":43,"key":"Bag of Marbles"},{"floor":47,"key":"Anchor"}],"event_choices":[{"damage_healed":0.0,"max_hp_gain":5.0,"max_hp_loss":0.0,"gold_gain":0.0,"event_name":"Big Fish","player_choice":"Donut","floor":2.0,"gold_loss":0.0,"damage_taken":0.0},{"damage_healed":0.0,"max_hp_gain":0.0,"max_hp_loss":0.0,"gold_gain":0.0,"event_name":"Living Wall","player_choice":"Grow","floor":3.0,"gold_loss":0.0,"damage_taken":0.0,"cards_upgraded":["Malaise"]},{"cards_removed":["Strike_G"],"damage_healed":0.0,"max_hp_gain":0.0,"max_hp_loss":0.0,"gold_gain":0.0,"event_name":"Golden Wing","player_choice":"Card Removal","floor":4.0,"gold_loss":0.0,"damage_taken":7.0},{"damage_healed":0.0,"max_hp_gain":0.0,"max_hp_loss":0.0,"gold_gain":0.0,"event_name":"Mushrooms","player_choice":"Fought Mushrooms","floor":11.0,"gold_loss":0.0,"damage_taken":0.0},{"damage_healed":0,"gold_gain":75,"player_choice":"Touch","damage_taken":7,"max_hp_gain":0,"max_hp_loss":0,"event_name":"FaceTrader","floor":19,"gold_loss":0},{"damage_healed":0,"gold_gain":0,"player_choice":"Read","damage_taken":0,"max_hp_gain":0,"max_hp_loss":0,"event_name":"The Library","floor":22,"gold_loss":0,"cards_obtained":["Footwork"]},{"damage_healed":0,"gold_gain":0,"player_choice":"Obtained Book","damage_taken":16,"max_hp_gain":0,"max_hp_loss":0,"event_name":"Cursed Tome","floor":29,"gold_loss":0},{"damage_healed":0,"gold_gain":0,"cards_transformed":["Strike_G"],"player_choice":"Transformed","damage_taken":0,"max_hp_gain":0,"max_hp_loss":0,"event_name":"Transmorgrifier","floor":36,"gold_loss":0,"cards_obtained":["Finisher"]}],"is_beta":false,"boss_relics":[{"not_picked":["Orrery","Black Star"],"picked":"Sozu"},{"not_picked":["Calling Bell","Fusion Hammer"],"picked":"Ring of the Serpent"}],"items_purged_floors":[21,42],"is_endless":false,"potions_floor_spawned":[5,11,18,31,33,37,38,45,46,47],"ascension_level":9}