{"gold_per_floor":[113,130,110,122,141,141,166,166,239,268,268,24,39,49,49,49],"floor_reached":16,"playtime":546,"items_purged":["Strike_G"],"score":224,"play_id":"33277268-d6cd-4063-b8c1-10dbab0224c8","local_time":"20190426162406","is_ascension_mode":true,"campfire_choices":[{"data":"Dagger Spray","floor":6,"key":"SMITH"},{"data":"Deadly Poison","floor":8,"key":"SMITH"},{"data":"A Thousand Cuts","floor":11,"key":"SMITH"},{"data":"Deadly Poison","floor":15,"key":"SMITH"}],"neow_cost":"PERCENT_DAMAGE","seed_source_timestamp":21089270696987,"circlet_count":0,"master_deck":["AscendersBane","Defend_G","Defend_G","Defend_G","Defend_G","Defend_G","Strike_G","Strike_G","Strike_G","Strike_G","Survivor","Neutralize","Leg Sweep","Deadly Poison+1","Dagger Spray+1","PiercingWail","A Thousand Cuts+1","Caltrops","Deadly Poison+1","Blur"],"relics":["Ring of the Snake","Du-Vu Doll","Calipers","Pear","Happy Flower"],"potions_floor_usage":[7,7,10],"damage_taken":[{"damage":2,"enemies":"Jaw Worm","floor":1,"turns":4},{"damage":0,"enemies":"Cultist","floor":2,"turns":5},{"damage":0,"enemies":"2 Louse","floor":4,"turns":4},{"damage":16,"enemies":"Exordium Thugs","floor":5,"turns":7},{"damage":30,"enemies":"Gremlin Nob","floor":7,"turns":4},{"damage":11,"enemies":"3 Sentries","floor":10,"turns":9},{"damage":0,"enemies":"Gremlin Gang","floor":13,"turns":4},{"damage":0,"enemies":"Blue Slaver","floor":14,"turns":4},{"damage":7,"enemies":"Hexaghost","floor":16,"turns":7}],"seed_played":"-1965919032241602056","potions_obtained":[{"floor":2,"key":"Swift Potion"},{"floor":3,"key":"PowerPotion"},{"floor":5,"key":"Regen Potion"},{"floor":7,"key":"SpeedPotion"}],"is_trial":false,"path_per_floor":["M","M","?","M","M","R","E","R","T","E","R","$","M","M","R","B"],"character_chosen":"THE_SILENT","items_purchased":["Caltrops","LiquidBronze"],"campfire_rested":0,"item_purchase_floors":[12,12],"current_hp_per_floor":[42,42,42,42,26,26,8,8,18,7,7,7,7,7,7,0],"gold":49,"neow_bonus":"ONE_RARE_RELIC","is_prod":false,"is_daily":false,"chose_seed":false,"campfire_upgraded":4,"win_rate":0,"timestamp":1556288646,"path_taken":["M","M","?","M","?","R","E","R","T","E","R","$","M","?","R","BOSS"],"build_version":"2019-01-23","purchased_purges":1,"victory":false,"max_hp_per_floor":[66,66,66,66,66,66,66,66,76,76,76,76,76,76,76,76],"card_choices":[{"not_picked":["PiercingWail","Endless Agony"],"picked":"Leg Sweep","floor":1},{"not_picked":["Infinite Blades","Backstab"],"picked":"Deadly Poison","floor":2},{"not_picked":["Acrobatics","Choke"],"picked":"Dagger Spray","floor":4},{"not_picked":["Prepared","Backflip","Blade Dance"],"picked":"SKIP","floor":5},{"not_picked":["Blade Dance","Sucker Punch"],"picked":"PiercingWail","floor":7},{"not_picked":["All Out Attack","Dodge and Roll"],"picked":"A Thousand Cuts","floor":10},{"not_picked":["Underhanded Strike","Prepared"],"picked":"Deadly Poison","floor":13},{"not_picked":["Underhanded Strike","Tactician"],"picked":"Blur","floor":14}],"player_experience":1455705,"relics_obtained":[{"floor":7,"key":"Calipers"},{"floor":9,"key":"Pear"},{"floor":10,"key":"Happy Flower"}],"event_choices":[{"damage_healed":0,"gold_gain":0,"player_choice":"Bought 1 Potion","damage_taken":0,"max_hp_gain":0,"max_hp_loss":0,"event_name":"The Woman in Blue","floor":3,"gold_loss":0}],"is_beta":false,"boss_relics":[],"items_purged_floors":[12],"is_endless":false,"potions_floor_spawned":[2,5,7],"killed_by":"Hexaghost","ascension_level":20}