{"path_per_floor":["M","?","$","M","$","R","?","M","T","?","E","$","R","M","R","B",null,"M","?","M","M","M","R","E","M","T","M","$","E"],"character_chosen":"THE_SILENT","items_purchased":["Deadly Poison","Noxious Fumes","Madness+1"],"gold_per_floor":[115,65,20,33,33,33,33,43,43,43,74,0,0,15,15,118,118,132,132,152,165,183,183,217,237,305,322,153,178,178],"floor_reached":30,"campfire_rested":1,"playtime":5012,"item_purchase_floors":[],"current_hp_per_floor":[67,67,67,66,66,66,66,64,64,64,54,54,54,39,39,20,70,55,55,41,26,11,32,14,8,8,4,4,4,0],"items_purged":["Regret"],"gold":178,"score":368,"play_id":"b559727f-a094-49e7-b9a2-45da4014737c","local_time":"20180528182748","is_prod":false,"is_daily":false,"chose_seed":false,"is_ascension_mode":true,"campfire_upgraded":3,"win_rate":0,"timestamp":1527557268,"campfire_choices":[{"data":"Neutralize","floor":6.0,"key":"SMITH"},{"data":"Noxious Fumes","floor":13.0,"key":"SMITH"},{"data":"Bouncing Flask","floor":15.0,"key":"SMITH"},{"floor":23.0,"key":"REST"}],"path_taken":["M","?","$","M","$","R","?","M","T","?","E","?","R","M","R","BOSS","M","?","M","M","?","R","E","M","T","?","$","E","M"],"build_version":"2018-05-24","seed_source_timestamp":85811011369440,"purchased_purges":1,"victory":false,"master_deck":["Defend_G","Defend_G","Defend_G","Strike_G","Strike_G","Survivor","Neutralize+1","Masterful Stab+1","Venomology+1","Corpse Explosion+1","Deadly Poison","Deadly Poison","Bouncing Flask+1","Decay","Wraith Form v2+1","Noxious Fumes+1","Backflip+1","Venomology+1","Doubt","Clumsy","Terror+1","Backstab","Acrobatics+1","Crippling Poison+1","Backstab","Bullet Time+1","Madness+1","Tools of the Trade"],"max_hp_per_floor":[70,70,70,70,70,70,70,70,70,70,70,70,70,70,70,70,70,70,70,70,70,70,70,70,70,70,70,70,70,70],"relics":["Astrolabe","Toxic Egg 2","Question Card","Calling Bell","Happy Flower","Paper Crane","Shovel","Regal Pillow","Centennial Puzzle","Lantern"],"card_choices":[{"not_picked":["Deflect","Eviscerate","Outmaneuver"],"picked":"SKIP","floor":1.0},{"not_picked":["Dash","Outmaneuver"],"picked":"Deadly Poison","floor":4.0},{"not_picked":["Expertise","Outmaneuver"],"picked":"Bouncing Flask","floor":8.0},{"not_picked":["Deadly Poison+1","Dodge and Roll+1"],"picked":"Wraith Form v2","floor":11.0},{"not_picked":["Dodge and Roll+1","Prepared+1","Poisoned Stab"],"picked":"Backflip+1","floor":14.0},{"not_picked":["Bullet Time+1","Unload","Tactician+1"],"picked":"Venomology+1","floor":16.0},{"not_picked":["Distraction+1","Expertise+1","Masterful Stab"],"picked":"Terror+1","floor":18.0},{"not_picked":["Acrobatics+1","Predator","Masterful Stab"],"picked":"Backstab","floor":20.0},{"not_picked":["Malaise+1","Backflip+1","Bane+1"],"picked":"Acrobatics+1","floor":21.0},{"not_picked":["Leg Sweep+1","Predator","Dash"],"picked":"Crippling Poison+1","floor":22.0},{"not_picked":["Dagger Spray+1","Quick Slash","Slice+1"],"picked":"Backstab","floor":24.0},{"not_picked":["Backflip+1","Flechettes","Calculated Gamble+1"],"picked":"Bullet Time+1","floor":25.0},{"not_picked":["Prepared+1","Setup+1","Deflect+1","Backflip+1"],"picked":"SKIP","floor":27.0},{"not_picked":["Riddle With Holes","Prepared+1","Infinite Blades"],"picked":"Tools of the Trade","floor":29.0}],"player_experience":439187,"potions_floor_usage":[30,30,30],"damage_taken":[{"damage":3.0,"enemies":"2 Louse","floor":1.0,"turns":4.0},{"damage":1.0,"enemies":"Cultist","floor":4.0,"turns":4.0},{"damage":2.0,"enemies":"Jaw Worm","floor":8.0,"turns":2.0},{"damage":10.0,"enemies":"Lagavulin","floor":11.0,"turns":4.0},{"damage":15.0,"enemies":"2 Fungi Beasts","floor":14.0,"turns":4.0},{"damage":19.0,"enemies":"Slime Boss","floor":16.0,"turns":9.0},{"damage":15.0,"enemies":"Spheric Guardian","floor":18.0,"turns":5.0},{"damage":26.0,"enemies":"2 Thieves","floor":20.0,"turns":4.0},{"damage":15.0,"enemies":"Sentry and Sphere","floor":21.0,"turns":6.0},{"damage":15.0,"enemies":"Snake Plant","floor":22.0,"turns":3.0},{"damage":18.0,"enemies":"Book of Stabbing","floor":24.0,"turns":6.0},{"damage":6.0,"enemies":"Cultist and Chosen","floor":25.0,"turns":7.0},{"damage":4.0,"enemies":"Slaver and Parasite","floor":27.0,"turns":5.0},{"damage":0.0,"enemies":"Gremlin Leader","floor":29.0,"turns":6.0},{"damage":12,"enemies":"Chosen and Byrds","floor":30,"turns":2}],"relics_obtained":[{"floor":9.0,"key":"Toxic Egg 2"},{"floor":11.0,"key":"Question Card"},{"floor":17.0,"key":"Happy Flower"},{"floor":17.0,"key":"Paper Crane"},{"floor":17.0,"key":"Shovel"},{"floor":24.0,"key":"Regal Pillow"},{"floor":26.0,"key":"Centennial Puzzle"},{"floor":29.0,"key":"Lantern"}],"event_choices":[{"event_name":"The Cleric","player_choice":"Card Removal","floor":2.0,"damage_taken":0.0},{"event_name":"Living Wall","player_choice":"Forget","floor":7.0,"damage_taken":0.0},{"event_name":"Wheel of Change","player_choice":"Curse","floor":10.0,"damage_taken":0.0},{"event_name":"Upgrade Shrine","player_choice":"Upgraded","floor":19.0,"damage_taken":0.0}],"boss_relics":[],"items_purged_floors":[],"potions_floor_spawned":[1,4,11,18,21,22,25],"seed_played":"460025280417491117","killed_by":"Chosen and Byrds","ascension_level":3,"potions_obtained":[{"floor":1.0,"key":"EssenceOfSteel"},{"floor":4.0,"key":"Fire Potion"},{"floor":11.0,"key":"Block Potion"},{"floor":22.0,"key":"Poison Potion"},{"floor":25.0,"key":"Swift Potion"}],"is_trial":false}