{"gold_per_floor":[210,47,58,136,150,180,180,180,180,208,220,220,248,266,266,366,366,346,294,294,11,21,21,40,50,128,161,161],"floor_reached":28,"playtime":1577,"items_purged":[],"score":309,"play_id":"ae07a792-ce31-4e88-8313-0183705b8004","local_time":"20190328165623","is_ascension_mode":true,"campfire_choices":[{"data":"Whirlwind","floor":7.0,"key":"SMITH"},{"floor":12.0,"key":"REST"},{"data":"Clothesline","floor":15,"key":"SMITH"},{"data":"Fiend Fire","floor":23,"key":"SMITH"}],"neow_cost":"NONE","seed_source_timestamp":0,"circlet_count":0,"master_deck":["Strike_R","Strike_R","Strike_R","Strike_R","Strike_R","Defend_R","Defend_R","Defend_R","Defend_R","Bash+1","Whirlwind+1","Offering","Clothesline+1","Headbutt","Feel No Pain","Spot Weakness","Flame Barrier","Ghostly Armor","Fiend Fire+1","Ghostly Armor","Shrug It Off","J.A.X.","Shockwave","True Grit+1","Shrug It Off","Cleave+1","Rupture"],"special_seed":0,"relics":["Burning Blood","Question Card","Charon\u0027s Ashes","Matryoshka","Eternal Feather","MealTicket","Art of War","Pantograph","Red Mask"],"potions_floor_usage":[25,28,28],"damage_taken":[{"damage":1.0,"enemies":"Cultist","floor":1.0,"turns":3.0},{"damage":6.0,"enemies":"2 Louse","floor":3.0,"turns":2.0},{"damage":9.0,"enemies":"Jaw Worm","floor":5.0,"turns":4.0},{"damage":35.0,"enemies":"Gremlin Nob","floor":6.0,"turns":4.0},{"damage":29.0,"enemies":"3 Sentries","floor":10.0,"turns":7.0},{"damage":18.0,"enemies":"Large Slime","floor":11.0,"turns":4.0},{"damage":11.0,"enemies":"Gremlin Nob","floor":13.0,"turns":3.0},{"damage":6.0,"enemies":"Looter","floor":14.0,"turns":2.0},{"damage":12,"enemies":"Slime Boss","floor":16,"turns":6},{"damage":21,"enemies":"2 Thieves","floor":18,"turns":4},{"damage":6,"enemies":"3 Byrds","floor":22,"turns":3},{"damage":6,"enemies":"3 Cultists","floor":24,"turns":3},{"damage":19,"enemies":"Shelled Parasite and Fungi","floor":25,"turns":4},{"damage":10,"enemies":"Masked Bandits","floor":27,"turns":3},{"damage":49,"enemies":"Book of Stabbing","floor":28,"turns":6}],"seed_played":"2828670717738323271","potions_obtained":[{"floor":1.0,"key":"Strength Potion"},{"floor":5.0,"key":"BloodPotion"},{"floor":14,"key":"LiquidBronze"},{"floor":16,"key":"Strength Potion"},{"floor":25,"key":"GamblersBrew"}],"is_trial":false,"path_per_floor":["M","$","M","?","M","E","R","?","T","E","M","R","E","M","R","B",null,"M","$","?","$","M","R","M","M","T","?","E"],"character_chosen":"IRONCLAD","items_purchased":["Offering","Clothesline","Shrug It Off","Shockwave","MealTicket"],"campfire_rested":1,"item_purchase_floors":[2,2,19,21,21],"current_hp_per_floor":[77,77,77,77,74,53,53,53,53,30,18,42,37,37,37,31,68,53,53,53,53,53,65,65,52,52,48,0],"gold":161,"neow_bonus":"HUNDRED_GOLD","is_prod":false,"is_daily":false,"chose_seed":false,"campfire_upgraded":3,"win_rate":0,"timestamp":1553802983,"path_taken":["M","$","?","?","M","E","R","?","T","E","M","R","E","?","R","BOSS","M","$","?","$","M","R","M","M","T","?","E"],"build_version":"2019-01-23","purchased_purges":0,"victory":false,"max_hp_per_floor":[80,80,80,80,80,80,80,80,80,80,80,80,80,80,80,80,80,80,80,80,80,80,80,80,80,80,80,80],"card_choices":[{"not_picked":["Metallicize","Evolve"],"picked":"Whirlwind","floor":1.0},{"not_picked":["Sword Boomerang","Armaments"],"picked":"Headbutt","floor":3.0},{"not_picked":["Feel No Pain","Dual Wield","Cleave"],"picked":"SKIP","floor":5.0},{"not_picked":["Body Slam","Warcry"],"picked":"Feel No Pain","floor":6.0},{"not_picked":["Double Tap","Anger","Clash"],"picked":"Spot Weakness","floor":10.0},{"not_picked":["Armaments","Power Through","Twin Strike"],"picked":"Flame Barrier","floor":11.0},{"not_picked":["Offering","Havoc","Clash"],"picked":"Ghostly Armor","floor":13.0},{"not_picked":["Dropkick","Whirlwind","Twin Strike","Rage"],"picked":"SKIP","floor":14},{"not_picked":["Barricade","Reaper","Berserk"],"picked":"Fiend Fire","floor":16},{"not_picked":["Sword Boomerang","Corruption","Fire Breathing+1"],"picked":"Ghostly Armor","floor":18},{"not_picked":["Flex","Blood for Blood","Twin Strike"],"picked":"True Grit+1","floor":22},{"not_picked":["Perfected Strike","Twin Strike","Armaments"],"picked":"Shrug It Off","floor":24},{"not_picked":["Dropkick","Rage+1","Twin Strike"],"picked":"Cleave+1","floor":25},{"not_picked":["Rage","Twin Strike","Fiend Fire"],"picked":"Rupture","floor":27}],"player_experience":422565,"relics_obtained":[{"floor":6.0,"key":"Question Card"},{"floor":10.0,"key":"Charon\u0027s Ashes"},{"floor":13.0,"key":"Matryoshka"},{"floor":26,"key":"Art of War"},{"floor":26,"key":"Pantograph"},{"floor":27,"key":"Red Mask"}],"event_choices":[{"damage_healed":0.0,"max_hp_gain":0.0,"max_hp_loss":0.0,"gold_gain":78.0,"event_name":"Golden Wing","player_choice":"Gained Gold","floor":4.0,"gold_loss":0.0,"damage_taken":0.0},{"damage_healed":0.0,"max_hp_gain":0.0,"max_hp_loss":0.0,"gold_gain":0.0,"event_name":"Upgrade Shrine","player_choice":"Upgraded","floor":8.0,"gold_loss":0.0,"damage_taken":0.0,"cards_upgraded":["Bash"]},{"damage_healed":0,"gold_gain":0,"player_choice":"Obtain J.A.X.","damage_taken":0,"max_hp_gain":0,"max_hp_loss":0,"event_name":"Drug Dealer","floor":20,"gold_loss":0,"cards_obtained":["J.A.X."]},{"damage_healed":0,"gold_gain":0,"player_choice":"Fought Bandits","damage_taken":0,"max_hp_gain":0,"max_hp_loss":0,"event_name":"Masked Bandits","floor":27,"gold_loss":0}],"is_beta":false,"boss_relics":[{"not_picked":["Black Star","Black Blood"],"picked":"Eternal Feather"}],"items_purged_floors":[],"is_endless":false,"potions_floor_spawned":[1,5,14,16,25,27],"killed_by":"Book of Stabbing","ascension_level":6}