{"path_per_floor":["M","M","M","?","M","R","?","?","T","E","M","$","?","$","R","B",null,"M","M","M","M","M","R","$","?","T","R","M","M","?","$","R","B",null,"M","M","?","$","?"],"character_chosen":"DEFECT","items_purchased":["Electrodynamics+1","Hello World+1","Lockon","Capacitor+1","Thunder Strike","Ball Lightning","Fusion"],"gold_per_floor":[116,136,156,156,170,170,245,245,245,273,293,138,238,83,83,182,182,202,212,227,237,249,249,14,14,64,64,84,101,24,1,1,100,100,110,130,130,63,63,63],"floor_reached":40,"campfire_rested":4,"playtime":3263,"item_purchase_floors":[12,14,14,24,24,31,38],"current_hp_per_floor":[74,73,61,61,53,53,42,42,42,32,32,32,32,32,54,25,75,65,64,58,34,10,32,32,18,18,42,51,31,31,31,55,26,80,70,52,42,42,42,0],"items_purged":["Strike_B"],"gold":63,"score":432,"play_id":"1ad0772c-660f-4513-a03b-802284e5fa30","local_time":"20180602141657","is_prod":false,"is_daily":false,"chose_seed":false,"is_ascension_mode":true,"campfire_upgraded":1,"win_rate":0.0,"timestamp":1527963417,"campfire_choices":[{"data":"Dualcast","floor":6,"key":"SMITH"},{"floor":15,"key":"REST"},{"floor":23,"key":"REST"},{"floor":27,"key":"REST"},{"floor":32,"key":"REST"}],"path_taken":["M","M","?","?","M","R","?","?","T","E","M","$","?","?","R","BOSS","M","M","M","M","M","R","$","?","T","R","M","M","?","?","R","BOSS","M","M","?","$","?","E"],"build_version":"2018-05-31","seed_source_timestamp":0,"purchased_purges":1,"victory":false,"master_deck":["Strike_B","Strike_B","Strike_B","Defend_B","Defend_B","Defend_B","Defend_B","Zap+1","Dualcast+1","Static Discharge+1","Stack","Beam Cell","Compile Driver","Ball Lightning","Darkness","Electrodynamics+1","Hello World+1","Lockon","Biased Cognition+1","Leap","Static Discharge+1","Self Repair+1","Capacitor+1","Thunder Strike","Buffer+1","Hello World+1","J.A.X.","Ball Lightning","Fission","Storm+1","Glacier+1","Streamline","Streamline","Scrape","Fusion","Genetic Algorithm+1","Madness","Madness","Fusion","Biased Cognition+1"],"max_hp_per_floor":[75,75,75,75,75,75,75,75,75,75,75,75,75,75,75,75,75,75,75,75,75,75,75,75,80,80,80,80,80,80,80,80,80,80,80,80,80,80,80,80],"relics":["Cracked Core","Frozen Egg 2","Oddly Smooth Stone","Snecko Eye","Ancient Tea Set","Orrery"],"card_choices":[{"not_picked":["Sweeping Beam","Cold Snap"],"picked":"Static Discharge","floor":1.0},{"not_picked":["Sweeping Beam","Steam"],"picked":"Stack","floor":2.0},{"not_picked":["Skim","Leap"],"picked":"Beam Cell","floor":3.0},{"not_picked":["Go for the Eyes","Hologram"],"picked":"Compile Driver","floor":5},{"not_picked":["Rip and Tear","Stack"],"picked":"Ball Lightning","floor":10},{"not_picked":["Barrage","Double Energy"],"picked":"Darkness","floor":11},{"not_picked":["Thunder Strike","Electrodynamics+1"],"picked":"Biased Cognition+1","floor":16},{"not_picked":["Redo+1","Gash","Steam Power+1"],"picked":"SKIP","floor":18},{"not_picked":["Conserve Battery+1","Compile Driver","Hologram"],"picked":"SKIP","floor":19},{"not_picked":["FTL","Compile Driver"],"picked":"Leap","floor":20},{"not_picked":["Stack","Darkness"],"picked":"Static Discharge+1","floor":21},{"not_picked":["Reinforced Body","Compile Driver"],"picked":"Self Repair+1","floor":22},{"not_picked":["Static Discharge+1","Leap"],"picked":"Buffer+1","floor":28},{"not_picked":["Leap","Reinforced Body"],"picked":"Hello World+1","floor":29},{"not_picked":["All For One","Machine Learning+1"],"picked":"Fission","floor":33},{"not_picked":["Leap+1","Blizzard"],"picked":"Storm+1","floor":34},{"not_picked":["Leap","Beam Cell"],"picked":"Glacier+1","floor":34},{"not_picked":["Gash","Stack"],"picked":"Streamline","floor":34},{"not_picked":["Melter","Beam Cell"],"picked":"Streamline","floor":34},{"not_picked":["Beam Cell","Steam Power"],"picked":"Scrape","floor":34},{"not_picked":["Steam","Streamline"],"picked":"Fusion","floor":35},{"not_picked":["Sweeping Beam+1","Redo+1"],"picked":"Genetic Algorithm+1","floor":36}],"player_experience":457051,"potions_floor_usage":[10,11,28,33,40,40,40],"damage_taken":[{"damage":1.0,"enemies":"Cultist","floor":1.0,"turns":3.0},{"damage":1.0,"enemies":"Jaw Worm","floor":2.0,"turns":4.0},{"damage":12.0,"enemies":"Small Slimes","floor":3.0,"turns":3.0},{"damage":8.0,"enemies":"2 Fungi Beasts","floor":5.0,"turns":3.0},{"damage":10,"enemies":"Lagavulin","floor":10,"turns":5},{"damage":0,"enemies":"3 Louse","floor":11,"turns":2},{"damage":29,"enemies":"Hexaghost","floor":16,"turns":6},{"damage":10,"enemies":"2 Thieves","floor":18,"turns":2},{"damage":1,"enemies":"Spheric Guardian","floor":19,"turns":3},{"damage":6,"enemies":"3 Cultists","floor":20,"turns":2},{"damage":24,"enemies":"Snake Plant","floor":21,"turns":4},{"damage":24,"enemies":"Snecko","floor":22,"turns":4},{"damage":0,"enemies":"Sentry and Sphere","floor":28,"turns":3},{"damage":30,"enemies":"Chosen and Byrds","floor":29,"turns":5},{"damage":39,"enemies":"Automaton","floor":33,"turns":7},{"damage":10,"enemies":"Orb Walker","floor":35,"turns":2},{"damage":18,"enemies":"3 Darklings","floor":36,"turns":3},{"damage":56,"enemies":"Nemesis","floor":40,"turns":3}],"relics_obtained":[{"floor":9,"key":"Frozen Egg 2"},{"floor":10,"key":"Oddly Smooth Stone"},{"floor":26,"key":"Ancient Tea Set"}],"event_choices":[{"event_name":"Living Wall","player_choice":"Grow","floor":4.0,"damage_taken":0.0},{"event_name":"World of Goop","player_choice":"Gather Gold","floor":7,"damage_taken":0},{"event_name":"Upgrade Shrine","player_choice":"Upgraded","floor":8,"damage_taken":0},{"event_name":"Golden Shrine","player_choice":"Pray","floor":13,"damage_taken":0},{"event_name":"Forgotten Altar","player_choice":"Shed Blood","floor":25,"damage_taken":0},{"event_name":"Drug Dealer","player_choice":"Got JAXXED","floor":30,"damage_taken":0},{"event_name":"Winding Halls","player_choice":"Embrace Madness","floor":37,"damage_taken":0},{"event_name":"Duplicator","player_choice":"One dupe","floor":39,"damage_taken":0}],"boss_relics":[{"not_picked":["Ectoplasm","Eternal Feather"],"picked":"Snecko Eye"},{"not_picked":["Calling Bell","Runic Pyramid"],"picked":"Orrery"}],"items_purged_floors":[12],"potions_floor_spawned":[3,5,10,20,22,29,33],"seed_played":"-8550813342739129955","killed_by":"Nemesis","ascension_level":1,"potions_obtained":[{"floor":3.0,"key":"SkillPotion"},{"floor":5,"key":"SteroidPotion"},{"floor":10,"key":"SteroidPotion"},{"floor":20,"key":"Explosive Potion"},{"floor":22,"key":"Regen Potion"},{"floor":29,"key":"Strength Potion"},{"floor":33,"key":"Strength Potion"}],"is_trial":false}