{"gold_per_floor":[209,209,219,21,21,21,46,62,87,87,104,137,137,171,171,266,266,281,381,381,409,456,456,468,468,550,550,570,320,351,369,369,474,474,484,28,28,45,45,45,56,86,86,86,114,114,127,2,2,2],"floor_reached":51,"playtime":2990,"items_purged":["Defend_R","Strike_R","Bash+1"],"score":1195,"play_id":"20bce31a-d6f9-4397-81a3-e0779b22ff39","local_time":"20190418011436","is_ascension_mode":true,"campfire_choices":[{"data":"Corruption","floor":6,"key":"SMITH"},{"data":"Uppercut","floor":10,"key":"SMITH"},{"data":"1","floor":13,"key":"LIFT"},{"data":"Feel No Pain","floor":15,"key":"SMITH"},{"floor":23,"key":"REST"},{"data":"Burning Pact","floor":25,"key":"SMITH"},{"data":"True Grit","floor":27,"key":"SMITH"},{"floor":32,"key":"REST"},{"data":"Madness","floor":40,"key":"SMITH"},{"data":"Offering","floor":44,"key":"SMITH"},{"floor":49,"key":"REST"}],"neow_cost":"NONE","seed_source_timestamp":114456507026453,"circlet_count":0,"master_deck":["AscendersBane","Defend_R","Defend_R","Rage","Corruption+1","Feel No Pain+1","True Grit+1","Uppercut+1","Iron Wave+1","Disarm+1","Inflame","Shrug It Off","Juggernaut","Pummel","Writhe","Burning Pact+1","True Grit+1","Offering+1","Demon Form+1","Fiend Fire+1","Disarm+1","Warcry","Mayhem+1","Thinking Ahead","Madness+1"],"relics":["Burning Blood","Red Skull","Whetstone","Girya","War Paint","Empty Cage","Dead Branch","Gremlin Horn","Frozen Egg 2","Red Mask","Anchor","Blue Candle","Bag of Preparation","Potion Belt","Astrolabe","Charon\u0027s Ashes","FossilizedHelix","Ginger","Mercury Hourglass"],"potions_floor_usage":[7,12,12,16,19,19,35,35],"damage_taken":[{"damage":0,"enemies":"Small Slimes","floor":1,"turns":3},{"damage":11,"enemies":"Cultist","floor":3,"turns":5},{"damage":36,"enemies":"Lagavulin","floor":7,"turns":8},{"damage":3,"enemies":"Jaw Worm","floor":8,"turns":3},{"damage":1,"enemies":"Looter","floor":11,"turns":3},{"damage":21,"enemies":"3 Sentries","floor":12,"turns":9},{"damage":0,"enemies":"Lagavulin","floor":14,"turns":6},{"damage":15,"enemies":"The Guardian","floor":16,"turns":8},{"damage":8,"enemies":"Shell Parasite","floor":18,"turns":6},{"damage":23,"enemies":"Colosseum Slavers","floor":19,"turns":5},{"damage":37,"enemies":"Colosseum Nobs","floor":19,"turns":6},{"damage":22,"enemies":"Masked Bandits","floor":21,"turns":3},{"damage":0,"enemies":"2 Thieves","floor":24,"turns":4},{"damage":2,"enemies":"Centurion and Healer","floor":28,"turns":5},{"damage":10,"enemies":"Gremlin Leader","floor":30,"turns":5},{"damage":13,"enemies":"Shelled Parasite and Fungi","floor":31,"turns":3},{"damage":14,"enemies":"Collector","floor":33,"turns":8},{"damage":4,"enemies":"3 Darklings","floor":35,"turns":3},{"damage":1,"enemies":"Orb Walker","floor":38,"turns":3},{"damage":8,"enemies":"Spire Growth","floor":41,"turns":5},{"damage":7,"enemies":"Nemesis","floor":42,"turns":2},{"damage":19,"enemies":"Giant Head","floor":45,"turns":6},{"damage":6,"enemies":"Maw","floor":47,"turns":2},{"damage":46,"enemies":"Time Eater","floor":50,"turns":7}],"seed_played":"448024079194728768","potions_obtained":[{"floor":1,"key":"Weak Potion"},{"floor":7,"key":"LiquidBronze"},{"floor":8,"key":"Regen Potion"},{"floor":12,"key":"EssenceOfSteel"},{"floor":16,"key":"Fire Potion"},{"floor":18,"key":"Weak Potion"},{"floor":24,"key":"SpeedPotion"},{"floor":28,"key":"Energy Potion"},{"floor":33,"key":"Ancient Potion"},{"floor":47,"key":"Explosive Potion"}],"is_trial":false,"path_per_floor":["?","M","?","?","?","?","T","M","?","?"],"character_chosen":"IRONCLAD","items_purchased":["Feel No Pain","True Grit","Bag of Preparation","Charon\u0027s Ashes","Mayhem+1"],"campfire_rested":3,"item_purchase_floors":[4,4,29,36,36],"current_hp_per_floor":[78,70,65,65,70,70,40,43,43,43,48,48,48,54,54,45,75,73,25,25,9,9,34,40,40,40,40,44,44,40,33,58,50,76,78,78,73,78,78,78,76,75,75,75,62,62,62,62,85,45],"gold":2,"neow_bonus":"HUNDRED_GOLD","is_prod":false,"is_daily":false,"chose_seed":false,"campfire_upgraded":7,"win_rate":0,"timestamp":1555524876,"path_taken":["M","?","?","$","?","R","E","M","T","R","M","E","R","E","R","BOSS","M","?","?","?","?","R","M","R","T","R","M","$","E","?","R","BOSS","M","$","?","M","$","R","M","E","T","R","E","?","M","$","R","BOSS"],"build_version":"2019-01-23","purchased_purges":3,"victory":true,"max_hp_per_floor":[80,80,80,80,85,85,85,85,85,85,85,85,85,85,85,85,85,85,85,85,85,85,85,85,85,85,85,85,85,85,85,85,85,85,85,85,85,85,85,85,85,85,85,85,85,85,85,85,85,85],"card_choices":[{"not_picked":["Havoc","True Grit"],"picked":"Rage","floor":1},{"not_picked":["Cleave","Twin Strike"],"picked":"Corruption","floor":3},{"not_picked":["Havoc","Dual Wield"],"picked":"Uppercut","floor":7},{"not_picked":["Havoc","Combust"],"picked":"Iron Wave","floor":8},{"not_picked":["Sword Boomerang","Clothesline"],"picked":"Disarm","floor":11},{"not_picked":["Carnage","Infernal Blade"],"picked":"Inflame","floor":12},{"not_picked":["Spot Weakness","Fiend Fire"],"picked":"Shrug It Off","floor":14},{"not_picked":["Double Tap","Immolate"],"picked":"Juggernaut","floor":16},{"not_picked":["Fire Breathing","Headbutt+1"],"picked":"Pummel","floor":18},{"not_picked":["Seeing Red","Bloodletting+1"],"picked":"Burning Pact","floor":21},{"not_picked":["Iron Wave","Corruption+1"],"picked":"True Grit","floor":24},{"not_picked":["Wild Strike+1","Dropkick","Evolve+1"],"picked":"SKIP","floor":28},{"not_picked":["Clothesline+1","Bloodletting","Uppercut"],"picked":"SKIP","floor":30},{"not_picked":["Combust+1","Headbutt","Heavy Blade+1"],"picked":"SKIP","floor":31},{"not_picked":["Reaper","Feed"],"picked":"Offering","floor":33},{"not_picked":["Pommel Strike","Corruption+1"],"picked":"Warcry","floor":35},{"not_picked":["Chrysalis","Bandage Up"],"picked":"Thinking Ahead","floor":37},{"not_picked":["Flash of Steel","Forethought"],"picked":"Madness","floor":37},{"not_picked":["Flex+1","Sword Boomerang+1","Heavy Blade+1"],"picked":"SKIP","floor":38},{"not_picked":["Iron Wave+1","Shrug It Off","Headbutt+1"],"picked":"SKIP","floor":41},{"not_picked":["Fire Breathing+1","Anger+1","Wild Strike"],"picked":"SKIP","floor":42},{"not_picked":["Armaments","Inflame+1","Anger+1"],"picked":"SKIP","floor":45},{"not_picked":["Ghostly Armor+1","Uppercut","Heavy Blade+1"],"picked":"SKIP","floor":47}],"player_experience":254790,"relics_obtained":[{"floor":7,"key":"Red Skull"},{"floor":9,"key":"Whetstone"},{"floor":12,"key":"Girya"},{"floor":14,"key":"War Paint"},{"floor":19,"key":"Dead Branch"},{"floor":19,"key":"Gremlin Horn"},{"floor":21,"key":"Red Mask"},{"floor":22,"key":"Anchor"},{"floor":26,"key":"Blue Candle"},{"floor":30,"key":"Potion Belt"},{"floor":42,"key":"FossilizedHelix"},{"floor":43,"key":"Ginger"},{"floor":45,"key":"Mercury Hourglass"}],"event_choices":[{"damage_healed":0,"gold_gain":0,"player_choice":"Damaged","damage_taken":8,"max_hp_gain":0,"max_hp_loss":0,"event_name":"Wheel of Change","floor":2,"gold_loss":0},{"damage_healed":0,"gold_gain":0,"player_choice":"Donut","damage_taken":0,"max_hp_gain":5,"max_hp_loss":0,"event_name":"Big Fish","floor":5,"gold_loss":0},{"damage_healed":0,"gold_gain":0,"player_choice":"Fight","damage_taken":0,"max_hp_gain":0,"max_hp_loss":0,"event_name":"Colosseum","floor":19,"gold_loss":0},{"damage_healed":0,"gold_gain":0,"player_choice":"Fought Nobs","damage_taken":0,"max_hp_gain":0,"max_hp_loss":0,"event_name":"Colosseum","floor":19,"gold_loss":0},{"damage_healed":0,"gold_gain":0,"player_choice":"Opened","damage_taken":0,"relics_obtained":["Frozen Egg 2"],"max_hp_gain":0,"max_hp_loss":0,"event_name":"The Mausoleum","floor":20,"gold_loss":0,"cards_obtained":["Writhe"]},{"damage_healed":0,"gold_gain":0,"player_choice":"Fought Bandits","damage_taken":0,"max_hp_gain":0,"max_hp_loss":0,"event_name":"Masked Bandits","floor":21,"gold_loss":0},{"damage_healed":0,"gold_gain":0,"player_choice":"Memory 2","damage_taken":5,"max_hp_gain":0,"max_hp_loss":0,"event_name":"SensoryStone","floor":37,"gold_loss":0},{"damage_healed":0,"gold_gain":0,"player_choice":"Ignored","damage_taken":0,"max_hp_gain":0,"max_hp_loss":0,"event_name":"Tomb of Lord Red Mask","floor":46,"gold_loss":0}],"is_beta":false,"boss_relics":[{"not_picked":["Velvet Choker","Eternal Feather"],"picked":"Empty Cage"},{"not_picked":["Lizard Tail","Runic Dome"],"picked":"Astrolabe"}],"items_purged_floors":[4,29,48],"is_endless":false,"potions_floor_spawned":[1,7,8,12,16,18,24,28,33,47],"ascension_level":11}