{"path_per_floor":["M","M","?","M","?","E","R","?","T","E","R","M","$","M","R","B",null,"M","?","M","$","?","R","E","$","T","M","?","M","R","M","R"],"character_chosen":"THE_SILENT","items_purchased":["Snake Skull","Distraction","Backstab","Poisoned Stab","Footwork"],"gold_per_floor":[116,133,133,152,152,187,187,187,187,217,217,230,0,14,14,109,109,123,123,136,18,18,18,51,15,39,58,58,71,71,81,81],"floor_reached":33,"campfire_rested":4,"playtime":5031,"current_hp_per_floor":[63,63,63,63,73,58,58,58,58,41,62,62,62,62,62,42,73,53,37,20,20,20,41,8,8,8,16,16,16,40,34,58],"items_purged":["Regret"],"gold":81,"score":275,"play_id":"4386d077-aee0-4824-9062-6d6ef640fbb8","is_prod":false,"is_daily":false,"is_ascension_mode":false,"campfire_upgraded":2,"path_taken":["M","M","?","M","?","E","R","?","T","E","R","M","$","M","R","BOSS","M","?","M","$","?","R","E","?","T","M","?","?","R","M","R","BOSS"],"build_version":"2018-02-12-PROD1","purchased_purges":1,"victory":false,"master_deck":["Defend_G","Defend_G","Defend_G","Defend_G","Defend_G","Strike_G","Strike_G","Strike_G","Strike_G","Survivor","Neutralize","Glass Knife","Escape Plan","Infinite Blades+1","Skewer","Blur","Well Laid Plans","Bane","Distraction+1","Crippling Poison","Burst","Distraction+1","Dagger Throw","Backstab","Poisoned Stab","Decay","Die Die Die","Footwork","Sucker Punch+1","Dagger Spray","Prepared+1","Backstab"],"max_hp_per_floor":[63,63,63,63,73,73,73,73,73,73,73,73,73,73,73,73,73,73,73,73,73,73,73,80,80,80,80,80,80,80,80,80],"relics":["Ring of the Snake","Sundial","Smiling Mask","Tingsha","Prayer Wheel","Snake Skull","Lizard Tail","Nilry\u0027s Codex","Strawberry","Vajra"],"card_choices":[{"not_picked":["After Image","Bullet Time"],"picked":"Glass Knife"},{"not_picked":["Deadly Poison","Dodge and Roll"],"picked":"Escape Plan"},{"not_picked":["Footwork","Sucker Punch"],"picked":"Infinite Blades"},{"not_picked":["Blur","Dagger Throw"],"picked":"Skewer"},{"not_picked":["Bane","Expertise"],"picked":"Blur"},{"not_picked":["Terror","Outmaneuver"],"picked":"Well Laid Plans"},{"not_picked":["Expertise","Masterful Stab"],"picked":"Bane"},{"not_picked":["Flying Knee","Prepared"],"picked":"Crippling Poison"},{"not_picked":["Doppelganger","Corpse Explosion"],"picked":"Burst"},{"not_picked":["Prepared","Quick Slash"],"picked":"Distraction"},{"not_picked":["Heel Hook","Infinite Blades"],"picked":"Dagger Throw"},{"not_picked":["Caltrops","All Out Attack"],"picked":"Die Die Die"},{"not_picked":["Flying Knee","Acrobatics"],"picked":"Sucker Punch"},{"not_picked":["Slice","Phantasmal Killer"],"picked":"Dagger Spray"},{"not_picked":["Blade Dance","Quick Slash"],"picked":"Prepared"},{"not_picked":["Caltrops","Poisoned Stab"],"picked":"Backstab"}],"player_experience":97719,"potions_floor_usage":[10,16,16,20,24,24,27,33],"damage_taken":[{"damage":0,"enemies":"Cultist","floor":1,"turns":3},{"damage":0,"enemies":"Small Slimes","floor":2,"turns":2},{"damage":0,"enemies":"Blue Slaver","floor":4,"turns":4},{"damage":15,"enemies":"Gremlin Nob","floor":6,"turns":4},{"damage":17,"enemies":"3 Sentries","floor":10,"turns":6},{"damage":0,"enemies":"Looter","floor":12,"turns":3},{"damage":0,"enemies":"Red Slaver","floor":14,"turns":3},{"damage":20,"enemies":"Slime Boss","floor":16,"turns":12},{"damage":20,"enemies":"3 Byrds","floor":18,"turns":6},{"damage":17,"enemies":"Chosen","floor":20,"turns":6},{"damage":40,"enemies":"Gremlin Leader","floor":24,"turns":9},{"damage":38,"enemies":"Snake Plant","floor":27,"turns":4},{"damage":0,"enemies":"Chosen and Byrds","floor":29,"turns":4},{"damage":6,"enemies":"Snecko","floor":31,"turns":5},{"damage":63,"enemies":"Champ","floor":33,"turns":14}],"event_choices":[{"event_name":"Living Wall","player_choice":"Change","floor":3,"damage_taken":0},{"event_name":"Bonfire Elementals","player_choice":"RARE","floor":5,"damage_taken":0},{"event_name":"Big Fish","player_choice":"Box","floor":8,"damage_taken":0},{"event_name":"Cursed Tome","player_choice":"Obtained Book","floor":19,"damage_taken":0},{"event_name":"Forgotten Altar","player_choice":"Smashed Altar","floor":22,"damage_taken":0},{"event_name":"Drug Dealer","player_choice":"Ignored","floor":28,"damage_taken":0}],"boss_relics":[{"not_picked":["Velvet Choker","Orrery"],"picked":"Lizard Tail"}],"potions_floor_spawned":[4,6,12,20,24,31],"seed_played":"-3816513250141296664","killed_by":"Champ","ascension_level":0,"is_trial":false}