{"gold_per_floor":[368,379,44,59,73,73,89,123,149,149,161,161,161,172,172,276,276,290,307,307],"floor_reached":20,"playtime":895,"items_purged":[],"score":284,"play_id":"fa6006c3-54d2-419b-809d-74d77c8699d3","local_time":"20190412225825","is_ascension_mode":true,"campfire_choices":[{"data":"Searing Blow","floor":6,"key":"SMITH"},{"data":"Searing Blow+1","floor":10,"key":"SMITH"},{"data":"Searing Blow+2","floor":12,"key":"SMITH"},{"data":"Searing Blow+3","floor":15,"key":"SMITH"}],"neow_cost":"TEN_PERCENT_HP_LOSS","seed_source_timestamp":122404815929052,"circlet_count":0,"master_deck":["Strike_R","Strike_R","Strike_R","Strike_R","Strike_R","Defend_R","Defend_R","Defend_R","Defend_R","Bash","Anger","Flame Barrier","Cleave","Searing Blow+4","Headbutt","Berserk","Doubt","Doubt","Clumsy","Shockwave"],"relics":["Burning Blood","Thread and Needle","Bottled Lightning","Strawberry","CultistMask","Calling Bell","Dream Catcher","Pear","Girya"],"potions_floor_usage":[8,18,19,20],"damage_taken":[{"damage":4,"enemies":"Jaw Worm","floor":1,"turns":4},{"damage":6,"enemies":"Cultist","floor":2,"turns":3},{"damage":0,"enemies":"Small Slimes","floor":4,"turns":3},{"damage":3,"enemies":"Exordium Wildlife","floor":5,"turns":5},{"damage":12,"enemies":"Exordium Thugs","floor":7,"turns":4},{"damage":0,"enemies":"Gremlin Nob","floor":8,"turns":2},{"damage":4,"enemies":"Blue Slaver","floor":11,"turns":4},{"damage":8,"enemies":"3 Louse","floor":14,"turns":3},{"damage":6,"enemies":"Slime Boss","floor":16,"turns":7},{"damage":47,"enemies":"Shell Parasite","floor":18,"turns":9},{"damage":37,"enemies":"Spheric Guardian","floor":19,"turns":7},{"damage":35,"enemies":"3 Cultists","floor":20,"turns":3}],"seed_played":"7860949835582123798","potions_obtained":[{"floor":4,"key":"SteroidPotion"},{"floor":5,"key":"AttackPotion"},{"floor":8,"key":"PowerPotion"},{"floor":11,"key":"Regen Potion"},{"floor":19,"key":"FearPotion"}],"is_trial":false,"path_per_floor":["?","M"],"character_chosen":"IRONCLAD","items_purchased":["Thread and Needle","Flame Barrier"],"campfire_rested":0,"item_purchase_floors":[3,3],"current_hp_per_floor":[72,72,72,72,72,72,66,72,79,79,79,79,79,77,77,77,89,48,31,0],"gold":307,"neow_bonus":"TWO_FIFTY_GOLD","is_prod":false,"is_daily":false,"chose_seed":false,"campfire_upgraded":4,"win_rate":0,"timestamp":1555084705,"path_taken":["M","M","$","M","M","R","M","E","T","R","M","R","?","M","R","BOSS","M","M","?"],"build_version":"2019-01-23","purchased_purges":0,"victory":false,"max_hp_per_floor":[72,72,72,72,72,72,72,72,79,79,79,79,79,79,79,79,89,89,89,89],"card_choices":[{"not_picked":["Body Slam","Havoc","Flex"],"picked":"SKIP","floor":1},{"not_picked":["Headbutt","Havoc"],"picked":"Anger","floor":2},{"not_picked":["Flex","Wild Strike"],"picked":"Cleave","floor":4},{"not_picked":["Sword Boomerang","Reaper"],"picked":"Searing Blow","floor":5},{"not_picked":["Pommel Strike","Hemokinesis","True Grit"],"picked":"SKIP","floor":7},{"not_picked":["Iron Wave","Clash"],"picked":"Headbutt","floor":8},{"not_picked":["Thunderclap","Rupture","Infernal Blade"],"picked":"SKIP","floor":11},{"not_picked":["Clash","Pummel","Entrench"],"picked":"SKIP","floor":14},{"not_picked":["Exhume","Reaper"],"picked":"Berserk","floor":16},{"not_picked":["Searing Blow","Armaments"],"picked":"Shockwave","floor":18},{"not_picked":["Cleave","Iron Wave","Sword Boomerang"],"picked":"SKIP","floor":19}],"player_experience":206748,"relics_obtained":[{"floor":8,"key":"Bottled Lightning"},{"floor":9,"key":"Strawberry"},{"floor":17,"key":"Dream Catcher"},{"floor":17,"key":"Pear"},{"floor":17,"key":"Girya"}],"event_choices":[{"damage_healed":0,"gold_gain":0,"player_choice":"Trade","damage_taken":0,"relics_obtained":["CultistMask"],"max_hp_gain":0,"max_hp_loss":0,"event_name":"FaceTrader","floor":13,"gold_loss":0}],"is_beta":false,"boss_relics":[{"not_picked":["Lizard Tail","Runic Pyramid"],"picked":"Calling Bell"}],"items_purged_floors":[],"is_endless":false,"potions_floor_spawned":[4,5,8,11,19],"killed_by":"3 Cultists","ascension_level":8}