{"gold_per_floor":[15,15,31,47,57,57,83,83,83,97,97,11,25,38,38,116,116,135,50,50,50,69,69],"floor_reached":23,"playtime":823,"items_purged":[],"score":386,"play_id":"4a193532-7c5c-4dba-919e-89315887e13a","local_time":"20190208131605","is_ascension_mode":true,"campfire_choices":[{"data":"Cold Snap","floor":6,"key":"SMITH"},{"floor":8,"key":"REST"},{"data":"Compile Driver","floor":11,"key":"SMITH"},{"data":"Melter","floor":15,"key":"SMITH"}],"neow_cost":"NO_GOLD","seed_source_timestamp":870662294127042,"circlet_count":0,"master_deck":["AscendersBane","Zap+1","Dualcast","Cold Snap+1","FTL","Conserve Battery","Hello World","Compile Driver+1","Tempest","Melter+1","Cold Snap","Leap","Rainbow","All For One","Aggregate","Echo Form","Machine Learning","Heatsinks","Recycle","Scrape","Reprogram","White Noise","Hologram+1"],"relics":["Cracked Core","Ginger","Bottled Tornado","Mercury Hourglass","Pandora\u0027s Box","The Courier"],"potions_floor_usage":[16,20,22,23],"damage_taken":[{"damage":8,"enemies":"2 Louse","floor":1,"turns":3},{"damage":0,"enemies":"Cultist","floor":3,"turns":3},{"damage":4,"enemies":"Small Slimes","floor":4,"turns":3},{"damage":6,"enemies":"Blue Slaver","floor":5,"turns":3},{"damage":30,"enemies":"Gremlin Nob","floor":7,"turns":4},{"damage":3,"enemies":"Exordium Wildlife","floor":10,"turns":3},{"damage":0,"enemies":"2 Fungi Beasts","floor":13,"turns":2},{"damage":5,"enemies":"Red Slaver","floor":14,"turns":2},{"damage":28,"enemies":"Hexaghost","floor":16,"turns":10},{"damage":18,"enemies":"2 Thieves","floor":18,"turns":3},{"damage":0,"enemies":"Masked Bandits","floor":20,"turns":1},{"damage":30,"enemies":"3 Byrds","floor":22,"turns":4},{"damage":6,"enemies":"Slavers","floor":23,"turns":1}],"seed_played":"442752071662201429","potions_obtained":[{"floor":5,"key":"Block Potion"},{"floor":7,"key":"SteroidPotion"},{"floor":16,"key":"SmokeBomb"},{"floor":22,"key":"AttackPotion"}],"is_trial":false,"path_per_floor":["M","?","M","M","M","R","E","R","T","M","R","$","M","M","R","B",null,"M","?","?","$","M","E"],"character_chosen":"DEFECT","items_purchased":["Melter"],"campfire_rested":1,"item_purchase_floors":[12],"current_hp_per_floor":[56,56,56,52,46,46,16,37,37,34,34,34,34,29,29,1,54,36,36,36,36,6,0],"gold":69,"neow_bonus":"ONE_RARE_RELIC","is_prod":false,"is_daily":false,"chose_seed":false,"campfire_upgraded":3,"win_rate":0,"timestamp":1549628165,"path_taken":["M","?","?","M","?","R","E","R","T","M","R","$","?","M","R","BOSS","M","?","?","?","M","E"],"build_version":"2019-01-23","purchased_purges":0,"victory":false,"max_hp_per_floor":[71,71,71,71,71,71,71,71,71,71,71,71,71,71,71,71,71,71,71,71,71,71,71],"card_choices":[{"not_picked":["Rebound","Reinforced Body"],"picked":"Cold Snap","floor":1},{"not_picked":["Force Field","Rebound"],"picked":"FTL","floor":3},{"not_picked":["Compile Driver","Reprogram"],"picked":"Conserve Battery","floor":4},{"not_picked":["Barrage","Leap"],"picked":"Hello World","floor":5},{"not_picked":["Cold Snap","Rebound"],"picked":"Compile Driver","floor":7},{"not_picked":["Blizzard","Beam Cell"],"picked":"Tempest","floor":10},{"not_picked":["Fusion","Recycle"],"picked":"Cold Snap","floor":13},{"not_picked":["Cold Snap","Reboot"],"picked":"Leap","floor":14},{"not_picked":["Thunder Strike","Meteor Strike"],"picked":"Rainbow","floor":16},{"not_picked":["Barrage+1","Hologram"],"picked":"White Noise","floor":18},{"not_picked":["Steam","Heatsinks+1"],"picked":"Hologram+1","floor":22}],"player_experience":1312235,"relics_obtained":[{"floor":7,"key":"Bottled Tornado"},{"floor":9,"key":"Mercury Hourglass"}],"event_choices":[{"damage_healed":0,"gold_gain":0,"player_choice":"Forge","damage_taken":0,"max_hp_gain":0,"max_hp_loss":0,"event_name":"Accursed Blacksmith","floor":2,"gold_loss":0,"cards_upgraded":["Zap"]},{"damage_healed":0,"gold_gain":0,"player_choice":"Obtained Relic","damage_taken":0,"relics_obtained":["The Courier"],"max_hp_gain":0,"max_hp_loss":0,"event_name":"Addict","floor":19,"gold_loss":85},{"damage_healed":0,"gold_gain":0,"player_choice":"Fought Bandits","damage_taken":0,"max_hp_gain":0,"max_hp_loss":0,"event_name":"Masked Bandits","floor":20,"gold_loss":0}],"is_beta":false,"boss_relics":[{"not_picked":["White Beast Statue","Fusion Hammer"],"picked":"Pandora\u0027s Box"}],"items_purged_floors":[],"is_endless":false,"potions_floor_spawned":[5,7,10,14,16,20,22],"killed_by":"Slavers","ascension_level":20}