{"gold_per_floor":[369,334,40,40,55,90,103,128,128,128],"floor_reached":10,"playtime":1646,"items_purged":[],"score":152,"play_id":"1b314e21-0f71-4bcc-b3ba-4eddd471ca4a","local_time":"20190103143941","is_ascension_mode":true,"campfire_choices":[],"neow_cost":"PERCENT_DAMAGE","seed_source_timestamp":592325693123181,"circlet_count":0,"master_deck":["AscendersBane","Strike_R","Strike_R","Strike_R","Strike_R","Strike_R","Defend_R","Defend_R","Defend_R","Defend_R","Bash","Perfected Strike","Pummel","Feel No Pain","Headbutt","Inflame","Shrug It Off"],"relics":["Burning Blood","Membership Card","Peace Pipe","Unceasing Top","WingedGreaves"],"potions_floor_usage":[8,10],"damage_taken":[{"damage":3,"enemies":"Small Slimes","floor":1,"turns":3},{"damage":4,"enemies":"Jaw Worm","floor":5,"turns":3},{"damage":24,"enemies":"3 Sentries","floor":6,"turns":12},{"damage":1,"enemies":"Cultist","floor":7,"turns":3},{"damage":42,"enemies":"Lagavulin","floor":8,"turns":8},{"damage":31,"enemies":"Gremlin Nob","floor":10,"turns":3}],"seed_played":"-6963498990120425320","potions_obtained":[{"floor":5,"key":"BloodPotion"},{"floor":6,"key":"Fire Potion"}],"is_trial":false,"path_per_floor":["M","?","$","?","M","E","M","E","T","E"],"character_chosen":"IRONCLAD","items_purchased":["Membership Card","Pummel","Feel No Pain"],"campfire_rested":0,"item_purchase_floors":[3,3,3],"current_hp_per_floor":[53,71,71,71,73,55,60,24,24,0],"gold":128,"neow_bonus":"TWO_FIFTY_GOLD","is_prod":false,"is_daily":false,"chose_seed":false,"campfire_upgraded":0,"win_rate":0,"timestamp":1546522781,"path_taken":["M","?","$","?","M","E","M","E","T","E"],"build_version":"2018-12-20","purchased_purges":0,"victory":false,"max_hp_per_floor":[75,75,75,75,75,75,75,75,75,75],"card_choices":[{"not_picked":["Havoc","Infernal Blade"],"picked":"Perfected Strike","floor":1},{"not_picked":["Second Wind","Entrench"],"picked":"Headbutt","floor":5},{"not_picked":["Anger","True Grit"],"picked":"Inflame","floor":6},{"not_picked":["Intimidate","Anger","Flex"],"picked":"SKIP","floor":7},{"not_picked":["Anger","Havoc"],"picked":"Shrug It Off","floor":8}],"player_experience":1099896,"relics_obtained":[{"floor":6,"key":"Peace Pipe"},{"floor":8,"key":"Unceasing Top"},{"floor":9,"key":"WingedGreaves"}],"event_choices":[{"damage_healed":18,"gold_gain":0,"player_choice":"Healed","damage_taken":0,"max_hp_gain":0,"max_hp_loss":0,"event_name":"The Cleric","floor":2,"gold_loss":35},{"damage_healed":0,"gold_gain":0,"player_choice":"Ignored","damage_taken":0,"max_hp_gain":0,"max_hp_loss":0,"event_name":"Purifier","floor":4,"gold_loss":0}],"is_beta":false,"boss_relics":[],"items_purged_floors":[],"is_endless":false,"potions_floor_spawned":[5,6],"killed_by":"Gremlin Nob","ascension_level":20}