{"gold_per_floor":[20,20,35,53,103,103,128,138,186,186,219,236,255,268,268,268],"floor_reached":16,"playtime":595,"items_purged":[],"score":228,"play_id":"f28b3899-ded6-4b80-a63b-8f0c0d9f454f","local_time":"20190419132039","is_ascension_mode":true,"campfire_choices":[{"data":"Loop","floor":6,"key":"SMITH"},{"floor":10,"key":"REST"},{"data":"Zap","floor":15,"key":"SMITH"}],"neow_cost":"NO_GOLD","seed_source_timestamp":344209447405722,"circlet_count":0,"master_deck":["AscendersBane","Strike_B","Strike_B","Strike_B","Strike_B","Defend_B","Defend_B","Defend_B","Defend_B","Zap+1","Dualcast","Loop+1","Coolheaded","Hologram","Cold Snap","Conserve Battery","Self Repair","Ball Lightning","White Noise"],"relics":["Cracked Core","Ice Cream","Darkstone Periapt","Bag of Marbles","PreservedInsect"],"potions_floor_usage":[7,14,16],"damage_taken":[{"damage":4,"enemies":"Jaw Worm","floor":1,"turns":4},{"damage":1,"enemies":"Cultist","floor":3,"turns":3},{"damage":3,"enemies":"Small Slimes","floor":4,"turns":3},{"damage":32,"enemies":"Gremlin Nob","floor":7,"turns":4},{"damage":11,"enemies":"3 Louse","floor":8,"turns":4},{"damage":11,"enemies":"Lagavulin","floor":11,"turns":7},{"damage":6,"enemies":"Large Slime","floor":12,"turns":6},{"damage":13,"enemies":"Exordium Wildlife","floor":13,"turns":6},{"damage":3,"enemies":"Red Slaver","floor":14,"turns":3},{"damage":17,"enemies":"Hexaghost","floor":16,"turns":8}],"seed_played":"5609668172531167232","potions_obtained":[{"floor":1,"key":"SneckoOil"},{"floor":8,"key":"Fire Potion"},{"floor":12,"key":"Block Potion"}],"is_trial":false,"path_per_floor":["M","?","M","M","?","R","E","M","T","R","E","M","M","M","R","B"],"character_chosen":"DEFECT","items_purchased":[],"campfire_rested":1,"item_purchase_floors":[],"current_hp_per_floor":[60,60,59,56,56,56,24,13,13,34,23,24,18,15,15,0],"gold":268,"neow_bonus":"ONE_RARE_RELIC","is_prod":false,"is_daily":false,"chose_seed":false,"campfire_upgraded":2,"win_rate":0,"timestamp":1555672839,"path_taken":["M","?","M","M","?","R","E","M","T","R","E","?","M","M","R","BOSS"],"build_version":"2019-01-23","purchased_purges":0,"victory":false,"max_hp_per_floor":[71,71,71,71,71,71,71,71,71,71,71,71,71,71,71,71],"card_choices":[{"not_picked":["FTL","Rebound"],"picked":"Loop","floor":1},{"not_picked":["Rebound","Go for the Eyes"],"picked":"Coolheaded","floor":3},{"not_picked":["Scrape","Aggregate"],"picked":"Hologram","floor":4},{"not_picked":["Skim","Fusion"],"picked":"Cold Snap","floor":7},{"not_picked":["Streamline","Redo"],"picked":"Conserve Battery","floor":8},{"not_picked":["Leap","Hologram"],"picked":"Self Repair","floor":11},{"not_picked":["Reboot","Leap"],"picked":"Ball Lightning","floor":12},{"not_picked":["Sweeping Beam","Aggregate"],"picked":"White Noise","floor":13},{"not_picked":["Barrage","Streamline","Beam Cell"],"picked":"SKIP","floor":14}],"player_experience":1446068,"relics_obtained":[{"floor":7,"key":"Darkstone Periapt"},{"floor":9,"key":"Bag of Marbles"},{"floor":11,"key":"PreservedInsect"}],"event_choices":[{"damage_healed":0,"gold_gain":0,"player_choice":"Ignored","damage_taken":0,"max_hp_gain":0,"max_hp_loss":0,"event_name":"Liars Game","floor":2,"gold_loss":0},{"damage_healed":0,"gold_gain":50,"player_choice":"Pray","damage_taken":0,"max_hp_gain":0,"max_hp_loss":0,"event_name":"Golden Shrine","floor":5,"gold_loss":0}],"is_beta":false,"boss_relics":[],"items_purged_floors":[],"is_endless":false,"potions_floor_spawned":[1,8,12,13],"killed_by":"Hexaghost","ascension_level":20}