{"gold_per_floor":[114,264,281,281,295,295,309,334,381,401,401,427,438,450,450,528,528,540,540,540,540,554,554],"floor_reached":23,"playtime":754,"items_purged":[],"score":406,"play_id":"641c7b1b-cb72-4cb4-ab24-0107409eee54","local_time":"20190228140241","is_ascension_mode":true,"campfire_choices":[{"data":"Poisoned Stab","floor":6,"key":"SMITH"},{"data":"Neutralize","floor":11,"key":"SMITH"},{"floor":15,"key":"REST"}],"neow_cost":"NONE","seed_source_timestamp":621014925813924,"circlet_count":0,"master_deck":["AscendersBane","Defend_G+1","Defend_G+1","Defend_G+1","Defend_G+1","Defend_G+1","Strike_G+1","Strike_G+1","Survivor","Neutralize+1","Poisoned Stab+1","Doubt","Leg Sweep","Poisoned Stab","Bane","Catalyst","Deadly Poison","Calculated Gamble","Burst","Setup+1","Escape Plan+1","Reflex+1","All Out Attack+1","Ghostly","Ghostly","Ghostly","PiercingWail"],"relics":["Ring of the Snake","NeowsBlessing","Frozen Egg 2","Vajra","Blood Vial","Astrolabe"],"potions_floor_usage":[7,8,12,22,22],"damage_taken":[{"damage":0,"enemies":"2 Louse","floor":1,"turns":1},{"damage":0,"enemies":"Small Slimes","floor":3,"turns":1},{"damage":0,"enemies":"Cultist","floor":5,"turns":1},{"damage":0,"enemies":"Gremlin Gang","floor":7,"turns":6},{"damage":32,"enemies":"Gremlin Nob","floor":8,"turns":5},{"damage":2,"enemies":"2 Fungi Beasts","floor":10,"turns":3},{"damage":14,"enemies":"Lagavulin","floor":12,"turns":5},{"damage":0,"enemies":"Blue Slaver","floor":13,"turns":4},{"damage":6,"enemies":"Large Slime","floor":14,"turns":4},{"damage":16,"enemies":"Hexaghost","floor":16,"turns":9},{"damage":13,"enemies":"Shell Parasite","floor":18,"turns":4},{"damage":15,"enemies":"Chosen","floor":22,"turns":7},{"damage":20,"enemies":"Book of Stabbing","floor":23,"turns":7}],"seed_played":"7350682343617471101","potions_obtained":[{"floor":3,"key":"FearPotion"},{"floor":4,"key":"EssenceOfSteel"},{"floor":5,"key":"Poison Potion"},{"floor":8,"key":"Explosive Potion"},{"floor":12,"key":"Explosive Potion"},{"floor":13,"key":"Block Potion"}],"is_trial":false,"path_per_floor":["M","?","M","?","M","R","M","E","T","M","R","E","M","M","R","B",null,"M","?","?","?","M","E"],"character_chosen":"THE_SILENT","items_purchased":[],"campfire_rested":1,"item_purchase_floors":[],"current_hp_per_floor":[59,59,59,59,59,59,59,27,27,25,25,11,13,9,28,14,53,42,42,33,33,18,0],"gold":554,"neow_bonus":"THREE_ENEMY_KILL","is_prod":false,"is_daily":false,"chose_seed":false,"campfire_upgraded":2,"win_rate":0,"timestamp":1551358961,"path_taken":["M","?","M","?","M","R","M","E","T","?","R","E","?","M","R","BOSS","M","?","?","?","M","E"],"build_version":"2019-01-23","purchased_purges":0,"victory":false,"max_hp_per_floor":[66,66,66,66,66,66,66,66,66,66,66,66,66,66,66,66,66,66,66,33,33,33,33],"card_choices":[{"not_picked":["Quick Slash","Dagger Throw"],"picked":"Poisoned Stab","floor":1},{"not_picked":["Catalyst","Expertise"],"picked":"Leg Sweep","floor":3},{"not_picked":["Predator","Backflip","Blade Dance"],"picked":"SKIP","floor":5},{"not_picked":["Flying Knee","Endless Agony"],"picked":"Poisoned Stab","floor":7},{"not_picked":["Deflect","Infinite Blades"],"picked":"Bane","floor":8},{"not_picked":["Backflip","Acrobatics","Sucker Punch"],"picked":"SKIP","floor":10},{"not_picked":["Burst","Prepared"],"picked":"Catalyst","floor":12},{"not_picked":["Flying Knee","Sucker Punch"],"picked":"Deadly Poison","floor":13},{"not_picked":["Flying Knee","Quick Slash"],"picked":"Calculated Gamble","floor":14},{"not_picked":["Storm of Steel","Night Terror"],"picked":"Burst","floor":16},{"not_picked":["Poisoned Stab","Eviscerate"],"picked":"All Out Attack+1","floor":18},{"not_picked":["Dodge and Roll","Catalyst"],"picked":"PiercingWail","floor":22}],"player_experience":1352616,"relics_obtained":[{"floor":8,"key":"Frozen Egg 2"},{"floor":9,"key":"Vajra"},{"floor":12,"key":"Blood Vial"}],"event_choices":[{"damage_healed":0,"gold_gain":150,"player_choice":"AGREE","damage_taken":0,"max_hp_gain":0,"max_hp_loss":0,"event_name":"Liars Game","floor":2,"gold_loss":0,"cards_obtained":["Doubt"]},{"damage_healed":0,"gold_gain":0,"player_choice":"Got Potions","damage_taken":0,"max_hp_gain":0,"max_hp_loss":0,"event_name":"Lab","floor":4,"gold_loss":0},{"damage_healed":0,"gold_gain":0,"player_choice":"Simplicity","damage_taken":0,"max_hp_gain":0,"max_hp_loss":0,"event_name":"Back to Basics","floor":19,"gold_loss":0,"cards_upgraded":["Defend_G","Defend_G","Defend_G","Defend_G","Defend_G","Strike_G","Strike_G"]},{"damage_healed":0,"gold_gain":0,"player_choice":"Became a Ghost","damage_taken":0,"max_hp_gain":0,"max_hp_loss":33,"event_name":"Ghosts","floor":20,"gold_loss":0,"cards_obtained":["Ghostly","Ghostly","Ghostly"]},{"damage_healed":0,"gold_gain":0,"player_choice":"0 cards matched","damage_taken":0,"max_hp_gain":0,"max_hp_loss":0,"event_name":"Match and Keep!","floor":21,"gold_loss":0,"cards_obtained":[]}],"is_beta":false,"boss_relics":[{"not_picked":["White Beast Statue","Busted Crown"],"picked":"Astrolabe"}],"items_purged_floors":[],"is_endless":false,"potions_floor_spawned":[3,5,8,12,13,16],"killed_by":"Book of Stabbing","ascension_level":20}