{"gold_per_floor":[109,121,138,138,103,129,145,145,145,145,157,219,236,248,248,348,348,363,373,116,116,145,173,173,206,231,231,245,263,279,296,296,394,394,407,421,195,243,243,272,272,287,311,311,326,326,358,368,368,368],"floor_reached":51,"playtime":2873,"items_purged":["Strike_R"],"score":1030,"play_id":"9b2f999c-8b18-4b99-857b-01d88f21a7c8","local_time":"20180903141850","is_ascension_mode":true,"campfire_choices":[{"data":"Seeing Red","floor":8,"key":"SMITH"},{"floor":15,"key":"REST"},{"floor":27,"key":"REST"},{"floor":32,"key":"REST"},{"data":"Warcry","floor":41,"key":"SMITH"},{"data":"Inflame","floor":44,"key":"SMITH"},{"data":"True Grit","floor":46,"key":"SMITH"},{"data":"True Grit","floor":49,"key":"SMITH"}],"neow_cost":"NONE","seed_source_timestamp":619849339909924,"circlet_count":0,"master_deck":["Strike_R+1","Strike_R","Strike_R","Defend_R","Defend_R","Defend_R","Defend_R","Bash","Cleave","Shockwave+1","Twin Strike","True Grit+1","Seeing Red+1","Warcry+1","Spot Weakness","Pummel","Impervious","Reaper","Cleave+1","Sentinel+1","Spot Weakness","Warcry+1","Inflame+1","Combust+1","Infernal Blade+1","Flex+1","Twin Strike+1","Heavy Blade","Shrug It Off+1","Rupture+1","Madness","Madness","True Grit+1","True Grit+1","Armaments+1"],"relics":["Burning Blood","Dead Branch","Prayer Wheel","Paper Frog","Mark of Pain","Mercury Hourglass","Red Mask","Ice Cream","Orichalcum","Omamori","Busted Crown","Juzu Bracelet","Incense Burner","Turnip","Potion Belt","Toxic Egg 2"],"potions_floor_usage":[11,25,25,47,47,47,50,50],"damage_taken":[{"damage":0,"enemies":"2 Louse","floor":1,"turns":3},{"damage":1,"enemies":"Jaw Worm","floor":2,"turns":5},{"damage":4,"enemies":"Small Slimes","floor":3,"turns":3},{"damage":20,"enemies":"Lagavulin","floor":6,"turns":6},{"damage":1,"enemies":"Blue Slaver","floor":7,"turns":6},{"damage":7,"enemies":"Large Slime","floor":11,"turns":4},{"damage":35,"enemies":"Lagavulin Event","floor":12,"turns":4},{"damage":7,"enemies":"Exordium Wildlife","floor":13,"turns":3},{"damage":11,"enemies":"Exordium Thugs","floor":14,"turns":4},{"damage":21,"enemies":"The Guardian","floor":16,"turns":9},{"damage":7,"enemies":"Shell Parasite","floor":18,"turns":4},{"damage":22,"enemies":"2 Thieves","floor":19,"turns":4},{"damage":6,"enemies":"Masked Bandits","floor":22,"turns":4},{"damage":11,"enemies":"Gremlin Leader","floor":23,"turns":5},{"damage":2,"enemies":"Book of Stabbing","floor":25,"turns":4},{"damage":13,"enemies":"3 Cultists","floor":28,"turns":5},{"damage":21,"enemies":"Shelled Parasite and Fungi","floor":29,"turns":5},{"damage":15,"enemies":"Snake Plant","floor":30,"turns":4},{"damage":20,"enemies":"Snecko","floor":31,"turns":4},{"damage":59,"enemies":"Champ","floor":33,"turns":8},{"damage":4,"enemies":"Orb Walker","floor":35,"turns":3},{"damage":3,"enemies":"3 Shapes","floor":36,"turns":2},{"damage":18,"enemies":"Mysterious Sphere","floor":38,"turns":3},{"damage":26,"enemies":"Giant Head","floor":40,"turns":7},{"damage":23,"enemies":"Reptomancer","floor":42,"turns":4},{"damage":8,"enemies":"Sphere and 2 Shapes","floor":45,"turns":3},{"damage":12,"enemies":"Nemesis","floor":47,"turns":5},{"damage":18,"enemies":"4 Shapes","floor":48,"turns":5},{"damage":96,"enemies":"Time Eater","floor":50,"turns":8}],"seed_played":"-1610079454984749716","potions_obtained":[{"floor":6,"key":"Fire Potion"},{"floor":12,"key":"Ancient Potion"},{"floor":12,"key":"Block Potion"},{"floor":13,"key":"Strength Potion"},{"floor":14,"key":"Swift Potion"},{"floor":22,"key":"SkillPotion"},{"floor":25,"key":"BloodPotion"},{"floor":28,"key":"FearPotion"},{"floor":38,"key":"Weak Potion"},{"floor":45,"key":"Swift Potion"},{"floor":47,"key":"BloodPotion"}],"is_trial":false,"path_per_floor":["M","M","M","?","?","E","M","R","T","?","M","?","M","M","R","B",null,"M","M","$","?","?","E","?","E","T","R","M","M","M","M","R","B",null,"M","M","$","?","?","E","R","M","T","R","M","R","E","M","R","B"],"character_chosen":"IRONCLAD","items_purchased":["Mercury Hourglass","Juzu Bracelet"],"campfire_rested":3,"item_purchase_floors":[20,37],"current_hp_per_floor":[86,88,88,70,88,74,79,79,79,72,71,42,41,36,62,47,78,84,68,68,68,78,73,56,60,60,87,91,81,79,76,93,40,80,92,93,93,93,81,93,93,83,83,83,81,81,75,84,84,12],"gold":368,"neow_bonus":"TEN_PERCENT_HP_BONUS","is_prod":false,"is_daily":false,"chose_seed":false,"campfire_upgraded":5,"win_rate":0,"timestamp":1535977130,"path_taken":["M","M","M","?","?","E","M","R","T","?","?","?","M","M","R","BOSS","M","M","$","?","?","E","?","E","T","R","M","M","M","?","R","BOSS","M","M","$","?","?","E","R","M","T","R","M","R","E","M","R","BOSS"],"build_version":"2018-08-30","purchased_purges":1,"victory":true,"max_hp_per_floor":[88,88,88,88,88,88,88,88,88,88,88,88,88,88,88,88,88,88,88,88,88,88,88,93,93,93,93,93,93,93,93,93,93,93,93,93,93,93,93,93,93,93,93,93,93,93,93,93,93,93],"card_choices":[{"not_picked":["Heavy Blade","Perfected Strike"],"picked":"Cleave","floor":1},{"not_picked":["Warcry","Cleave"],"picked":"Shockwave","floor":2},{"not_picked":["Intimidate","Hemokinesis"],"picked":"Twin Strike","floor":3},{"not_picked":["Second Wind","Twin Strike"],"picked":"True Grit","floor":6},{"not_picked":["Sword Boomerang","Cleave"],"picked":"Seeing Red","floor":7},{"not_picked":["Rampage","Heavy Blade"],"picked":"Warcry","floor":11},{"not_picked":["Seeing Red","Feel No Pain"],"picked":"Spot Weakness","floor":11},{"not_picked":["Uppercut","Combust"],"picked":"Pummel","floor":13},{"not_picked":["Flame Barrier","Headbutt","Hemokinesis"],"picked":"SKIP","floor":13},{"not_picked":["Sword Boomerang","Power Through"],"picked":"Impervious","floor":14},{"not_picked":["Anger","Whirlwind","Power Through"],"picked":"SKIP","floor":14},{"not_picked":["Exhume","Double Tap"],"picked":"Reaper","floor":16},{"not_picked":["Uppercut","Shockwave"],"picked":"Cleave+1","floor":18},{"not_picked":["Heavy Blade","Iron Wave"],"picked":"Sentinel+1","floor":18},{"not_picked":["Dropkick","Thunderclap"],"picked":"Spot Weakness","floor":19},{"not_picked":["Battle Trance","Perfected Strike","Warcry"],"picked":"SKIP","floor":19},{"not_picked":["Wild Strike","Anger"],"picked":"Warcry+1","floor":23},{"not_picked":["Anger","Flex"],"picked":"Inflame","floor":25},{"not_picked":["Warcry","Reaper"],"picked":"Combust+1","floor":28},{"not_picked":["Pommel Strike","Iron Wave","Carnage"],"picked":"SKIP","floor":28},{"not_picked":["Fire Breathing","Clash"],"picked":"Infernal Blade+1","floor":29},{"not_picked":["Havoc","Corruption","Spot Weakness"],"picked":"SKIP","floor":29},{"not_picked":["Sword Boomerang","Dropkick"],"picked":"Flex+1","floor":30},{"not_picked":["Cleave","Metallicize","Dropkick+1"],"picked":"SKIP","floor":30},{"not_picked":["Thunderclap","Clothesline"],"picked":"Twin Strike+1","floor":31},{"not_picked":["Clothesline","Shrug It Off"],"picked":"Heavy Blade","floor":31},{"not_picked":[],"picked":"Shrug It Off+1","floor":35},{"not_picked":["Perfected Strike"],"picked":"SKIP","floor":35},{"not_picked":[],"picked":"Rupture+1","floor":36},{"not_picked":["Metallicize"],"picked":"SKIP","floor":36},{"not_picked":["Thunderclap"],"picked":"SKIP","floor":40},{"not_picked":["Pummel"],"picked":"SKIP","floor":42},{"not_picked":["Armaments"],"picked":"SKIP","floor":42},{"not_picked":[],"picked":"True Grit","floor":45},{"not_picked":["Anger"],"picked":"SKIP","floor":45},{"not_picked":["Body Slam"],"picked":"SKIP","floor":47},{"not_picked":[],"picked":"True Grit+1","floor":48},{"not_picked":[],"picked":"Armaments+1","floor":48}],"player_experience":303651,"relics_obtained":[{"floor":6,"key":"Dead Branch"},{"floor":9,"key":"Prayer Wheel"},{"floor":12,"key":"Paper Frog"},{"floor":22,"key":"Red Mask"},{"floor":23,"key":"Ice Cream"},{"floor":25,"key":"Orichalcum"},{"floor":26,"key":"Omamori"},{"floor":38,"key":"Incense Burner"},{"floor":40,"key":"Turnip"},{"floor":43,"key":"Potion Belt"},{"floor":47,"key":"Toxic Egg 2"}],"event_choices":[{"event_name":"Shining Light","player_choice":"Entered Light","floor":4,"damage_taken":0},{"event_name":"The Cleric","player_choice":"Healed","floor":5,"damage_taken":0},{"event_name":"Golden Wing","player_choice":"Card Removal","floor":10,"damage_taken":0},{"event_name":"Dead Adventurer","player_choice":"Searched \u00271\u0027 times","floor":12,"damage_taken":0},{"event_name":"Beggar","player_choice":"Ignored","floor":21,"damage_taken":0},{"event_name":"Masked Bandits","player_choice":"Fought Bandits","floor":22,"damage_taken":0},{"event_name":"Forgotten Altar","player_choice":"Shed Blood","floor":24,"damage_taken":0},{"event_name":"Mysterious Sphere","player_choice":"Fight","floor":38,"damage_taken":0},{"event_name":"Winding Halls","player_choice":"Embrace Madness","floor":39,"damage_taken":0}],"is_beta":false,"boss_relics":[{"not_picked":["Pandora\u0027s Box","Eternal Feather"],"picked":"Mark of Pain"},{"not_picked":["Coffee Dripper","Sozu"],"picked":"Busted Crown"}],"items_purged_floors":[37],"is_endless":false,"potions_floor_spawned":[6,12,12,13,14,18,22,25,28,30,38,42,45,47],"ascension_level":7}