{"gold_per_floor":[112,122,137,152,46,80,80,100,127,145,176,134,158,174,174,270,270,285,314,314,332,332,385,385,415,415,450,450,464,496,54,54,156,156,174,138,149,225,240,266,19,19,42,58,85,85,117,117,117,117,117,117,7,37,37],"floor_reached":55,"playtime":5259,"items_purged":[],"score":862,"play_id":"6104243c-7d51-4d58-ac2d-fca831b85a41","local_time":"20190213223136","is_ascension_mode":true,"campfire_choices":[{"data":"Cloak And Dagger","floor":7,"key":"SMITH"},{"floor":15,"key":"REST"},{"floor":24,"key":"REST"},{"floor":28,"key":"REST"},{"floor":32,"key":"REST"},{"floor":46,"key":"RECALL"},{"data":"Night Terror","floor":49,"key":"SMITH"},{"data":"Doppelganger","floor":52,"key":"SMITH"}],"neow_cost":"NONE","seed_source_timestamp":2575789662195200,"circlet_count":0,"master_deck":["Survivor","Neutralize","Cloak And Dagger+1","Envenom","Footwork","Quick Slash","Backflip","Dash","Accuracy","Quick Slash","Dagger Throw","Backflip","Prepared","Dodge and Roll","Night Terror+1","Caltrops","Acrobatics","Riddle With Holes+1","Caltrops","Acrobatics","Malaise","Infinite Blades","Predator","Doppelganger+1","Expertise","Sucker Punch","Skewer+1","Setup","Deadly Poison","Crippling Poison","Deflect","Outmaneuver","Distraction","Underhanded Strike+1","Footwork","Well Laid Plans","Acrobatics+1","Leg Sweep","Underhanded Strike+1","Caltrops","Dagger Throw+1","Infinite Blades+1","Tactician","Footwork","Quick Slash+1"],"relics":["HoveringKite","Tingsha","Bronze Scales","War Paint","Odd Mushroom","Sozu","Red Mask","Snake Skull","Potion Belt","PreservedInsect","Anchor","Ninja Scroll","Pocketwatch","Pandora\u0027s Box","Bottled Flame","Darkstone Periapt","Boot","Mango","Whetstone","Vajra"],"potions_floor_usage":[11,16,33,55,55],"damage_taken":[{"damage":0,"enemies":"Cultist","floor":1,"turns":5},{"damage":0,"enemies":"Small Slimes","floor":2,"turns":3},{"damage":1,"enemies":"Jaw Worm","floor":3,"turns":6},{"damage":3,"enemies":"Looter","floor":4,"turns":5},{"damage":21,"enemies":"3 Sentries","floor":6,"turns":10},{"damage":3,"enemies":"Red Slaver","floor":8,"turns":3},{"damage":0,"enemies":"2 Fungi Beasts","floor":10,"turns":3},{"damage":12,"enemies":"Lagavulin","floor":11,"turns":5},{"damage":7,"enemies":"The Mushroom Lair","floor":13,"turns":4},{"damage":8,"enemies":"Lots of Slimes","floor":14,"turns":3},{"damage":18,"enemies":"Hexaghost","floor":16,"turns":8},{"damage":4,"enemies":"Shell Parasite","floor":18,"turns":4},{"damage":15,"enemies":"Masked Bandits","floor":19,"turns":5},{"damage":1,"enemies":"Spheric Guardian","floor":21,"turns":4},{"damage":17,"enemies":"Colosseum Slavers","floor":22,"turns":4},{"damage":12,"enemies":"Book of Stabbing","floor":25,"turns":4},{"damage":2,"enemies":"Gremlin Leader","floor":27,"turns":5},{"damage":0,"enemies":"Snake Plant","floor":29,"turns":3},{"damage":3,"enemies":"Book of Stabbing","floor":30,"turns":3},{"damage":38,"enemies":"Automaton","floor":33,"turns":9},{"damage":16,"enemies":"3 Darklings","floor":35,"turns":6},{"damage":0,"enemies":"Orb Walker","floor":37,"turns":2},{"damage":24,"enemies":"3 Darklings","floor":39,"turns":5},{"damage":30,"enemies":"Reptomancer","floor":40,"turns":6},{"damage":7,"enemies":"Spire Growth","floor":44,"turns":5},{"damage":4,"enemies":"Giant Head","floor":45,"turns":7},{"damage":10,"enemies":"Reptomancer","floor":47,"turns":5},{"damage":42,"enemies":"Time Eater","floor":50,"turns":11},{"damage":27,"enemies":"Shield and Spear","floor":54,"turns":6},{"damage":74,"enemies":"The Heart","floor":55,"turns":9}],"seed_played":"-325426354899424880","potions_obtained":[{"floor":3,"key":"Poison Potion"},{"floor":4,"key":"SpeedPotion"},{"floor":11,"key":"GamblersBrew"},{"floor":14,"key":"Energy Potion"},{"floor":16,"key":"GhostInAJar"}],"is_trial":false,"path_per_floor":["M","M","M","M","$","E","R","M","T","M","E","?","?","M","R","B",null,"M","?","?","M","?","T","R","E","T","E","R","M","E","$","R","B",null,"M","$","M","T","M","E","$","?","T","M","E","R","E","?","R","B",null,"R","$","E","B"],"character_chosen":"THE_SILENT","items_purchased":["Backflip","Dash","Pocketwatch","Infinite Blades","Predator","Footwork","Underhanded Strike","Boot","Caltrops","Tactician","Footwork"],"campfire_rested":4,"item_purchase_floors":[5,5,31,31,31,36,41,41,41,53,53],"current_hp_per_floor":[70,70,69,66,66,45,45,42,42,42,30,30,23,15,36,18,70,66,51,38,37,20,20,42,30,30,28,50,50,47,47,69,31,75,59,59,59,59,35,5,5,85,85,78,88,88,78,78,78,36,99,99,99,72,0],"gold":37,"neow_bonus":"BOSS_RELIC","is_prod":false,"is_daily":false,"chose_seed":false,"campfire_upgraded":3,"win_rate":0,"timestamp":1550122296,"path_taken":["M","M","?","M","$","E","R","M","T","M","E","?","?","M","R","BOSS","M","?","?","M","?","?","R","E","T","E","R","M","E","$","R","BOSS","M","$","M","?","M","E","$","?","T","?","E","R","E","?","R","BOSS","R","$","E","BOSS"],"build_version":"2019-02-06","purchased_purges":0,"victory":false,"max_hp_per_floor":[70,70,70,70,70,70,70,70,70,70,70,70,70,70,70,70,70,70,70,75,75,75,75,75,75,75,75,75,75,75,75,75,75,75,75,75,75,75,75,75,75,85,85,85,99,99,99,99,99,99,99,99,99,99,99],"card_choices":[{"not_picked":["Masterful Stab","Blade Dance"],"picked":"Cloak And Dagger","floor":1},{"not_picked":["Sucker Punch","Slice"],"picked":"Envenom","floor":2},{"not_picked":["Escape Plan","Prepared"],"picked":"Footwork","floor":3},{"not_picked":["Setup","Escape Plan"],"picked":"Quick Slash","floor":4},{"not_picked":["Dagger Spray","Blade Dance"],"picked":"Accuracy","floor":6},{"not_picked":["Setup","Choke"],"picked":"Quick Slash","floor":8},{"not_picked":["Dodge and Roll","Noxious Fumes"],"picked":"Dagger Throw","floor":10},{"not_picked":["Deflect","Expertise"],"picked":"Backflip","floor":11},{"not_picked":["PiercingWail","Well Laid Plans"],"picked":"Prepared","floor":13},{"not_picked":["Heel Hook","Deflect"],"picked":"Dodge and Roll","floor":14},{"not_picked":["Adrenaline","Grand Finale"],"picked":"Night Terror","floor":16},{"not_picked":["Backflip","Distraction"],"picked":"Caltrops","floor":18},{"not_picked":["Backflip","Prepared"],"picked":"Acrobatics","floor":19},{"not_picked":["Sucker Punch","Flying Knee+1"],"picked":"Riddle With Holes+1","floor":21},{"not_picked":["Well Laid Plans","Blade Dance"],"picked":"Caltrops","floor":25},{"not_picked":["Endless Agony+1","Accuracy"],"picked":"Acrobatics","floor":27},{"not_picked":["Prepared","Heel Hook","Backstab"],"picked":"SKIP","floor":29},{"not_picked":["Cloak And Dagger","Backflip"],"picked":"Malaise","floor":30},{"not_picked":["Die Die Die","Storm of Steel"],"picked":"Doppelganger","floor":33},{"not_picked":["Accuracy","Masterful Stab"],"picked":"Underhanded Strike","floor":35},{"not_picked":["Backstab+1","Blade Dance"],"picked":"Well Laid Plans","floor":37},{"not_picked":["Flying Knee+1","Sucker Punch+1"],"picked":"Acrobatics+1","floor":39},{"not_picked":["Heel Hook+1","Caltrops"],"picked":"Leg Sweep","floor":40},{"not_picked":["Blade Dance+1","Acrobatics"],"picked":"Dagger Throw+1","floor":44},{"not_picked":["Dagger Spray","Backstab+1"],"picked":"Infinite Blades+1","floor":45},{"not_picked":["Endless Agony","Heel Hook+1","Storm of Steel"],"picked":"SKIP","floor":47},{"not_picked":["Blade Dance","Slice+1"],"picked":"Quick Slash+1","floor":54}],"player_experience":503965,"relics_obtained":[{"floor":6,"key":"Tingsha"},{"floor":9,"key":"Bronze Scales"},{"floor":11,"key":"War Paint"},{"floor":13,"key":"Odd Mushroom"},{"floor":19,"key":"Red Mask"},{"floor":23,"key":"Snake Skull"},{"floor":25,"key":"Potion Belt"},{"floor":26,"key":"PreservedInsect"},{"floor":27,"key":"Anchor"},{"floor":30,"key":"Ninja Scroll"},{"floor":38,"key":"Bottled Flame"},{"floor":40,"key":"Darkstone Periapt"},{"floor":45,"key":"Mango"},{"floor":47,"key":"Whetstone"},{"floor":54,"key":"Vajra"}],"event_choices":[{"damage_healed":0,"gold_gain":0,"player_choice":"Left Gold","damage_taken":0,"max_hp_gain":0,"max_hp_loss":0,"event_name":"World of Goop","floor":12,"gold_loss":42},{"damage_healed":0,"gold_gain":0,"player_choice":"Fought Mushrooms","damage_taken":0,"max_hp_gain":0,"max_hp_loss":0,"event_name":"Mushrooms","floor":13,"gold_loss":0},{"damage_healed":0,"gold_gain":0,"player_choice":"Fought Bandits","damage_taken":0,"max_hp_gain":0,"max_hp_loss":0,"event_name":"Masked Bandits","floor":19,"gold_loss":0},{"damage_healed":0,"gold_gain":0,"player_choice":"Shed Blood","damage_taken":18,"max_hp_gain":5,"max_hp_loss":0,"event_name":"Forgotten Altar","floor":20,"gold_loss":0},{"damage_healed":0,"gold_gain":0,"player_choice":"Fight","damage_taken":0,"max_hp_gain":0,"max_hp_loss":0,"event_name":"Colosseum","floor":22,"gold_loss":0},{"damage_healed":0,"gold_gain":0,"player_choice":"Fled From Nobs","damage_taken":0,"max_hp_gain":0,"max_hp_loss":0,"event_name":"Colosseum","floor":22,"gold_loss":0},{"cards_removed":["Doppelganger"],"damage_healed":70,"gold_gain":0,"player_choice":"Offered Rare","damage_taken":0,"max_hp_gain":10,"max_hp_loss":0,"event_name":"Bonfire Elementals","floor":42,"gold_loss":0},{"damage_healed":0,"gold_gain":0,"player_choice":"Forge","damage_taken":0,"max_hp_gain":0,"max_hp_loss":0,"event_name":"Accursed Blacksmith","floor":48,"gold_loss":0,"cards_upgraded":["Underhanded Strike"]}],"is_beta":true,"boss_relics":[{"not_picked":["Coffee Dripper","Empty Cage"],"picked":"Sozu"},{"not_picked":["WristBlade","Orrery"],"picked":"Pandora\u0027s Box"}],"items_purged_floors":[],"is_endless":false,"potions_floor_spawned":[3,4,11,14,16,18,19,30,33,37,44,47,54],"killed_by":"The Heart","ascension_level":1}