{"gold_per_floor":[112,62,75,150,170,170,170,184,234,263,342,368,368,368,368,368],"floor_reached":16,"playtime":505,"items_purged":[],"score":146,"play_id":"b766363e-4387-4cab-aeb5-d43a4b900011","local_time":"20190331025934","is_ascension_mode":true,"campfire_choices":[{"data":"True Grit","floor":6,"key":"SMITH"},{"data":"True Grit","floor":13,"key":"SMITH"},{"floor":15,"key":"REST"}],"neow_cost":"NONE","seed_source_timestamp":41554793559222,"circlet_count":0,"master_deck":["Strike_R","Strike_R","Strike_R","Strike_R","Defend_R","Defend_R","Defend_R","Defend_R","Bash","True Grit+1","Disarm","Battle Trance","Shockwave","Uppercut","True Grit+1"],"relics":["Burning Blood","Lantern","PreservedInsect","Potion Belt"],"potions_floor_usage":[10,12],"damage_taken":[{"damage":4,"enemies":"Small Slimes","floor":1,"turns":4},{"damage":9,"enemies":"2 Louse","floor":3,"turns":3},{"damage":1,"enemies":"Cultist","floor":5,"turns":4},{"damage":7,"enemies":"Red Slaver","floor":8,"turns":7},{"damage":26,"enemies":"Lagavulin","floor":10,"turns":10},{"damage":33,"enemies":"Gremlin Nob","floor":12,"turns":5},{"damage":55,"enemies":"Slime Boss","floor":16,"turns":9}],"seed_played":"3185240626582594429","potions_obtained":[{"floor":1,"key":"Ancient Potion"},{"floor":8,"key":"SpeedPotion"},{"floor":12,"key":"Energy Potion"}],"is_trial":false,"path_per_floor":["M","?","M","?","M","R","?","M","T","E","?","E","R","?","R","B"],"character_chosen":"IRONCLAD","items_purchased":[],"campfire_rested":1,"item_purchase_floors":[],"current_hp_per_floor":[74,74,71,60,65,65,70,69,69,49,49,22,22,22,47,0],"gold":368,"neow_bonus":"THREE_CARDS","is_prod":false,"is_daily":false,"chose_seed":false,"campfire_upgraded":2,"win_rate":0,"timestamp":1554011974,"path_taken":["M","?","M","?","M","R","?","M","T","E","?","E","R","?","R","BOSS"],"build_version":"2019-01-23","purchased_purges":0,"victory":false,"max_hp_per_floor":[80,80,80,80,80,80,85,85,85,85,85,85,85,85,85,85],"card_choices":[{"not_picked":["Power Through","Twin Strike"],"picked":"True Grit","floor":1},{"not_picked":["Body Slam","Pommel Strike"],"picked":"Disarm","floor":3},{"not_picked":["Entrench","Evolve"],"picked":"Battle Trance","floor":5},{"not_picked":["Pommel Strike","Second Wind"],"picked":"Shockwave","floor":8},{"not_picked":["Carnage","Feed"],"picked":"Uppercut","floor":10},{"not_picked":["Combust","Clash"],"picked":"True Grit","floor":12}],"player_experience":436552,"relics_obtained":[{"floor":9,"key":"Lantern"},{"floor":10,"key":"PreservedInsect"},{"floor":12,"key":"Potion Belt"}],"event_choices":[{"cards_removed":["Strike_R"],"damage_healed":0,"gold_gain":0,"player_choice":"Card Removal","damage_taken":0,"max_hp_gain":0,"max_hp_loss":0,"event_name":"The Cleric","floor":2,"gold_loss":50},{"damage_healed":0,"gold_gain":75,"player_choice":"Gather Gold","damage_taken":11,"max_hp_gain":0,"max_hp_loss":0,"event_name":"World of Goop","floor":4,"gold_loss":0},{"damage_healed":0,"gold_gain":0,"player_choice":"Donut","damage_taken":0,"max_hp_gain":5,"max_hp_loss":0,"event_name":"Big Fish","floor":7,"gold_loss":0},{"damage_healed":0,"gold_gain":79,"player_choice":"Gained Gold","damage_taken":0,"max_hp_gain":0,"max_hp_loss":0,"event_name":"Golden Wing","floor":11,"gold_loss":0},{"damage_healed":0,"gold_gain":0,"player_choice":"Ignored","damage_taken":0,"max_hp_gain":0,"max_hp_loss":0,"event_name":"Shining Light","floor":14,"gold_loss":0}],"is_beta":false,"boss_relics":[],"items_purged_floors":[],"is_endless":false,"potions_floor_spawned":[1,8,12],"killed_by":"Slime Boss","ascension_level":7}