{"gold_per_floor":[116,41,56,75,93,93,93,127,127,166,196,196],"floor_reached":12,"playtime":1118,"items_purged":["Strike_R"],"score":110,"play_id":"2c49dfe1-3b0c-43d2-a0d3-19fac03d208a","local_time":"20190423210451","is_ascension_mode":true,"campfire_choices":[{"data":"Bash","floor":6,"key":"SMITH"}],"neow_cost":"NONE","seed_source_timestamp":14223286326700,"circlet_count":0,"master_deck":["Strike_R","Strike_R","Strike_R","Defend_R","Defend_R","Defend_R","Defend_R","Bash+1","Battle Trance","Carnage","Clothesline","Offering+1"],"relics":["Burning Blood","Golden Idol","Peace Pipe","Matryoshka","Toxic Egg 2"],"potions_floor_usage":[10,12],"damage_taken":[{"damage":10,"enemies":"Cultist","floor":1,"turns":5},{"damage":5,"enemies":"2 Louse","floor":3,"turns":3},{"damage":3,"enemies":"Small Slimes","floor":4,"turns":4},{"damage":11,"enemies":"2 Fungi Beasts","floor":5,"turns":5},{"damage":18,"enemies":"Gremlin Nob","floor":8,"turns":3},{"damage":39,"enemies":"Lagavulin","floor":10,"turns":7},{"damage":0,"enemies":"3 Sentries","floor":12,"turns":2}],"seed_played":"1128850392226121457","potions_obtained":[{"floor":1,"key":"SkillPotion"},{"floor":3,"key":"Ancient Potion"},{"floor":8,"key":"GamblersBrew"}],"is_trial":false,"path_per_floor":["M","$","M","M","M","R","?","E","T","E","?","E"],"character_chosen":"IRONCLAD","items_purchased":[],"campfire_rested":0,"item_purchase_floors":[],"current_hp_per_floor":[76,76,77,80,75,75,55,43,43,10,10,10],"gold":196,"neow_bonus":"REMOVE_CARD","is_prod":false,"is_daily":false,"chose_seed":false,"campfire_upgraded":1,"win_rate":0,"timestamp":1556067891,"path_taken":["M","?","?","?","M","R","?","E","T","E","?","E"],"build_version":"2019-01-23","purchased_purges":1,"victory":false,"max_hp_per_floor":[80,80,80,80,80,80,80,80,80,80,80,80],"card_choices":[{"not_picked":["Sentinel","Flex","Thunderclap"],"picked":"SKIP","floor":1},{"not_picked":["Clash","Flex"],"picked":"Battle Trance","floor":3},{"not_picked":["Iron Wave","Flex","Havoc"],"picked":"SKIP","floor":4},{"not_picked":["Iron Wave","Battle Trance"],"picked":"Carnage","floor":5},{"not_picked":["Warcry","Power Through"],"picked":"Clothesline","floor":8},{"not_picked":["Wild Strike","Pommel Strike"],"picked":"Offering","floor":10}],"player_experience":157501,"relics_obtained":[{"floor":8,"key":"Peace Pipe"},{"floor":9,"key":"Matryoshka"},{"floor":10,"key":"Toxic Egg 2"}],"event_choices":[{"damage_healed":0,"gold_gain":0,"player_choice":"Take Damage","damage_taken":20,"relics_obtained":["Golden Idol"],"max_hp_gain":0,"max_hp_loss":0,"event_name":"Golden Idol","floor":7,"gold_loss":0},{"damage_healed":0,"gold_gain":30,"player_choice":"Searched \u00271\u0027 times","damage_taken":0,"max_hp_gain":0,"max_hp_loss":0,"event_name":"Dead Adventurer","floor":11,"gold_loss":0}],"is_beta":false,"boss_relics":[],"items_purged_floors":[2],"is_endless":false,"potions_floor_spawned":[1,3,8],"killed_by":"3 Sentries","ascension_level":5}