{"gold_per_floor":[359,434,434,451,74,74,91,123,150,181,196,196,103,113,113,113],"floor_reached":16,"playtime":1805,"items_purged":[],"score":143,"play_id":"1fca1234-15ca-4216-9c82-002136fa6086","local_time":"20190425091333","is_ascension_mode":true,"campfire_choices":[{"data":"Inflame","floor":6,"key":"SMITH"},{"floor":12,"key":"REST"},{"data":"Clothesline","floor":15,"key":"SMITH"}],"neow_cost":"PERCENT_DAMAGE","seed_source_timestamp":143657243186200,"circlet_count":0,"master_deck":["Strike_R","Strike_R","Strike_R","Strike_R","Strike_R","Defend_R","Defend_R","Defend_R","Defend_R+1","Bash","Flame Barrier","Clothesline+1","Inflame+1","Shrug It Off","Reaper","Spot Weakness+1","Ghostly Armor"],"relics":["Burning Blood","Dead Branch","Boot","Strawberry","Art of War","War Paint"],"potions_floor_usage":[10,11,11,11],"damage_taken":[{"damage":4,"enemies":"Cultist","floor":1,"turns":5},{"damage":7,"enemies":"Small Slimes","floor":4,"turns":4},{"damage":4,"enemies":"2 Louse","floor":7,"turns":3},{"damage":23,"enemies":"3 Sentries","floor":8,"turns":6},{"damage":23,"enemies":"Lagavulin","floor":10,"turns":12},{"damage":18,"enemies":"Lots of Slimes","floor":11,"turns":5},{"damage":2,"enemies":"Red Slaver","floor":14,"turns":4},{"damage":70,"enemies":"Slime Boss","floor":16,"turns":10}],"seed_played":"-3369175708913369446","potions_obtained":[{"floor":1,"key":"BloodPotion"},{"floor":4,"key":"EntropicBrew"},{"floor":8,"key":"Weak Potion"},{"floor":14,"key":"GamblersBrew"}],"is_trial":false,"path_per_floor":["M","?","?","M","$","R","M","E","T","E","M","R","?","M","R","B"],"character_chosen":"IRONCLAD","items_purchased":["Dead Branch","Inflame"],"campfire_rested":1,"item_purchase_floors":[5,5],"current_hp_per_floor":[53,42,47,46,46,46,48,31,38,21,18,45,45,49,49,0],"gold":113,"neow_bonus":"TWO_FIFTY_GOLD","is_prod":false,"is_daily":false,"chose_seed":false,"campfire_upgraded":2,"win_rate":0,"timestamp":1556198013,"path_taken":["M","?","?","M","$","R","M","E","T","E","M","R","?","?","R","BOSS"],"build_version":"2019-01-23","purchased_purges":0,"victory":false,"max_hp_per_floor":[80,80,85,85,85,85,85,85,92,92,92,92,92,92,92,92],"card_choices":[{"not_picked":["Havoc","Clash"],"picked":"Flame Barrier","floor":1},{"not_picked":["Fire Breathing","True Grit"],"picked":"Clothesline","floor":4},{"not_picked":["Perfected Strike","Hemokinesis","Wild Strike"],"picked":"SKIP","floor":7},{"not_picked":["Seeing Red","Perfected Strike"],"picked":"Shrug It Off","floor":8},{"not_picked":["Infernal Blade","Rupture"],"picked":"Reaper","floor":10},{"not_picked":["Whirlwind","Clash"],"picked":"Spot Weakness","floor":11},{"not_picked":["Clothesline","Wild Strike"],"picked":"Ghostly Armor","floor":14}],"player_experience":177576,"relics_obtained":[{"floor":8,"key":"Boot"},{"floor":9,"key":"Strawberry"},{"floor":10,"key":"Art of War"}],"event_choices":[{"damage_healed":0,"gold_gain":75,"player_choice":"Gather Gold","damage_taken":11,"max_hp_gain":0,"max_hp_loss":0,"event_name":"World of Goop","floor":2,"gold_loss":0},{"damage_healed":0,"gold_gain":0,"player_choice":"Donut","damage_taken":0,"max_hp_gain":5,"max_hp_loss":0,"event_name":"Big Fish","floor":3,"gold_loss":0},{"damage_healed":0,"gold_gain":0,"player_choice":"Paid Gold","damage_taken":0,"relics_obtained":["War Paint"],"max_hp_gain":0,"max_hp_loss":0,"event_name":"WeMeetAgain","floor":13,"gold_loss":93}],"is_beta":false,"boss_relics":[],"items_purged_floors":[],"is_endless":false,"potions_floor_spawned":[1,4,8,14],"killed_by":"Slime Boss","ascension_level":6}