{"gold_per_floor":[115,115,115,129,204,238,238,4,4,4,20,20,55,76,76,202,202,216,216,234,359,382,420,32,32,108,108,133,133,133,12,12,140,140,158,182,200,200,218,218,16,0,27,27,360,373,373,383,383,383],"floor_reached":51,"playtime":4130,"items_purged":["Strike_B"],"score":848,"play_id":"7977b1da-239f-4edb-8af8-351b1ab5ab84","local_time":"20181017100316","is_ascension_mode":false,"campfire_choices":[{"floor":7,"key":"REST"},{"floor":10,"key":"REST"},{"floor":15,"key":"REST"},{"floor":25,"key":"REST"},{"floor":30,"key":"REST"},{"data":"Double Energy","floor":32,"key":"SMITH"},{"floor":40,"key":"REST"},{"floor":44,"key":"REST"},{"floor":49,"key":"REST"}],"neow_cost":"NONE","seed_source_timestamp":235767409597288,"circlet_count":0,"master_deck":["Zap","Go for the Eyes","Iron Wave","Glacier","Sweeping Beam","Double Energy","Beam Cell","Finesse","Compile Driver","Ball Lightning","Cold Snap","Conserve Battery","Ball Lightning","Seek","Streamline","Leap","Steam Power","Cold Snap","Beam Cell","Stack","Rebound","Turbo+1","Capacitor","Double Energy+1","Conserve Battery","Cold Snap","Rainbow","Flash of Steel","Reboot","Bite","Bite","Bite","Bite","Bite","Redo+1","Hologram+1","Machine Learning","Barrage+1","Defragment","Cold Snap+1","Ball Lightning+1","Steam+1","Doom and Gloom+1","Hologram+1","Go for the Eyes+1","Trip","Dramatic Entrance","Secret Technique","Fusion+1","Redo+1","Capacitor","Secret Weapon","Echo Form","Reboot","Barrage+1","Cold Snap+1"],"relics":["Cracked Core","Dream Catcher","The Courier","Sundial","Pandora\u0027s Box","Du-Vu Doll","Symbiotic Virus","Singing Bowl","Incense Burner","Dodecahedron","Pear","Vajra","Orrery","Red Mask","Pen Nib"],"potions_floor_usage":[6,16,21,23,50],"damage_taken":[{"damage":0,"enemies":"Small Slimes","floor":1,"turns":2},{"damage":0,"enemies":"Cultist","floor":4,"turns":3},{"damage":3,"enemies":"Lagavulin","floor":6,"turns":5},{"damage":1,"enemies":"Jaw Worm","floor":11,"turns":3},{"damage":16,"enemies":"3 Sentries","floor":13,"turns":7},{"damage":0,"enemies":"Exordium Wildlife","floor":14,"turns":4},{"damage":0,"enemies":"Slime Boss","floor":16,"turns":7},{"damage":3,"enemies":"Chosen","floor":18,"turns":4},{"damage":1,"enemies":"3 Byrds","floor":20,"turns":4},{"damage":5,"enemies":"Colosseum Slavers","floor":21,"turns":4},{"damage":25,"enemies":"Colosseum Nobs","floor":21,"turns":6},{"damage":2,"enemies":"3 Cultists","floor":22,"turns":4},{"damage":17,"enemies":"Gremlin Leader","floor":23,"turns":6},{"damage":0,"enemies":"Shelled Parasite and Fungi","floor":28,"turns":4},{"damage":29,"enemies":"Collector","floor":33,"turns":13},{"damage":2,"enemies":"3 Shapes","floor":35,"turns":5},{"damage":5,"enemies":"Orb Walker","floor":36,"turns":3},{"damage":47,"enemies":"Jaw Worm Horde","floor":37,"turns":4},{"damage":21,"enemies":"Sphere and 2 Shapes","floor":39,"turns":4},{"damage":15,"enemies":"Maw","floor":46,"turns":8},{"damage":3,"enemies":"Jaw Worm Horde","floor":48,"turns":3},{"damage":38,"enemies":"Awakened One","floor":50,"turns":12}],"seed_played":"8433979109552218474","potions_obtained":[{"floor":1,"key":"AttackPotion"},{"floor":11,"key":"SmokeBomb"},{"floor":13,"key":"SteroidPotion"},{"floor":18,"key":"Block Potion"},{"floor":21,"key":"Strength Potion"},{"floor":35,"key":"Dexterity Potion"}],"is_trial":false,"path_per_floor":["M","?","?","M","?","E","R","$","T","R","M","?","E","M","R","B",null,"M","?","M","?","M","E","$","R","T","?","M","T","R","$","R","B",null,"M","M","M","?","M","R","$","?","T","R","?","M","?","M","R","B"],"character_chosen":"DEFECT","items_purchased":["Beam Cell","Finesse","Compile Driver","Incense Burner","Rainbow","Flash of Steel","Vajra","Capacitor","Secret Weapon"],"campfire_rested":8,"item_purchase_floors":[8,8,8,24,24,24,31,41,41],"current_hp_per_floor":[75,75,80,80,69,66,80,80,80,80,79,79,64,66,80,80,80,77,77,78,52,52,37,37,61,61,61,67,77,90,90,90,77,90,88,87,48,38,21,48,48,48,48,77,77,70,70,71,92,58],"gold":383,"neow_bonus":"RANDOM_COMMON_RELIC","is_prod":false,"is_daily":false,"chose_seed":false,"campfire_upgraded":1,"win_rate":0,"timestamp":1539795796,"path_taken":["M","?","?","?","?","E","R","?","T","R","M","?","E","M","R","BOSS","M","?","M","?","M","E","$","R","T","?","M","?","R","$","R","BOSS","M","M","M","?","M","R","$","?","T","R","?","?","?","M","R","BOSS"],"build_version":"2018-10-16","purchased_purges":1,"victory":true,"max_hp_per_floor":[75,75,80,80,80,80,80,80,80,80,80,80,80,80,80,80,80,80,80,80,80,80,80,80,80,80,80,80,90,90,90,90,90,90,90,90,90,90,90,90,90,90,90,92,92,92,92,92,92,92],"card_choices":[{"not_picked":["Loop","Leap"],"picked":"Go for the Eyes","floor":1},{"not_picked":["Leap","Recycle"],"picked":"Glacier","floor":4},{"not_picked":["Recycle","Melter"],"picked":"Sweeping Beam","floor":6},{"not_picked":["Aggregate","Sweeping Beam"],"picked":"Double Energy","floor":7},{"not_picked":["Compile Driver","Gash"],"picked":"Ball Lightning","floor":11},{"not_picked":["Darkness","Rebound"],"picked":"Cold Snap","floor":13},{"not_picked":["Streamline","Hyperbeam"],"picked":"Conserve Battery","floor":14},{"not_picked":["White Noise","Steam"],"picked":"Ball Lightning","floor":15},{"not_picked":["Meteor Strike","Multi-Cast"],"picked":"Seek","floor":16},{"not_picked":["Beam Cell","Doom and Gloom"],"picked":"Turbo+1","floor":18},{"not_picked":["Doom and Gloom","Coolheaded"],"picked":"Capacitor","floor":20},{"not_picked":["Streamline","Gash"],"picked":"Double Energy","floor":21},{"not_picked":["Stack","Undo"],"picked":"Conserve Battery","floor":22},{"not_picked":["Gash+1","Rebound"],"picked":"Cold Snap","floor":23},{"not_picked":["Rebound","Compile Driver+1"],"picked":"Reboot","floor":25},{"not_picked":["Stack","Streamline+1"],"picked":"Redo+1","floor":28},{"not_picked":["Turbo","Redo+1"],"picked":"Hologram+1","floor":30},{"not_picked":["Rainbow","Reboot"],"picked":"Machine Learning","floor":33},{"not_picked":["Lockon","Turbo+1"],"picked":"Barrage+1","floor":34},{"not_picked":["Leap","Auto Shields+1"],"picked":"Defragment","floor":34},{"not_picked":["Leap","Rebound"],"picked":"Cold Snap+1","floor":34},{"not_picked":["Double Energy","Redo"],"picked":"Ball Lightning+1","floor":34},{"not_picked":["Coolheaded","Leap"],"picked":"Steam+1","floor":34},{"not_picked":["Redo","Cold Snap+1"],"picked":"Doom and Gloom+1","floor":35},{"not_picked":["Conserve Battery+1","Gash+1"],"picked":"Hologram+1","floor":36},{"not_picked":["Melter","FTL"],"picked":"Go for the Eyes+1","floor":37},{"not_picked":["Mayhem","Purity"],"picked":"Trip","floor":38},{"not_picked":["Swift Strike","Magnetism"],"picked":"Dramatic Entrance","floor":38},{"not_picked":["Flash of Steel","Secret Weapon"],"picked":"Secret Technique","floor":38},{"not_picked":["Streamline","Gash+1"],"picked":"Fusion+1","floor":39},{"not_picked":["Streamline+1","Cold Snap+1"],"picked":"Redo+1","floor":40},{"not_picked":["Gash","Rebound","Undo"],"picked":"Singing Bowl","floor":44},{"not_picked":["Stack+1","Scrape+1"],"picked":"Echo Form","floor":46},{"not_picked":["Hologram+1","Steam Power"],"picked":"Barrage+1","floor":48},{"not_picked":["Recycle","Rebound"],"picked":"Cold Snap+1","floor":49}],"player_experience":224286,"relics_obtained":[{"floor":6,"key":"Blood Vial"},{"floor":9,"key":"The Courier"},{"floor":13,"key":"Sundial"},{"floor":21,"key":"Du-Vu Doll"},{"floor":21,"key":"Symbiotic Virus"},{"floor":23,"key":"Singing Bowl"},{"floor":26,"key":"Dodecahedron"},{"floor":29,"key":"Pear"},{"floor":43,"key":"Pen Nib"}],"event_choices":[{"cards_removed":["Dualcast"],"damage_healed":0,"gold_gain":0,"player_choice":"Took Card","damage_taken":0,"max_hp_gain":0,"max_hp_loss":0,"event_name":"NoteForYourself","floor":2,"gold_loss":0,"cards_obtained":["Iron Wave"]},{"damage_healed":0,"gold_gain":0,"player_choice":"Donut","damage_taken":0,"max_hp_gain":5,"max_hp_loss":0,"event_name":"Big Fish","floor":3,"gold_loss":0},{"damage_healed":0,"gold_gain":75,"player_choice":"Gather Gold","damage_taken":11,"max_hp_gain":0,"max_hp_loss":0,"event_name":"World of Goop","floor":5,"gold_loss":0},{"damage_healed":0,"gold_gain":0,"player_choice":"Take Wound","damage_taken":0,"relics_obtained":["Golden Idol"],"max_hp_gain":0,"max_hp_loss":0,"event_name":"Golden Idol","floor":12,"gold_loss":0,"cards_obtained":["Injury"]},{"cards_removed":["Injury"],"damage_healed":0,"gold_gain":0,"player_choice":"Removed Curses","damage_taken":0,"max_hp_gain":0,"max_hp_loss":0,"event_name":"Fountain of Cleansing","floor":19,"gold_loss":0},{"damage_healed":0,"gold_gain":0,"player_choice":"Fight","damage_taken":0,"max_hp_gain":0,"max_hp_loss":0,"event_name":"Colosseum","floor":21,"gold_loss":0},{"damage_healed":0,"gold_gain":0,"player_choice":"Fought Nobs","damage_taken":0,"max_hp_gain":0,"max_hp_loss":0,"event_name":"Colosseum","floor":21,"gold_loss":0},{"damage_healed":0,"gold_gain":0,"player_choice":"Became a vampire (Vial)","damage_taken":0,"max_hp_gain":0,"max_hp_loss":0,"event_name":"Vampires","floor":27,"relics_lost":["Blood Vial"],"gold_loss":0,"cards_obtained":["Bite","Bite","Bite","Bite","Bite"]},{"damage_healed":0,"gold_gain":0,"player_choice":"Memory 3","damage_taken":10,"max_hp_gain":0,"max_hp_loss":0,"event_name":"SensoryStone","floor":38,"gold_loss":0},{"damage_healed":0,"gold_gain":0,"player_choice":"Paid","damage_taken":0,"relics_obtained":["Red Mask"],"max_hp_gain":0,"max_hp_loss":0,"event_name":"Tomb of Lord Red Mask","floor":42,"gold_loss":16},{"damage_healed":0,"gold_gain":333,"player_choice":"Gave Idol","damage_taken":0,"max_hp_gain":0,"max_hp_loss":0,"event_name":"The Moai Head","floor":45,"relics_lost":["Golden Idol"],"gold_loss":0},{"damage_healed":0,"gold_gain":0,"player_choice":"Copied","damage_taken":0,"max_hp_gain":0,"max_hp_loss":0,"event_name":"Duplicator","floor":47,"gold_loss":0,"cards_obtained":["Reboot"]}],"is_beta":true,"boss_relics":[{"not_picked":["Black Star","Busted Crown"],"picked":"Pandora\u0027s Box"},{"not_picked":["Velvet Choker","Tiny House"],"picked":"Orrery"}],"items_purged_floors":[8],"is_endless":false,"potions_floor_spawned":[1,11,13,18,21,35,46],"ascension_level":0}