{"gold_per_floor":[112,123,123,11,11,11,11,24,24,39,58,58,83,108,108,227,227,248,80,80,179,119,119,158,183,183,183,58,58,79,117,117,236,236,257,272,272,48,148,148,191,191,191,232,256,280,298,333,333,333],"floor_reached":51,"playtime":5900,"items_purged":["Defend_B","Defend_B","Strike_B"],"score":948,"play_id":"4ed66cbf-da85-4b73-a40a-b8908844e640","local_time":"20180717201208","is_ascension_mode":true,"campfire_choices":[{"data":"Dualcast","floor":6.0,"key":"SMITH"},{"floor":12.0,"key":"REST"},{"floor":15.0,"key":"REST"},{"data":"Zap","floor":23.0,"key":"SMITH"},{"floor":32,"key":"REST"},{"data":"Consume","floor":40,"key":"SMITH"},{"data":"Force Field","floor":42,"key":"SMITH"},{"data":"Defend_B","floor":49,"key":"PURGE"}],"neow_cost":"NONE","seed_source_timestamp":0,"circlet_count":0,"master_deck":["Strike_B","Strike_B","Defend_B","Zap+1","Dualcast+1","Force Field+1","Barrage","Coolheaded","Consume+1","Static Discharge+1","Chill+1","Heatsinks+1","Capacitor+1","Glacier+1","Fission+1","Heatsinks+1","Loop+1","Chill+1","Electrodynamics+1","Blizzard+1","Turbo+1","BootSequence+1","Machine Learning+1","Self Repair+1","Storm+1","Loop+1","Echo Form+1"],"special_seed":0,"relics":["FrozenCore","Golden Idol","Frozen Egg 2","Toxic Egg 2","Sozu","Orichalcum","Dodecahedron","Enchiridion","Molten Egg 2","Calipers","Art of War","Centennial Puzzle","Singing Bowl","Symbiotic Virus","Peace Pipe"],"potions_floor_usage":[],"damage_taken":[{"damage":2.0,"enemies":"Jaw Worm","floor":1.0,"turns":4.0},{"damage":7.0,"enemies":"Small Slimes","floor":2.0,"turns":4.0},{"damage":0.0,"enemies":"Cultist","floor":8.0,"turns":3.0},{"damage":5.0,"enemies":"Looter","floor":10.0,"turns":3.0},{"damage":8.0,"enemies":"Large Slime","floor":11.0,"turns":4.0},{"damage":18.0,"enemies":"Gremlin Gang","floor":13.0,"turns":5.0},{"damage":9.0,"enemies":"Blue Slaver","floor":14.0,"turns":4.0},{"damage":15.0,"enemies":"Slime Boss","floor":16.0,"turns":14.0},{"damage":7.0,"enemies":"Chosen","floor":18.0,"turns":6.0},{"damage":4.0,"enemies":"2 Thieves","floor":22.0,"turns":4.0},{"damage":28.0,"enemies":"Gremlin Leader","floor":24.0,"turns":10.0},{"damage":14.0,"enemies":"Snake Plant","floor":25.0,"turns":3.0},{"damage":0,"enemies":"Centurion and Healer","floor":30,"turns":4},{"damage":0,"enemies":"Slavers","floor":31,"turns":2},{"damage":5,"enemies":"Champ","floor":33,"turns":15},{"damage":0,"enemies":"Orb Walker","floor":35,"turns":6},{"damage":0,"enemies":"3 Shapes","floor":36,"turns":3},{"damage":0,"floor":37,"turns":5},{"damage":8,"enemies":"2 Orb Walkers","floor":41,"turns":3},{"damage":28,"enemies":"Nemesis","floor":44,"turns":6},{"damage":0,"enemies":"Maw","floor":45,"turns":6},{"damage":0,"enemies":"3 Darklings","floor":46,"turns":3},{"damage":0,"enemies":"Flame Bruiser 2 Orb","floor":47,"turns":3},{"damage":0,"enemies":"Giant Head","floor":48,"turns":9},{"damage":4,"enemies":"Donu and Deca","floor":50,"turns":5}],"seed_played":"836489348525251325","potions_obtained":[{"floor":8.0,"key":"LiquidBronze"},{"floor":10.0,"key":"Regen Potion"},{"floor":14.0,"key":"AttackPotion"}],"is_trial":false,"path_per_floor":["M","M","?","$","?","R","?","M","T","M","M","R","M","M","R","B",null,"M","$","?","?","M","R","E","M","T","?","$","$","M","E","R","B",null,"M","M","?","$","?","R","E","R","T","E","M","M","M","E","R","B"],"character_chosen":"DEFECT","items_purchased":["Consume","Loop+1","Storm+1","Art of War"],"campfire_rested":3,"item_purchase_floors":[4,19,38,38],"current_hp_per_floor":[73,66,48,48,45,45,45,45,45,40,32,54,45,36,58,43,75,68,68,68,68,64,64,36,22,22,6,6,6,6,6,28,23,75,75,75,75,75,75,75,75,75,75,64,77,79,81,83,83,83],"gold":333,"neow_bonus":"TRANSFORM_CARD","is_prod":false,"is_daily":false,"chose_seed":false,"campfire_upgraded":4,"win_rate":0,"timestamp":1531883528,"path_taken":["M","M","?","$","?","R","?","M","T","M","M","R","M","M","R","BOSS","M","$","?","?","M","R","E","M","T","?","?","?","?","E","R","BOSS","M","M","?","$","?","R","E","R","T","E","M","M","?","E","R","BOSS"],"build_version":"2018-07-12","purchased_purges":3,"victory":true,"max_hp_per_floor":[75,75,75,75,75,75,75,75,75,75,75,75,75,75,75,75,75,75,75,75,75,75,75,75,75,75,75,75,75,75,75,75,75,75,75,75,75,75,75,75,75,75,75,75,77,79,81,83,83,83],"card_choices":[{"not_picked":["Go for the Eyes","Streamline"],"picked":"Barrage","floor":1.0},{"not_picked":["Ball Lightning","Rip and Tear"],"picked":"Coolheaded","floor":2.0},{"not_picked":["Leap","Conserve Battery"],"picked":"Static Discharge+1","floor":8.0},{"not_picked":["Sweeping Beam","Ball Lightning"],"picked":"Chill+1","floor":10.0},{"not_picked":["Turbo+1","Static Discharge+1"],"picked":"Heatsinks+1","floor":11.0},{"not_picked":["Hologram+1","Genetic Algorithm+1"],"picked":"Capacitor+1","floor":13.0},{"not_picked":["BootSequence+1","Stack+1"],"picked":"Glacier+1","floor":14.0},{"not_picked":["Reboot+1","Thunder Strike"],"picked":"Fission+1","floor":16.0},{"not_picked":["Genetic Algorithm+1","Redo+1"],"picked":"Heatsinks+1","floor":18.0},{"not_picked":["Rebound","Turbo+1"],"picked":"Chill+1","floor":22.0},{"not_picked":["Aggregate+1","Chaos+1"],"picked":"Electrodynamics+1","floor":24.0},{"not_picked":["Undo+1","Reinforced Body+1"],"picked":"Blizzard+1","floor":25.0},{"not_picked":["Beam Cell+1","Genetic Algorithm+1"],"picked":"Turbo+1","floor":30},{"not_picked":["Blizzard","Gash+1"],"picked":"BootSequence+1","floor":31},{"not_picked":["Fission+1","All For One+1"],"picked":"Machine Learning+1","floor":33},{"not_picked":["Go for the Eyes+1","Turbo+1","Cold Snap+1"],"picked":"SKIP","floor":35},{"not_picked":["Leap+1","Aggregate+1","Conserve Battery+1"],"picked":"SKIP","floor":36},{"not_picked":["Storm+1","Streamline+1"],"picked":"Self Repair+1","floor":37},{"not_picked":["Barrage+1","Darkness+1"],"picked":"Loop+1","floor":41},{"not_picked":["Conserve Battery+1","Auto Shields+1"],"picked":"Echo Form+1","floor":44},{"not_picked":["Go for the Eyes+1","Sweeping Beam+1","Redo+1"],"picked":"Singing Bowl","floor":45},{"not_picked":["Stack+1","Cold Snap+1","Hologram+1"],"picked":"Singing Bowl","floor":46},{"not_picked":["Cold Snap+1","Steam+1","Self Repair+1"],"picked":"Singing Bowl","floor":47},{"not_picked":["FTL+1","Buffer+1","Stack+1"],"picked":"Singing Bowl","floor":48}],"player_experience":636688,"relics_obtained":[{"floor":9.0,"key":"Toxic Egg 2"},{"floor":24.0,"key":"Orichalcum"},{"floor":26.0,"key":"Dodecahedron"},{"floor":27.0,"key":"Enchiridion"},{"floor":31,"key":"Molten Egg 2"},{"floor":37,"key":"Calipers"},{"floor":41,"key":"Centennial Puzzle"},{"floor":43,"key":"Singing Bowl"},{"floor":44,"key":"Symbiotic Virus"},{"floor":48,"key":"Peace Pipe"}],"event_choices":[{"event_name":"Golden Idol","player_choice":"Take Damage","floor":3.0,"damage_taken":0.0},{"event_name":"Scrap Ooze","player_choice":"success","floor":5.0,"damage_taken":3.0},{"event_name":"The Cleric","player_choice":"Leave","floor":7.0,"damage_taken":0.0},{"event_name":"Ghosts","player_choice":"Ignored","floor":20.0,"damage_taken":0.0},{"event_name":"Nest","player_choice":"Stole From Cult","floor":21.0,"damage_taken":0.0},{"event_name":"Cursed Tome","player_choice":"Obtained Book","floor":27.0,"damage_taken":0.0},{"event_name":"MindBloom","player_choice":"Fight","floor":37,"damage_taken":0},{"event_name":"Golden Shrine","player_choice":"Pray","floor":39,"damage_taken":0}],"boss_relics":[{"not_picked":["Velvet Choker","Philosopher\u0027s Stone"],"picked":"Sozu"},{"not_picked":["Snecko Eye","Tiny House"],"picked":"FrozenCore"}],"items_purged_floors":[4,19,28],"is_endless":false,"potions_floor_spawned":[8,10,14,24,30,31,36,37,44,48],"ascension_level":4}