{"gold_per_floor":[116,116,76,39,52,81,94,110,135,147,147,147,147,488,488,611,611,636,636,636,248,248,283,283,296,296,311,346,346,346,357,357,460,460,479,526,526,171,171,171,190,216,216,216,227,227,239,239,239,239],"floor_reached":50,"playtime":3712,"items_purged":["Injury","Strike_G"],"score":546,"play_id":"f4bf44c2-b63b-47c7-96bf-f6cc9de52ec2","local_time":"20190121010557","is_ascension_mode":false,"campfire_choices":[{"data":"Neutralize","floor":11,"key":"SMITH"},{"floor":13,"key":"REST"},{"floor":15,"key":"RECALL"},{"data":"Secret Technique","floor":24,"key":"SMITH"},{"data":"Storm of Steel","floor":29,"key":"SMITH"},{"data":"Infinite Blades","floor":32,"key":"SMITH"},{"floor":40,"key":"REST"},{"data":"Unload","floor":44,"key":"SMITH"},{"data":"Predator","floor":49,"key":"SMITH"}],"neow_cost":"NONE","seed_source_timestamp":512944179402500,"circlet_count":0,"master_deck":["Defend_G","Defend_G","Defend_G","Defend_G","Defend_G","Strike_G","Strike_G","Strike_G","Strike_G","Survivor","Neutralize+1","Dagger Throw","Infinite Blades+1","Quick Slash","Corpse Explosion","Acrobatics","Eviscerate","Underhanded Strike","Dash","Storm of Steel+1","Predator+1","Crippling Poison","Secret Technique+1","Noxious Fumes","PiercingWail+1","Malaise","RitualDagger","Predator+1","Envenom","Underhanded Strike","Infinite Blades+1","Poisoned Stab+1","Dagger Throw+1","Backflip+1","A Thousand Cuts","Enlightenment","Apotheosis","Secret Weapon","Riddle With Holes","Violence","Unload+1","Backflip+1","Doubt"],"relics":["Snecko Eye","The Specimen","Ancient Tea Set","Anchor","Bloody Idol","Old Coin","Sozu","Strawberry","Oddly Smooth Stone","Omamori","Incense Burner","Red Mask","Orrery","Torii","Ninja Scroll","FaceOfCleric"],"potions_floor_usage":[6,6,6,8,14,16,50,50],"damage_taken":[{"damage":1,"enemies":"Cultist","floor":1,"turns":4},{"damage":0,"enemies":"Small Slimes","floor":5,"turns":3},{"damage":13,"enemies":"3 Sentries","floor":6,"turns":8},{"damage":0,"enemies":"2 Louse","floor":7,"turns":2},{"damage":7,"enemies":"Blue Slaver","floor":8,"turns":2},{"damage":0,"enemies":"Large Slime","floor":10,"turns":4},{"damage":9,"enemies":"Lagavulin","floor":14,"turns":4},{"damage":17,"enemies":"Slime Boss","floor":16,"turns":7},{"damage":15,"enemies":"Spheric Guardian","floor":18,"turns":6},{"damage":6,"enemies":"Book of Stabbing","floor":23,"turns":5},{"damage":1,"enemies":"3 Byrds","floor":25,"turns":4},{"damage":0,"enemies":"Snecko","floor":27,"turns":4},{"damage":0,"enemies":"Masked Bandits","floor":28,"turns":2},{"damage":0,"enemies":"Snake Plant","floor":31,"turns":4},{"damage":55,"enemies":"Collector","floor":33,"turns":9},{"damage":7,"enemies":"3 Darklings","floor":35,"turns":3},{"damage":52,"enemies":"2 Orb Walkers","floor":36,"turns":6},{"damage":0,"enemies":"Orb Walker","floor":41,"turns":3},{"damage":33,"enemies":"Nemesis","floor":42,"turns":7},{"damage":24,"enemies":"Writhing Mass","floor":45,"turns":6},{"damage":16,"enemies":"Spire Growth","floor":47,"turns":3},{"damage":83,"enemies":"Time Eater","floor":50,"turns":12}],"seed_played":"5211160830153980459","potions_obtained":[{"floor":3,"key":"Explosive Potion"},{"floor":3,"key":"PowerPotion"},{"floor":3,"key":"EntropicBrew"},{"floor":7,"key":"SkillPotion"},{"floor":8,"key":"Block Potion"},{"floor":16,"key":"GhostInAJar"}],"is_trial":false,"path_per_floor":["T","?","M","?","?","?","?","?","?","?","?","?","M","?","M","?"],"character_chosen":"THE_SILENT","items_purchased":["Infinite Blades","Oddly Smooth Stone","Secret Technique","Riddle With Holes","Violence"],"campfire_rested":2,"item_purchase_floors":[4,21,21,38,38],"current_hp_per_floor":[69,69,69,69,69,56,56,49,49,49,49,49,70,61,61,44,70,55,62,62,62,62,61,61,65,65,70,75,75,69,74,74,24,77,75,28,18,18,37,60,65,37,37,37,18,18,8,78,78,0],"gold":239,"neow_bonus":"BOSS_RELIC","is_prod":false,"is_daily":false,"chose_seed":false,"campfire_upgraded":6,"win_rate":0,"timestamp":1548057957,"path_taken":["M","?","?","$","M","E","M","?","T","M","R","?","R","E","R","BOSS","M","?","?","$","?","E","R","M","T","M","?","R","?","M","R","BOSS","M","?","?","$","?","R","M","E","T","R","?","?","?","?","R","BOSS"],"build_version":"2019-01-20","purchased_purges":2,"victory":false,"max_hp_per_floor":[70,70,70,70,70,70,70,70,70,70,70,70,70,70,70,70,70,70,77,77,77,77,77,77,77,77,77,77,77,77,77,77,77,77,77,77,77,77,77,77,77,77,77,77,77,77,78,78,78,78],"card_choices":[{"not_picked":["PiercingWail","Bane"],"picked":"Dagger Throw","floor":1},{"not_picked":["PiercingWail","Acrobatics"],"picked":"Quick Slash","floor":5},{"not_picked":["Dagger Spray","Acrobatics"],"picked":"Corpse Explosion","floor":6},{"not_picked":["Sucker Punch","Flechettes"],"picked":"Acrobatics","floor":7},{"not_picked":["Blur","Dodge and Roll"],"picked":"Eviscerate","floor":8},{"not_picked":["Leg Sweep","Well Laid Plans"],"picked":"Underhanded Strike","floor":10},{"not_picked":["Dodge and Roll","Glass Knife"],"picked":"Dash","floor":14},{"not_picked":["Glass Knife","Grand Finale"],"picked":"Storm of Steel","floor":16},{"not_picked":["Outmaneuver","Quick Slash"],"picked":"Predator","floor":18},{"not_picked":["Quick Slash","Blade Dance"],"picked":"Noxious Fumes","floor":23},{"not_picked":["Well Laid Plans","Deflect+1"],"picked":"PiercingWail+1","floor":25},{"not_picked":["Backflip","Blade Dance"],"picked":"Malaise","floor":27},{"not_picked":["Slice","Infinite Blades"],"picked":"Predator+1","floor":31},{"not_picked":["Unload","Night Terror"],"picked":"Envenom","floor":33},{"not_picked":["Dodge and Roll","Slice"],"picked":"Underhanded Strike","floor":34},{"not_picked":["Quick Slash+1","Escape Plan+1"],"picked":"Infinite Blades+1","floor":34},{"not_picked":["Distraction+1","Endless Agony"],"picked":"Poisoned Stab+1","floor":34},{"not_picked":["Infinite Blades","Poisoned Stab"],"picked":"Dagger Throw+1","floor":34},{"not_picked":["Deflect","Slice"],"picked":"Backflip+1","floor":35},{"not_picked":["Finisher","Dagger Spray+1"],"picked":"A Thousand Cuts","floor":36},{"not_picked":["Dark Shackles","Panache"],"picked":"Enlightenment","floor":37},{"not_picked":["Discovery","Panacea"],"picked":"Apotheosis","floor":37},{"not_picked":["Jack Of All Trades","Impatience"],"picked":"Secret Weapon","floor":37},{"not_picked":["Flying Knee","Deadly Poison","Endless Agony"],"picked":"SKIP","floor":41},{"not_picked":["Backflip+1","Quick Slash"],"picked":"Unload","floor":42},{"not_picked":["Acrobatics","PiercingWail"],"picked":"Backflip+1","floor":45},{"not_picked":["Unload","Flying Knee+1","Deadly Poison+1"],"picked":"SKIP","floor":47}],"player_experience":392259,"relics_obtained":[{"floor":2,"key":"The Specimen"},{"floor":6,"key":"Ancient Tea Set"},{"floor":9,"key":"Anchor"},{"floor":14,"key":"Old Coin"},{"floor":23,"key":"Omamori"},{"floor":26,"key":"Incense Burner"},{"floor":28,"key":"Red Mask"},{"floor":36,"key":"Torii"},{"floor":42,"key":"Ninja Scroll"}],"event_choices":[{"damage_healed":0,"gold_gain":0,"player_choice":"Bought 3 Potions","damage_taken":0,"max_hp_gain":0,"max_hp_loss":0,"event_name":"The Woman in Blue","floor":3,"gold_loss":0},{"damage_healed":0,"gold_gain":0,"player_choice":"Take Wound","damage_taken":0,"relics_obtained":["Golden Idol"],"max_hp_gain":0,"max_hp_loss":0,"event_name":"Golden Idol","floor":12,"gold_loss":0,"cards_obtained":["Injury"]},{"damage_healed":0,"gold_gain":0,"player_choice":"Opened","damage_taken":0,"relics_obtained":["Strawberry"],"max_hp_gain":0,"max_hp_loss":0,"event_name":"The Mausoleum","floor":19,"gold_loss":0},{"damage_healed":0,"gold_gain":0,"player_choice":"Read","damage_taken":0,"max_hp_gain":0,"max_hp_loss":0,"event_name":"The Library","floor":20,"gold_loss":0,"cards_obtained":["Crippling Poison"]},{"damage_healed":0,"gold_gain":0,"player_choice":"Gave Idol","damage_taken":0,"relics_obtained":["Bloody Idol"],"max_hp_gain":0,"max_hp_loss":0,"event_name":"Forgotten Altar","floor":22,"relics_lost":["Golden Idol"],"gold_loss":0},{"damage_healed":0,"gold_gain":0,"player_choice":"Fought Bandits","damage_taken":0,"max_hp_gain":0,"max_hp_loss":0,"event_name":"Masked Bandits","floor":28,"gold_loss":0},{"damage_healed":0,"gold_gain":0,"player_choice":"Joined the Cult","damage_taken":6,"max_hp_gain":0,"max_hp_loss":0,"event_name":"Nest","floor":30,"gold_loss":0,"cards_obtained":["RitualDagger"]},{"damage_healed":0,"gold_gain":0,"player_choice":"Fight","damage_taken":0,"max_hp_gain":0,"max_hp_loss":0,"event_name":"Mysterious Sphere","floor":36,"gold_loss":0},{"damage_healed":0,"gold_gain":0,"player_choice":"Memory 3","damage_taken":10,"max_hp_gain":0,"max_hp_loss":0,"event_name":"SensoryStone","floor":37,"gold_loss":0},{"damage_healed":19,"gold_gain":0,"player_choice":"Writhe","damage_taken":0,"max_hp_gain":0,"max_hp_loss":0,"event_name":"Winding Halls","floor":39,"gold_loss":0,"cards_obtained":["Writhe"]},{"damage_healed":0,"gold_gain":0,"player_choice":"Trade","damage_taken":0,"relics_obtained":["FaceOfCleric"],"max_hp_gain":0,"max_hp_loss":0,"event_name":"FaceTrader","floor":46,"gold_loss":0},{"damage_healed":70,"gold_gain":0,"player_choice":"Heal","damage_taken":0,"max_hp_gain":0,"max_hp_loss":0,"event_name":"MindBloom","floor":48,"gold_loss":0,"cards_obtained":["Doubt"]}],"is_beta":true,"boss_relics":[{"not_picked":["Eternal Feather","Calling Bell"],"picked":"Sozu"},{"not_picked":["Runic Pyramid","HoveringKite"],"picked":"Orrery"}],"items_purged_floors":[21,38],"is_endless":false,"potions_floor_spawned":[7,8,16,25,28,31,33,41,42],"killed_by":"Time Eater","ascension_level":0}