{"gold_per_floor":[112,124,124,124,24,57,75,75,75,109,124,138,154,170,170,246,246,227,227,98,13,13,13,30,50,50,0,35,35,35,35,35,107,107,120,120,139,139,67,67,86,86,86,97,109,120,120,134,134,134],"floor_reached":50,"playtime":2917,"items_purged":["Pain","Strike_G","Strike_G"],"score":865,"play_id":"476318b3-1b18-45db-b8cc-e1ff1b798d3d","local_time":"20181016123222","is_ascension_mode":true,"campfire_choices":[{"data":"Defend_G","floor":8,"key":"PURGE"},{"data":"Strike_G","floor":15,"key":"PURGE"},{"floor":23,"key":"REST"},{"data":"Burst","floor":29,"key":"SMITH"},{"floor":32,"key":"REST"},{"data":"Terror","floor":40,"key":"SMITH"},{"data":"Neutralize","floor":47,"key":"SMITH"},{"floor":49,"key":"REST"}],"neow_cost":"NONE","seed_source_timestamp":330856720083687,"circlet_count":0,"master_deck":["Defend_G","Defend_G","Defend_G","Defend_G","Strike_G+1","Strike_G+1","Survivor","Neutralize+1","AscendersBane","Bouncing Flask","Blur","Cloak And Dagger","Dagger Throw","Terror+1","Poisoned Stab","Caltrops+1","Cloak And Dagger","Burst+1","PiercingWail","Infinite Blades+1","Dash+1","Accuracy+1","Flying Knee+1","After Image+1","Dash+1","Infinite Blades+1","Well Laid Plans+1"],"relics":["Ring of the Snake","Smiling Mask","WarpedTongs","Peace Pipe","Thread and Needle","Frozen Egg 2","WristBlade","Nilry\u0027s Codex","Oddly Smooth Stone","Bottled Lightning","Sundial","Sozu","Calipers","Tough Bandages"],"potions_floor_usage":[18,33,44],"damage_taken":[{"damage":4,"enemies":"Cultist","floor":1,"turns":4},{"damage":4,"enemies":"Jaw Worm","floor":2,"turns":4},{"damage":17,"enemies":"3 Sentries","floor":6,"turns":11},{"damage":0,"enemies":"2 Louse","floor":7,"turns":3},{"damage":10,"enemies":"Gremlin Nob","floor":10,"turns":4},{"damage":3,"enemies":"Exordium Thugs","floor":11,"turns":6},{"damage":0,"enemies":"Large Slime","floor":12,"turns":6},{"damage":0,"enemies":"Exordium Wildlife","floor":13,"turns":3},{"damage":0,"enemies":"Exordium Thugs","floor":14,"turns":4},{"damage":0,"enemies":"Hexaghost","floor":16,"turns":8},{"damage":3,"enemies":"2 Thieves","floor":18,"turns":4},{"damage":4,"enemies":"Spheric Guardian","floor":24,"turns":3},{"damage":16,"enemies":"Snake Plant","floor":25,"turns":5},{"damage":2,"enemies":"Book of Stabbing","floor":28,"turns":6},{"damage":9,"enemies":"Automaton","floor":33,"turns":12},{"damage":6,"enemies":"3 Shapes","floor":35,"turns":6},{"damage":0,"enemies":"Mind Bloom Boss Battle","floor":36,"turns":5},{"damage":1,"enemies":"3 Darklings","floor":37,"turns":6},{"damage":5,"enemies":"Sphere and 2 Shapes","floor":41,"turns":5},{"damage":0,"enemies":"Reptomancer","floor":44,"turns":8},{"damage":4,"enemies":"Maw","floor":45,"turns":7},{"damage":0,"enemies":"Sphere and 2 Shapes","floor":46,"turns":7},{"damage":0,"enemies":"4 Shapes","floor":48,"turns":6},{"damage":68,"enemies":"Donu and Deca","floor":50,"turns":7}],"seed_played":"4412466482088790596","potions_obtained":[{"floor":1,"key":"Explosive Potion"},{"floor":7,"key":"GamblersBrew"},{"floor":13,"key":"PowerPotion"},{"floor":18,"key":"AttackPotion"}],"is_trial":false,"path_per_floor":["M","M","?","?","$","E","M","R","T","E","M","M","M","M","R","B",null,"M","?","$","?","?","R","M","M","T","$","E","R","$","?","R","B",null,"M","?","M","?","$","R","M","?","T","M","M","M","R","M","R"],"character_chosen":"THE_SILENT","items_purchased":["Cloak And Dagger","Infinite Blades+1","Infinite Blades+1"],"campfire_rested":3,"item_purchase_floors":[5,20,39],"current_hp_per_floor":[59,55,41,41,41,24,24,24,24,14,11,11,11,11,11,11,55,52,36,36,36,36,57,53,37,37,37,35,35,35,35,56,47,64,58,58,57,57,57,57,52,52,52,52,48,48,48,48,66,0],"gold":134,"neow_bonus":"RANDOM_COMMON_RELIC","is_prod":false,"is_daily":false,"chose_seed":false,"campfire_upgraded":3,"win_rate":0,"timestamp":1539685942,"path_taken":["M","M","?","?","?","E","M","R","T","E","M","M","M","?","R","BOSS","M","?","$","?","?","R","M","?","T","$","E","R","?","?","R","BOSS","M","?","M","?","$","R","M","?","T","M","M","M","R","M","R","BOSS"],"build_version":"2018-10-11","purchased_purges":3,"victory":false,"max_hp_per_floor":[70,70,70,70,70,70,70,70,70,70,70,70,70,70,70,70,70,70,70,70,70,70,70,70,70,70,70,70,70,70,70,70,70,70,70,70,70,70,70,70,70,66,66,66,66,66,66,66,66,66],"card_choices":[{"not_picked":["Poisoned Stab","Underhanded Strike"],"picked":"Bouncing Flask","floor":1},{"not_picked":["Sucker Punch","Underhanded Strike"],"picked":"Blur","floor":2},{"not_picked":["Slice","Reflex","Outmaneuver"],"picked":"SKIP","floor":6},{"not_picked":["Dodge and Roll","Deflect"],"picked":"Dagger Throw","floor":7},{"not_picked":["Setup","Expertise","Doppelganger"],"picked":"SKIP","floor":10},{"not_picked":["Prepared","Finisher"],"picked":"Terror","floor":11},{"not_picked":["Setup","Underhanded Strike"],"picked":"Poisoned Stab","floor":12},{"not_picked":["Dodge and Roll","Deadly Poison"],"picked":"Caltrops+1","floor":13},{"not_picked":["Dagger Throw","Underhanded Strike"],"picked":"Cloak And Dagger","floor":14},{"not_picked":["Venomology","Bullet Time"],"picked":"Burst","floor":16},{"not_picked":["Outmaneuver","Slice"],"picked":"PiercingWail","floor":18},{"not_picked":["Quick Slash","Backflip"],"picked":"Dash+1","floor":24},{"not_picked":["Unload","Skewer"],"picked":"Accuracy+1","floor":25},{"not_picked":["Predator","Outmaneuver"],"picked":"Flying Knee+1","floor":28},{"not_picked":["Bullet Time","A Thousand Cuts+1"],"picked":"After Image+1","floor":33},{"not_picked":["PiercingWail","Outmaneuver"],"picked":"Dash+1","floor":35},{"not_picked":["Deflect","Outmaneuver","Prepared"],"picked":"SKIP","floor":37},{"not_picked":["Deadly Poison","Sucker Punch+1","Underhanded Strike"],"picked":"SKIP","floor":41},{"not_picked":["All Out Attack","Dash","Night Terror"],"picked":"SKIP","floor":44},{"not_picked":["Poisoned Stab","Endless Agony","Blade Dance"],"picked":"SKIP","floor":45},{"not_picked":["Calculated Gamble","Quick Slash","Deflect"],"picked":"SKIP","floor":46},{"not_picked":["Acrobatics+1","Footwork+1"],"picked":"Well Laid Plans+1","floor":48}],"player_experience":562620,"relics_obtained":[{"floor":6,"key":"Peace Pipe"},{"floor":9,"key":"Thread and Needle"},{"floor":10,"key":"Frozen Egg 2"},{"floor":19,"key":"Nilry\u0027s Codex"},{"floor":26,"key":"Bottled Lightning"},{"floor":28,"key":"Sundial"},{"floor":36,"key":"Calipers"},{"floor":43,"key":"Tough Bandages"}],"event_choices":[{"event_name":"Shining Light","player_choice":"Entered Light","floor":3,"damage_taken":0},{"event_name":"Accursed Blacksmith","player_choice":"Rummage","floor":4,"damage_taken":0},{"event_name":"Cursed Tome","player_choice":"Obtained Book","floor":19,"damage_taken":0},{"event_name":"Addict","player_choice":"Obtained Relic","floor":21,"damage_taken":0},{"event_name":"Vampires","player_choice":"Ignored","floor":22,"damage_taken":0},{"event_name":"Beggar","player_choice":"Ignored","floor":31,"damage_taken":0},{"event_name":"MindBloom","player_choice":"Fight","floor":36,"damage_taken":0},{"event_name":"The Woman in Blue","player_choice":"Bought 0 Potions","floor":38,"damage_taken":0},{"event_name":"Winding Halls","player_choice":"Max HP","floor":42,"damage_taken":0}],"is_beta":false,"boss_relics":[{"not_picked":["Empty Cage","Runic Pyramid"],"picked":"WristBlade"},{"not_picked":["White Beast Statue","Calling Bell"],"picked":"Sozu"}],"items_purged_floors":[5,20,27],"is_endless":false,"potions_floor_spawned":[1,7,10,13,16,18,24,28,35,36,44,45],"killed_by":"Donu and Deca","ascension_level":13}