{"gold_per_floor":[111,124,3,3,24,24,44,68,94,107,107,131,131,171,171,301,301,324,324,324,324,347,347,347],"floor_reached":24,"playtime":1878,"items_purged":["Strike_G"],"score":253,"play_id":"5768e7d1-2a4a-4074-8340-5af14c12eed5","local_time":"20180826191155","is_ascension_mode":true,"campfire_choices":[{"floor":6.0,"key":"REST"},{"data":"Crippling Poison","floor":11.0,"key":"SMITH"},{"data":"Venomology","floor":13.0,"key":"SMITH"},{"floor":15.0,"key":"REST"},{"data":"Tools of the Trade","floor":23.0,"key":"SMITH"}],"neow_cost":"","seed_source_timestamp":0,"circlet_count":0,"master_deck":["Defend_G","Defend_G","Defend_G","Defend_G","Survivor","Neutralize","Underhanded Strike","Die Die Die","Backflip","PiercingWail","Backflip","Crippling Poison+1","Venomology+1","Bouncing Flask","Tools of the Trade+1","PiercingWail+1","Bite","Bite","Bite","Bite","Bite","Well Laid Plans"],"special_seed":0,"relics":["Ring of the Serpent","Golden Idol","Pen Nib","MutagenicStrength"],"potions_floor_usage":[],"damage_taken":[{"damage":2.0,"enemies":"Cultist","floor":1.0,"turns":5.0},{"damage":3.0,"enemies":"Jaw Worm","floor":2.0,"turns":4.0},{"damage":0.0,"enemies":"2 Louse","floor":5.0,"turns":2.0},{"damage":0.0,"enemies":"Large Slime","floor":7.0,"turns":5.0},{"damage":12.0,"enemies":"Exordium Thugs","floor":8.0,"turns":7.0},{"damage":3.0,"enemies":"Blue Slaver","floor":10.0,"turns":5.0},{"damage":0.0,"enemies":"2 Fungi Beasts","floor":12.0,"turns":1.0},{"damage":36.0,"enemies":"Gremlin Nob","floor":14.0,"turns":5.0},{"damage":33.0,"enemies":"The Guardian","floor":16.0,"turns":10.0},{"damage":21.0,"enemies":"2 Thieves","floor":18.0,"turns":4.0},{"damage":37.0,"enemies":"Chosen","floor":22.0,"turns":8.0},{"damage":26,"enemies":"Colosseum Slavers","floor":24,"turns":4}],"seed_played":"-5132475462329243514","potions_obtained":[{"floor":1.0,"key":"Explosive Potion"},{"floor":7.0,"key":"Regen Potion"},{"floor":10.0,"key":"Energy Potion"},{"floor":16.0,"key":"SpeedPotion"}],"is_trial":false,"path_per_floor":["M","M","$","?","M","R","M","M","T","M","R","M","R","E","R","B",null,"M","?","?","?","M","R"],"character_chosen":"THE_SILENT","items_purchased":["Backflip"],"campfire_rested":2,"item_purchase_floors":[3],"current_hp_per_floor":[68,65,65,48,48,69,69,57,57,54,54,54,54,32,53,22,70,49,49,49,49,22,22,0],"gold":347,"neow_bonus":"","is_prod":false,"is_daily":false,"chose_seed":false,"campfire_upgraded":3,"win_rate":0,"timestamp":1535335915,"path_taken":["M","?","$","?","?","R","?","M","T","?","R","M","R","E","R","BOSS","M","?","?","?","M","R","?"],"build_version":"2018-08-23v2","purchased_purges":1,"victory":false,"max_hp_per_floor":[70,70,70,70,70,70,70,70,70,70,70,70,70,70,70,70,70,70,70,70,70,70,70,70],"card_choices":[{"not_picked":["Finisher","Flying Knee"],"picked":"Underhanded Strike","floor":1.0},{"not_picked":["Quick Slash","Dodge and Roll"],"picked":"Die Die Die","floor":2.0},{"not_picked":["Leg Sweep","Flying Knee"],"picked":"PiercingWail","floor":5.0},{"not_picked":["Quick Slash","Slice"],"picked":"Backflip","floor":7.0},{"not_picked":["Well Laid Plans","Flying Knee"],"picked":"Crippling Poison","floor":8.0},{"not_picked":["Cloak And Dagger","Quick Slash","Dagger Throw"],"picked":"SKIP","floor":10.0},{"not_picked":["Cloak And Dagger","Deflect"],"picked":"Venomology","floor":12.0},{"not_picked":["Acrobatics","Dagger Throw"],"picked":"Bouncing Flask","floor":14.0},{"not_picked":["Burst","Storm of Steel"],"picked":"Tools of the Trade","floor":16.0},{"not_picked":["Dodge and Roll+1","Sucker Punch+1"],"picked":"PiercingWail+1","floor":18.0},{"not_picked":["Prepared+1","Predator"],"picked":"Well Laid Plans","floor":22.0}],"player_experience":735504,"relics_obtained":[{"floor":9.0,"key":"Pen Nib"},{"floor":14.0,"key":"Blood Vial"}],"event_choices":[{"event_name":"Golden Idol","player_choice":"Take Damage","floor":4.0,"damage_taken":0.0},{"event_name":"Vampires","player_choice":"Became a vampire (Vial)","floor":19.0,"damage_taken":0.0},{"event_name":"Drug Dealer","player_choice":"Inject Mutagens","floor":20.0,"damage_taken":0.0},{"event_name":"Purifier","player_choice":"One Purge","floor":21.0,"damage_taken":0.0},{"event_name":"Colosseum","player_choice":"Fight","floor":24,"damage_taken":0}],"is_beta":false,"boss_relics":[{"not_picked":["WristBlade","Orrery"],"picked":"Ring of the Serpent"}],"items_purged_floors":[3],"is_endless":false,"potions_floor_spawned":[1,7,10,16],"killed_by":"Colosseum Slavers","ascension_level":3}