{"gold_per_floor":[116,116,116,0,15,43,63,63,63,97,97,114,149,149,149,277,277,298,317,317,317,317,350,350,383,453,478,522,522,522],"floor_reached":30,"playtime":2645,"items_purged":[],"score":526,"play_id":"49324236-374b-4b3d-be5d-8ce02495f37a","local_time":"20181019123702","is_ascension_mode":true,"campfire_choices":[{"data":"Inflame","floor":8,"key":"SMITH"},{"data":"Pummel","floor":11,"key":"SMITH"},{"data":"Metallicize","floor":15,"key":"SMITH"},{"data":"Exhume","floor":24,"key":"SMITH"},{"floor":29,"key":"REST"}],"neow_cost":"NONE","seed_source_timestamp":6977443077682,"circlet_count":0,"master_deck":["Bash","AscendersBane","Heavy Blade","Clothesline","Carnage","Inflame+1","Pummel+1","Disarm","Disarm","Reaper","Metallicize+1","Limit Break","Clothesline","Sentinel","Shrug It Off","Body Slam","True Grit","Searing Blow","Corruption","Perfected Strike","Armaments","Sentinel+1","Exhume+1","Feel No Pain+1","Metallicize+1"],"relics":["Burning Blood","NeowsBlessing","Blue Candle","Bottled Tornado","The Courier","Dodecahedron","Mummified Hand","Golden Idol","Pandora\u0027s Box","GremlinMask","Gremlin Horn","Frozen Egg 2","Paper Frog","Blood Vial"],"potions_floor_usage":[16,23,28],"damage_taken":[{"damage":0,"enemies":"Small Slimes","floor":1,"turns":1},{"damage":0,"enemies":"Jaw Worm","floor":5,"turns":1},{"damage":0,"enemies":"Gremlin Nob","floor":6,"turns":1},{"damage":1,"enemies":"Cultist","floor":7,"turns":3},{"damage":24,"enemies":"Lagavulin","floor":10,"turns":6},{"damage":10,"enemies":"2 Fungi Beasts","floor":12,"turns":3},{"damage":32,"enemies":"Gremlin Nob","floor":13,"turns":4},{"damage":15,"enemies":"Hexaghost","floor":16,"turns":13},{"damage":26,"enemies":"Chosen","floor":18,"turns":7},{"damage":15,"enemies":"Spheric Guardian","floor":19,"turns":4},{"damage":55,"enemies":"Slavers","floor":23,"turns":9},{"damage":26,"enemies":"Book of Stabbing","floor":25,"turns":8},{"damage":24,"enemies":"Snake Plant","floor":27,"turns":5},{"damage":37,"enemies":"Slavers","floor":28,"turns":6},{"damage":47,"enemies":"3 Cultists","floor":30,"turns":6}],"seed_played":"-5494622438871453062","potions_obtained":[{"floor":1,"key":"Strength Potion"},{"floor":5,"key":"Fire Potion"},{"floor":10,"key":"AttackPotion"},{"floor":19,"key":"Ancient Potion"},{"floor":27,"key":"PowerPotion"}],"is_trial":false,"path_per_floor":["M","?","?","$","M","E","M","R","T","E","R","M","E","?","R","B",null,"M","M","?","?","?","E","R","E","T","M","E","R"],"character_chosen":"IRONCLAD","items_purchased":["Carnage","Inflame"],"campfire_rested":1,"item_purchase_floors":[4,4],"current_hp_per_floor":[78,78,71,71,77,80,80,80,80,62,62,58,39,19,19,17,64,54,45,45,45,71,46,46,33,33,28,12,36,0],"gold":522,"neow_bonus":"THREE_ENEMY_KILL","is_prod":false,"is_daily":false,"chose_seed":false,"campfire_upgraded":4,"win_rate":0,"timestamp":1539945422,"path_taken":["M","?","?","?","?","E","M","R","T","E","R","M","E","?","R","BOSS","M","M","?","?","?","E","R","E","T","M","E","R","M"],"build_version":"2018-10-18","purchased_purges":0,"victory":false,"max_hp_per_floor":[80,80,80,80,80,80,80,80,80,80,80,80,80,80,80,80,80,80,80,80,80,80,80,80,80,80,80,80,80,80],"card_choices":[{"not_picked":["Clash","Pommel Strike"],"picked":"Heavy Blade","floor":1},{"not_picked":["Flame Barrier","Perfected Strike"],"picked":"Pummel","floor":5},{"not_picked":["Body Slam","Thunderclap"],"picked":"Disarm","floor":6},{"not_picked":["Thunderclap","Reckless Charge"],"picked":"Disarm","floor":7},{"not_picked":["Sword Boomerang","Second Wind"],"picked":"Reaper","floor":10},{"not_picked":["Corruption","Metallicize","Iron Wave"],"picked":"SKIP","floor":12},{"not_picked":["Corruption","Twin Strike"],"picked":"Metallicize","floor":13},{"not_picked":["Reaper","Bludgeon"],"picked":"Limit Break","floor":16},{"not_picked":["Pommel Strike+1","Anger"],"picked":"Armaments","floor":18},{"not_picked":["Blood for Blood","Wild Strike"],"picked":"Sentinel+1","floor":19},{"not_picked":["Pommel Strike","Iron Wave"],"picked":"Exhume","floor":23},{"not_picked":["Wild Strike","Pommel Strike","Twin Strike+1"],"picked":"SKIP","floor":25},{"not_picked":["Sever Soul","Combust+1"],"picked":"Feel No Pain+1","floor":27},{"not_picked":["Clothesline","Armaments"],"picked":"Metallicize+1","floor":28}],"player_experience":584052,"relics_obtained":[{"floor":6,"key":"Bottled Tornado"},{"floor":9,"key":"The Courier"},{"floor":10,"key":"Dodecahedron"},{"floor":13,"key":"Mummified Hand"},{"floor":23,"key":"Gremlin Horn"},{"floor":25,"key":"Frozen Egg 2"},{"floor":26,"key":"Paper Frog"},{"floor":28,"key":"Blood Vial"}],"event_choices":[{"damage_healed":0,"gold_gain":0,"cards_transformed":["Strike_R"],"player_choice":"Change","damage_taken":0,"max_hp_gain":0,"max_hp_loss":0,"event_name":"Living Wall","floor":2,"gold_loss":0,"cards_obtained":["Clothesline"]},{"damage_healed":0,"gold_gain":0,"player_choice":"Success","damage_taken":7,"relics_obtained":["Blue Candle"],"max_hp_gain":0,"max_hp_loss":0,"event_name":"Scrap Ooze","floor":3,"gold_loss":0},{"damage_healed":0,"gold_gain":0,"player_choice":"Take Damage","damage_taken":20,"relics_obtained":["Golden Idol"],"max_hp_gain":0,"max_hp_loss":0,"event_name":"Golden Idol","floor":14,"gold_loss":0},{"damage_healed":0,"gold_gain":0,"player_choice":"Trade","damage_taken":0,"relics_obtained":["GremlinMask"],"max_hp_gain":0,"max_hp_loss":0,"event_name":"FaceTrader","floor":20,"gold_loss":0},{"damage_healed":0,"gold_gain":0,"player_choice":"Got Potions","damage_taken":0,"max_hp_gain":0,"max_hp_loss":0,"event_name":"The Lab","floor":21,"gold_loss":0},{"damage_healed":26,"gold_gain":0,"player_choice":"Heal","damage_taken":0,"max_hp_gain":0,"max_hp_loss":0,"event_name":"The Library","floor":22,"gold_loss":0}],"is_beta":false,"boss_relics":[{"not_picked":["Mark of Pain","Lizard Tail"],"picked":"Pandora\u0027s Box"}],"items_purged_floors":[],"is_endless":false,"potions_floor_spawned":[1,5,10,12,19,27],"killed_by":"3 Cultists","ascension_level":12}