{"gold_per_floor":[213,213,33,53,64,93,21,21,46,46,76,151,186,206,206,303,303,313,332,241,259,259,292,292,306,306,335,335,335,110,170,170,275,275,293,293,340,273,72,72,84,84],"floor_reached":42,"playtime":5081,"items_purged":["Writhe","Clumsy"],"score":625,"play_id":"9e1b781c-4ead-4937-8387-599000b7387c","local_time":"20190403233917","is_ascension_mode":true,"campfire_choices":[{"data":"Neutralize","floor":8.0,"key":"SMITH"},{"floor":10.0,"key":"REST"},{"data":"Cloak And Dagger","floor":15.0,"key":"SMITH"},{"data":"Envenom","floor":24,"key":"SMITH"},{"floor":32,"key":"REST"},{"floor":40,"key":"REST"}],"neow_cost":"NONE","seed_source_timestamp":0,"circlet_count":0,"master_deck":["Defend_G","Defend_G","Defend_G","Defend_G","Defend_G","Strike_G","Strike_G","Strike_G","Strike_G","Survivor","Neutralize+1","Well Laid Plans","Flechettes","Dash","Finisher","Quick Slash","Cloak And Dagger+1","Acrobatics","Envenom+1","Endless Agony","Leg Sweep","PiercingWail","Escape Plan","Dagger Spray","J.A.X.","Infinite Blades","Backflip","Blade Dance+1","Acrobatics","Infinite Blades","Skewer","Blur","Glass Knife","Infinite Blades","PiercingWail+1","Deadly Poison+1","Cloak And Dagger"],"special_seed":0,"relics":["Ring of the Snake","PreservedInsect","Dream Catcher","Bronze Scales","Shovel","Kunai","Cursed Key","Smiling Mask","Ancient Tea Set","Pen Nib","Pear","Tiny Chest","WristBlade","The Specimen","Orichalcum","Snake Skull"],"potions_floor_usage":[19,21,21,27,37,41],"damage_taken":[{"damage":15.0,"enemies":"Jaw Worm","floor":1.0,"turns":7.0},{"damage":0.0,"enemies":"Cultist","floor":4.0,"turns":3.0},{"damage":0.0,"enemies":"2 Louse","floor":5.0,"turns":2.0},{"damage":21.0,"enemies":"Lagavulin","floor":6.0,"turns":8.0},{"damage":0.0,"enemies":"Gremlin Nob","floor":11.0,"turns":3.0},{"damage":8.0,"enemies":"Lagavulin","floor":13.0,"turns":4.0},{"damage":0.0,"enemies":"Blue Slaver","floor":14.0,"turns":3.0},{"damage":17.0,"enemies":"Slime Boss","floor":16.0,"turns":13.0},{"damage":0,"enemies":"3 Byrds","floor":18,"turns":3},{"damage":0,"enemies":"Spheric Guardian","floor":19,"turns":3},{"damage":15,"enemies":"Snecko","floor":21,"turns":7},{"damage":3,"enemies":"Book of Stabbing","floor":23,"turns":3},{"damage":6,"enemies":"Centurion and Healer","floor":25,"turns":5},{"damage":3,"enemies":"Gremlin Leader","floor":27,"turns":4},{"damage":8,"enemies":"Book of Stabbing","floor":31,"turns":4},{"damage":20,"enemies":"Automaton","floor":33,"turns":7},{"damage":25,"enemies":"3 Shapes","floor":35,"turns":7},{"damage":43,"enemies":"2 Orb Walkers","floor":37,"turns":5},{"damage":3,"enemies":"Orb Walker","floor":41,"turns":3},{"damage":43,"enemies":"Nemesis","floor":42,"turns":4}],"seed_played":"3982578290259886164","potions_obtained":[{"floor":1.0,"key":"Block Potion"},{"floor":4.0,"key":"FearPotion"},{"floor":11.0,"key":"LiquidBronze"},{"floor":16.0,"key":"GamblersBrew"},{"floor":19,"key":"Ancient Potion"},{"floor":21,"key":"AttackPotion"},{"floor":27,"key":"Dexterity Potion"},{"floor":31,"key":"Dexterity Potion"},{"floor":35,"key":"SpeedPotion"},{"floor":37,"key":"PowerPotion"}],"is_trial":false,"path_per_floor":["M","?","$","M","M","E","$","R","T","R","E","?","E","M","R","B",null,"M","M","$","M","?","E","R","M","T","E","?","?","$","E","R","B",null,"M","?","?","?","$","R","M","E"],"character_chosen":"THE_SILENT","items_purchased":["PreservedInsect","Flechettes","Finisher","PiercingWail","Escape Plan","Acrobatics","Infinite Blades","Skewer","Snake Skull"],"campfire_rested":3,"item_purchase_floors":[3,3,7,20,20,30,30,30,39],"current_hp_per_floor":[55,55,55,55,55,34,34,34,34,55,55,44,36,36,36,19,70,70,70,70,55,55,52,52,46,46,43,53,38,38,30,55,35,85,60,60,17,17,17,41,38,0],"gold":84,"neow_bonus":"HUNDRED_GOLD","is_prod":false,"is_daily":false,"chose_seed":false,"campfire_upgraded":3,"win_rate":0,"timestamp":1554345557,"path_taken":["M","?","?","M","M","E","$","R","T","R","E","?","E","M","R","BOSS","M","M","$","M","?","E","R","M","T","E","?","?","$","E","R","BOSS","M","?","?","?","$","R","M","E"],"build_version":"2019-01-23","purchased_purges":2,"victory":false,"max_hp_per_floor":[70,70,70,70,70,70,70,70,70,70,70,70,70,70,70,70,70,70,70,70,70,70,70,70,70,70,70,80,85,85,85,85,85,85,85,81,81,81,81,81,81,81],"card_choices":[{"not_picked":["Eviscerate","Acrobatics"],"picked":"Well Laid Plans","floor":1.0},{"not_picked":["Blade Dance","Setup","Underhanded Strike"],"picked":"SKIP","floor":4.0},{"not_picked":["Escape Plan","Bane"],"picked":"Dash","floor":5.0},{"not_picked":["Doppelganger","Blade Dance","Escape Plan"],"picked":"SKIP","floor":6.0},{"not_picked":["Finisher","Prepared"],"picked":"Quick Slash","floor":10.0},{"not_picked":["Flechettes","Prepared","Endless Agony"],"picked":"SKIP","floor":11.0},{"not_picked":["Malaise","Underhanded Strike"],"picked":"Cloak And Dagger","floor":13.0},{"not_picked":["Prepared","Choke"],"picked":"Acrobatics","floor":14.0},{"not_picked":["Phantasmal Killer","Unload"],"picked":"Envenom","floor":16.0},{"not_picked":["Eviscerate","Underhanded Strike+1"],"picked":"Endless Agony","floor":18},{"not_picked":["Outmaneuver","Skewer"],"picked":"Leg Sweep","floor":19},{"not_picked":["Backflip","Deadly Poison+1"],"picked":"Dagger Spray","floor":21},{"not_picked":["Deflect","Cloak And Dagger"],"picked":"Infinite Blades","floor":23},{"not_picked":["Flying Knee","Escape Plan"],"picked":"Backflip","floor":25},{"not_picked":["Backstab+1","Backflip"],"picked":"Blade Dance+1","floor":27},{"not_picked":["Setup","Slice"],"picked":"Blur","floor":31},{"not_picked":["Storm of Steel","Bullet Time"],"picked":"Glass Knife","floor":33},{"not_picked":["Dodge and Roll","Slice"],"picked":"Infinite Blades","floor":35},{"not_picked":["Deadly Poison","Infinite Blades+1"],"picked":"PiercingWail+1","floor":37},{"not_picked":["Dagger Spray","Riddle With Holes"],"picked":"Deadly Poison+1","floor":40},{"not_picked":["Backflip","Bane"],"picked":"Cloak And Dagger","floor":41}],"player_experience":500853,"relics_obtained":[{"floor":6.0,"key":"Dream Catcher"},{"floor":9.0,"key":"Bronze Scales"},{"floor":11.0,"key":"Shovel"},{"floor":13.0,"key":"Kunai"},{"floor":23,"key":"Smiling Mask"},{"floor":26,"key":"Ancient Tea Set"},{"floor":27,"key":"Pen Nib"},{"floor":31,"key":"Tiny Chest"},{"floor":37,"key":"The Specimen"}],"event_choices":[{"cards_removed":["Strike_G"],"damage_healed":0.0,"max_hp_gain":0.0,"max_hp_loss":0.0,"gold_gain":0.0,"event_name":"Bonfire Elementals","player_choice":"Offered Basic","floor":2.0,"gold_loss":0.0,"damage_taken":0.0},{"damage_healed":0.0,"max_hp_gain":0.0,"max_hp_loss":0.0,"gold_gain":75.0,"event_name":"World of Goop","player_choice":"Gather Gold","floor":12.0,"gold_loss":0.0,"damage_taken":11.0},{"damage_healed":0,"gold_gain":0,"player_choice":"Obtain J.A.X.","damage_taken":0,"max_hp_gain":0,"max_hp_loss":0,"event_name":"Drug Dealer","floor":22,"gold_loss":0,"cards_obtained":["J.A.X."]},{"damage_healed":0,"gold_gain":0,"player_choice":"Opened","damage_taken":0,"relics_obtained":["Pear"],"max_hp_gain":0,"max_hp_loss":0,"event_name":"The Mausoleum","floor":28,"gold_loss":0,"cards_obtained":["Writhe"]},{"damage_healed":0,"gold_gain":0,"player_choice":"Shed Blood","damage_taken":20,"max_hp_gain":5,"max_hp_loss":0,"event_name":"Forgotten Altar","floor":29,"gold_loss":0},{"damage_healed":0,"gold_gain":0,"player_choice":"Max HP","damage_taken":0,"max_hp_gain":0,"max_hp_loss":4,"event_name":"Winding Halls","floor":36,"gold_loss":0},{"damage_healed":0,"gold_gain":0,"player_choice":"Fight","damage_taken":0,"max_hp_gain":0,"max_hp_loss":0,"event_name":"Mysterious Sphere","floor":37,"gold_loss":0},{"damage_healed":0,"gold_gain":0,"player_choice":"Paid Gold","damage_taken":0,"relics_obtained":["Orichalcum"],"max_hp_gain":0,"max_hp_loss":0,"event_name":"WeMeetAgain","floor":38,"gold_loss":67}],"is_beta":false,"boss_relics":[{"not_picked":["Black Star","White Beast Statue"],"picked":"Cursed Key"},{"not_picked":["Orrery","Empty Cage"],"picked":"WristBlade"}],"items_purged_floors":[30,39],"is_endless":false,"potions_floor_spawned":[1,4,11,16,19,21,27,31,35,37],"killed_by":"Nemesis","ascension_level":2}