{"gold_per_floor":[117,129,129,129,148,148,178,190,190,190,265,265,283,312,312,415,415,432,357,357],"floor_reached":20,"playtime":2602,"items_purged":["Strike_R"],"score":255,"play_id":"1e8dfdf8-d7c7-4159-9980-ff41aea00bd8","local_time":"20180912141447","is_ascension_mode":true,"campfire_choices":[{"data":"Thunderclap","floor":6,"key":"SMITH"},{"floor":10,"key":"REST"},{"data":"Infernal Blade","floor":12,"key":"SMITH"},{"floor":15,"key":"REST"}],"neow_cost":"","seed_source_timestamp":671990924148584,"circlet_count":0,"master_deck":["Strike_R","Strike_R","Strike_R","Strike_R","Defend_R","Defend_R","Defend_R","Defend_R","Bash","Flex","Shrug It Off","Thunderclap+1","Infernal Blade+1","Spot Weakness","Feed","Cleave"],"relics":["Burning Blood","Gremlin Horn","Mercury Hourglass","Bottled Lightning","Mark of Pain"],"potions_floor_usage":[7,13,14,16],"damage_taken":[{"damage":4,"enemies":"Small Slimes","floor":1,"turns":4},{"damage":1,"enemies":"Cultist","floor":2,"turns":3},{"damage":0,"enemies":"2 Louse","floor":5,"turns":2},{"damage":52,"enemies":"3 Sentries","floor":7,"turns":9},{"damage":0,"enemies":"Exordium Thugs","floor":8,"turns":3},{"damage":0,"enemies":"Lots of Slimes","floor":13,"turns":1},{"damage":24,"enemies":"Gremlin Nob","floor":14,"turns":4},{"damage":38,"enemies":"The Guardian","floor":16,"turns":12},{"damage":31,"enemies":"3 Byrds","floor":18,"turns":5},{"damage":56,"enemies":"Colosseum Slavers","floor":20,"turns":4}],"seed_played":"-757816765439474371","potions_obtained":[{"floor":1,"key":"AttackPotion"},{"floor":7,"key":"Swift Potion"},{"floor":8,"key":"Weak Potion"},{"floor":14,"key":"Swift Potion"}],"is_trial":false,"path_per_floor":["M","M","?","?","M","R","E","M","T","R","?","R","M","E","R","B",null,"M","$"],"character_chosen":"IRONCLAD","items_purchased":[],"campfire_rested":2,"item_purchase_floors":[],"current_hp_per_floor":[74,79,79,80,80,80,34,40,40,64,56,56,62,48,72,40,70,51,51,0],"gold":357,"neow_bonus":"","is_prod":false,"is_daily":false,"chose_seed":false,"campfire_upgraded":2,"win_rate":0,"timestamp":1536754487,"path_taken":["M","M","?","?","M","R","E","?","T","R","?","R","?","E","R","BOSS","M","$","?"],"build_version":"2018-09-06","purchased_purges":1,"victory":false,"max_hp_per_floor":[80,80,80,80,80,80,80,80,80,80,80,80,80,80,80,80,80,86,86,86],"card_choices":[{"not_picked":["Corruption","Heavy Blade"],"picked":"Flex","floor":1},{"not_picked":["Anger","Body Slam"],"picked":"Shrug It Off","floor":2},{"not_picked":["Armaments","Whirlwind"],"picked":"Thunderclap","floor":5},{"not_picked":["Demon Form","Armaments"],"picked":"Infernal Blade","floor":7},{"not_picked":["Pummel","Blood for Blood","Evolve"],"picked":"SKIP","floor":8},{"not_picked":["Sword Boomerang","Clothesline"],"picked":"Spot Weakness","floor":13},{"not_picked":["Rampage","Flame Barrier","True Grit"],"picked":"SKIP","floor":14},{"not_picked":["Exhume","Double Tap"],"picked":"Feed","floor":16},{"not_picked":["Thunderclap","Flex"],"picked":"Cleave","floor":18}],"player_experience":330821,"relics_obtained":[{"floor":7,"key":"Gremlin Horn"},{"floor":9,"key":"Mercury Hourglass"},{"floor":14,"key":"Bottled Lightning"}],"event_choices":[{"event_name":"Liars Game","player_choice":"disagreed","floor":3,"damage_taken":0},{"event_name":"Wheel of Change","player_choice":"Full Heal","floor":4,"damage_taken":0},{"event_name":"FaceTrader","player_choice":"Touch","floor":11,"damage_taken":0},{"event_name":"Colosseum","player_choice":"Fight","floor":20,"damage_taken":0}],"is_beta":false,"boss_relics":[{"not_picked":["Coffee Dripper","Calling Bell"],"picked":"Mark of Pain"}],"items_purged_floors":[19],"is_endless":false,"potions_floor_spawned":[1,7,8,14],"killed_by":"Colosseum Slavers","ascension_level":8}