{"path_per_floor":["M","M","?","?","M","R","M","R","T","R","M","E","?","$","R","B",null,"M","?","M","?","M","R"],"character_chosen":"IRONCLAD","items_purchased":["Rupture","Mind Blast","Pantograph"],"gold_per_floor":[109,127,302,302,322,322,335,335,383,383,402,437,512,19,19,114,114,114,114,54,54,54,54,54],"floor_reached":24,"campfire_rested":0,"playtime":1048,"item_purchase_floors":[14,14,14],"current_hp_per_floor":[76,80,80,80,80,80,78,78,78,78,76,80,69,69,69,51,80,61,46,37,37,24,24,0],"items_purged":["Doubt"],"gold":54,"score":221,"play_id":"e6425506-e290-40e6-80d0-3ff5f2c8c10d","local_time":"20180526102109","is_prod":false,"is_daily":false,"chose_seed":false,"is_ascension_mode":false,"campfire_upgraded":5,"win_rate":0,"timestamp":1527355269,"campfire_choices":[{"data":"Fire Breathing","floor":6,"key":"SMITH"},{"data":"Iron Wave","floor":8,"key":"SMITH"},{"data":"Bash","floor":10,"key":"SMITH"},{"data":"Mind Blast","floor":15,"key":"SMITH"},{"data":"Rupture","floor":23,"key":"SMITH"}],"path_taken":["M","M","?","?","?","R","M","R","T","R","M","E","?","$","R","BOSS","M","?","?","?","M","R","E"],"build_version":"2018-05-25","seed_source_timestamp":2648690442289282,"purchased_purges":1,"victory":false,"master_deck":["Strike_R","Strike_R","Strike_R","Strike_R","Defend_R","Defend_R","Defend_R","Defend_R","Bash+1","Headbutt","Fire Breathing+1","Power Through","Dropkick","Iron Wave+1","Cleave","Bloodletting","Rupture+1","Mind Blast+1","Reaper","Body Slam+1","Havoc+1"],"max_hp_per_floor":[80,80,80,80,80,80,80,80,80,80,80,80,80,80,80,80,80,80,85,85,85,85,85,85],"relics":["Burning Blood","Bag of Preparation","Boot","Pantograph","Ectoplasm"],"card_choices":[{"not_picked":["Havoc","Dual Wield"],"picked":"Headbutt","floor":1},{"not_picked":["Shrug It Off","Havoc"],"picked":"Fire Breathing","floor":2},{"not_picked":["Shockwave","Clash"],"picked":"Dropkick","floor":5},{"not_picked":["Warcry","Sword Boomerang"],"picked":"Iron Wave","floor":7},{"not_picked":["Armaments","Warcry"],"picked":"Cleave","floor":11},{"not_picked":["Demon Form","Warcry"],"picked":"Bloodletting","floor":12},{"not_picked":["Bludgeon","Demon Form"],"picked":"Reaper","floor":16},{"not_picked":["Havoc","Searing Blow","Power Through"],"picked":"SKIP","floor":18},{"not_picked":["Shrug It Off","Sentinel+1"],"picked":"Body Slam+1","floor":20},{"not_picked":["Rampage","Clothesline"],"picked":"Havoc+1","floor":22}],"player_experience":113783,"potions_floor_usage":[12,12,16,24],"damage_taken":[{"damage":10,"enemies":"Jaw Worm","floor":1,"turns":4},{"damage":2,"enemies":"Small Slimes","floor":2,"turns":4},{"damage":3,"enemies":"2 Louse","floor":5,"turns":4},{"damage":8,"enemies":"Red Slaver","floor":7,"turns":5},{"damage":8,"enemies":"Exordium Thugs","floor":11,"turns":4},{"damage":2,"enemies":"Gremlin Nob","floor":12,"turns":3},{"damage":35,"enemies":"Slime Boss","floor":16,"turns":12},{"damage":25,"enemies":"Spheric Guardian","floor":18,"turns":4},{"damage":19,"enemies":"2 Thieves","floor":20,"turns":4},{"damage":27,"enemies":"Centurion and Healer","floor":22,"turns":8},{"damage":28,"enemies":"Book of Stabbing","floor":24,"turns":4}],"relics_obtained":[{"floor":9,"key":"Bag of Preparation"},{"floor":12,"key":"Boot"}],"event_choices":[{"event_name":"Liars Game","player_choice":"agreed","floor":3,"damage_taken":0},{"event_name":"Transmorgrifier","player_choice":"Transform","floor":4,"damage_taken":0},{"event_name":"World of Goop","player_choice":"Gather Gold","floor":13,"damage_taken":0},{"event_name":"Forgotten Altar","player_choice":"Shed Blood","floor":19,"damage_taken":0},{"event_name":"Beggar","player_choice":"Ignored","floor":21,"damage_taken":0}],"boss_relics":[{"not_picked":["Astrolabe","Tiny House"],"picked":"Ectoplasm"}],"items_purged_floors":[14],"potions_floor_spawned":[2,7,11,18],"seed_played":"-4643422078597057995","killed_by":"Book of Stabbing","ascension_level":0,"potions_obtained":[{"floor":2,"key":"Energy Potion"},{"floor":7,"key":"SneckoOil"},{"floor":11,"key":"PowerPotion"},{"floor":18,"key":"GamblersBrew"}],"is_trial":false}