{"gold_per_floor":[112,112,112,168,191,225,239,239,239,253,253,266,266,0,0,0],"floor_reached":16,"playtime":288,"items_purged":[],"score":250,"play_id":"0b5c10df-2e71-440b-807d-a908ef5b015d","local_time":"20190226134819","is_ascension_mode":true,"campfire_choices":[{"data":"Footwork","floor":8,"key":"SMITH"},{"data":"Deadly Poison","floor":11,"key":"SMITH"},{"data":"Neutralize","floor":13,"key":"SMITH"},{"data":"Poisoned Stab","floor":15,"key":"SMITH"}],"neow_cost":"NONE","seed_source_timestamp":447808869635841,"circlet_count":0,"master_deck":["AscendersBane","Defend_G","Defend_G","Defend_G","Defend_G","Defend_G","Strike_G","Strike_G","Strike_G","Strike_G","Strike_G","Survivor","Neutralize+1","Backstab","Footwork+1","Deadly Poison+1","PiercingWail","Poisoned Stab+1","Deadly Poison+1"],"relics":["Ring of the Snake","NeowsBlessing","Golden Idol","Peace Pipe","WingedGreaves","DollysMirror"],"potions_floor_usage":[16],"damage_taken":[{"damage":0,"enemies":"Jaw Worm","floor":1,"turns":1},{"damage":0,"enemies":"2 Louse","floor":5,"turns":1},{"damage":0,"enemies":"Lagavulin","floor":6,"turns":1},{"damage":0,"enemies":"Cultist","floor":7,"turns":5},{"damage":2,"enemies":"Blue Slaver","floor":10,"turns":5},{"damage":0,"enemies":"Looter","floor":12,"turns":3},{"damage":65,"enemies":"Slime Boss","floor":16,"turns":6}],"seed_played":"-5015378739354389658","potions_obtained":[{"floor":6,"key":"SteroidPotion"},{"floor":7,"key":"GamblersBrew"}],"is_trial":false,"path_per_floor":["M","?","?","?","M","E","M","R","T","M","R","M","R","$","R","B"],"character_chosen":"THE_SILENT","items_purchased":["Poisoned Stab","DollysMirror"],"campfire_rested":0,"item_purchase_floors":[14,14],"current_hp_per_floor":[59,59,59,59,59,59,59,59,59,57,57,57,57,57,57,0],"gold":0,"neow_bonus":"THREE_ENEMY_KILL","is_prod":false,"is_daily":false,"chose_seed":false,"campfire_upgraded":4,"win_rate":0,"timestamp":1551185299,"path_taken":["M","?","?","?","M","E","?","R","T","M","R","M","R","$","R","BOSS"],"build_version":"2019-01-23","purchased_purges":0,"victory":false,"max_hp_per_floor":[66,60,60,60,60,60,60,60,60,60,60,60,60,60,60,60],"card_choices":[{"not_picked":["Dodge and Roll","Quick Slash"],"picked":"Backstab","floor":1},{"not_picked":["Blade Dance","Well Laid Plans"],"picked":"Footwork","floor":5},{"not_picked":["Infinite Blades","Slice","Outmaneuver"],"picked":"SKIP","floor":6},{"not_picked":["Slice","Flechettes","Deflect"],"picked":"SKIP","floor":7},{"not_picked":["Burst","Flying Knee"],"picked":"Deadly Poison","floor":10},{"not_picked":["Flying Knee","Cloak And Dagger"],"picked":"PiercingWail","floor":12}],"player_experience":1348223,"relics_obtained":[{"floor":6,"key":"Peace Pipe"},{"floor":9,"key":"WingedGreaves"}],"event_choices":[{"damage_healed":0,"gold_gain":0,"player_choice":"Lose Max HP","damage_taken":0,"relics_obtained":["Golden Idol"],"max_hp_gain":0,"max_hp_loss":6,"event_name":"Golden Idol","floor":2,"gold_loss":0},{"damage_healed":0,"gold_gain":0,"player_choice":"Leave","damage_taken":0,"max_hp_gain":0,"max_hp_loss":0,"event_name":"The Cleric","floor":3,"gold_loss":0},{"damage_healed":0,"gold_gain":56,"player_choice":"Gained Gold","damage_taken":0,"max_hp_gain":0,"max_hp_loss":0,"event_name":"Golden Wing","floor":4,"gold_loss":0}],"is_beta":false,"boss_relics":[],"items_purged_floors":[],"is_endless":false,"potions_floor_spawned":[6,7,10],"killed_by":"Slime Boss","ascension_level":20}