{"path_per_floor":["M","M","M","?","T","E","?","R","T","M","M","$","R","M","R","B",null,"M","?","?","?","$","R","?","$","T","M","R","M","R","M","R","B",null,"M","$","?","$","M","E","R","E","T","M","M","?","M","M","R"],"character_chosen":"IRONCLAD","items_purchased":["Iron Wave","Evolve","Dual Wield","Metallicize"],"gold_per_floor":[111,121,141,141,167,199,199,199,199,180,150,27,27,40,40,142,442,454,454,454,454,284,284,284,88,88,99,99,115,115,133,133,229,229,245,20,20,20,33,62,62,95,95,106,118,0,12,23,23,23],"floor_reached":50,"campfire_rested":4,"playtime":12822,"current_hp_per_floor":[72,70,72,72,72,70,70,70,70,64,72,72,72,65,65,27,76,70,70,70,54,54,54,54,54,54,48,48,18,42,21,45,42,80,82,82,72,72,72,33,57,56,56,51,46,46,28,14,41,0],"items_purged":["Strike_R","Bash","Strike_R","Fiend Fire"],"gold":23,"score":525,"play_id":"670dd369-fc61-4f00-a073-431389df92be","local_time":"20180507205151","is_prod":false,"is_daily":false,"chose_seed":false,"is_ascension_mode":true,"campfire_upgraded":5,"timestamp":1525751511,"path_taken":["M","M","M","?","?","E","?","R","T","M","?","$","R","M","R","BOSS","M","?","?","?","$","R","?","$","T","M","R","M","R","?","R","BOSS","M","$","?","?","M","E","R","E","T","?","M","?","M","?","R","BOSS"],"build_version":"2018-05-03","seed_source_timestamp":0,"purchased_purges":4,"victory":false,"master_deck":["Defend_R","Defend_R","Defend_R","True Grit+1","Uppercut","Corruption","Juggernaut+1","Barricade+1","Armaments+1","Iron Wave","Injury","Clumsy","Necronomicurse","Evolve","Dual Wield","Searing Blow+1","Bloodletting+1","Dark Embrace","Metallicize","Madness","Madness","Iron Wave+1","Searing Blow+2","Pain","Flame Barrier+1"],"max_hp_per_floor":[72,72,72,72,72,72,72,72,72,72,74,74,74,76,76,76,76,78,78,78,78,78,78,78,78,78,78,78,80,80,80,80,80,80,82,82,82,82,82,82,82,84,84,86,88,88,88,90,90,90],"relics":["Burning Blood","Orichalcum","Singing Bowl","Du-Vu Doll","Calling Bell","Old Coin","Shuriken","Art of War","Necronomicon","Anchor","Vajra","Cursed Key","Molten Egg 2","Ginger","Ornamental Fan","Red Mask"],"card_choices":[{"not_picked":["Perfected Strike","Body Slam"],"picked":"True Grit","floor":1.0},{"not_picked":["Flame Barrier","Perfected Strike"],"picked":"Uppercut","floor":2.0},{"not_picked":["Cleave","Dual Wield"],"picked":"Corruption","floor":3.0},{"not_picked":["Anger","Havoc"],"picked":"Barricade","floor":6.0},{"not_picked":["Sword Boomerang","Ghostly Armor"],"picked":"Armaments","floor":10.0},{"not_picked":["Juggernaut","Barricade"],"picked":"Fiend Fire","floor":16.0},{"not_picked":["Second Wind","Anger"],"picked":"Searing Blow","floor":27.0},{"not_picked":["Twin Strike","Wild Strike"],"picked":"Bloodletting","floor":31.0},{"not_picked":["Double Tap","Immolate"],"picked":"Dark Embrace","floor":33.0},{"not_picked":["Clothesline","Cleave"],"picked":"Iron Wave","floor":39.0},{"not_picked":["Havoc","Combust"],"picked":"Searing Blow","floor":40.0},{"not_picked":["Searing Blow","Rage"],"picked":"Flame Barrier","floor":47}],"player_experience":320572,"potions_floor_usage":[48,50,50],"damage_taken":[{"damage":1.0,"enemies":"Jaw Worm","floor":1.0,"turns":4.0},{"damage":8.0,"enemies":"Cultist","floor":2.0,"turns":5.0},{"damage":0.0,"enemies":"Small Slimes","floor":3.0,"turns":4.0},{"damage":8.0,"enemies":"Gremlin Nob","floor":6.0,"turns":5.0},{"damage":12.0,"enemies":"Exordium Thugs","floor":10.0,"turns":5.0},{"damage":0.0,"enemies":"Looter","floor":11.0,"turns":4.0},{"damage":15.0,"enemies":"Large Slime","floor":14.0,"turns":9.0},{"damage":59.0,"enemies":"Slime Boss","floor":16.0,"turns":24.0},{"damage":14.0,"enemies":"Chosen","floor":18.0,"turns":7.0},{"damage":12.0,"enemies":"2 Thieves","floor":27.0,"turns":4.0},{"damage":38.0,"enemies":"Cultist and Chosen","floor":29.0,"turns":6.0},{"damage":27.0,"enemies":"Centurion and Healer","floor":31.0,"turns":7.0},{"damage":9.0,"enemies":"Collector","floor":33.0,"turns":10.0},{"damage":0.0,"enemies":"3 Shapes","floor":35.0,"turns":7.0},{"damage":6.0,"enemies":"Orb Walker","floor":39.0,"turns":5.0},{"damage":45.0,"enemies":"Nemesis","floor":40.0,"turns":9.0},{"damage":9,"enemies":"Giant Head","floor":42,"turns":8},{"damage":13,"enemies":"4 Shapes","floor":44,"turns":7},{"damage":13,"enemies":"Maw","floor":45,"turns":8},{"damage":24,"enemies":"3 Darklings","floor":47,"turns":6},{"damage":22,"enemies":"Sphere and 2 Shapes","floor":48,"turns":5},{"damage":41,"enemies":"Time Eater","floor":50,"turns":7}],"event_choices":[{"event_name":"Match and Keep!","player_choice":"1 cards matched","floor":4.0,"damage_taken":0.0},{"event_name":"Living Wall","player_choice":"Forget","floor":7.0,"damage_taken":0.0},{"event_name":"Back to Basics","player_choice":"Elegance","floor":19.0,"damage_taken":0.0},{"event_name":"Purifier","player_choice":"One Purge","floor":20.0,"damage_taken":0.0},{"event_name":"Cursed Tome","player_choice":"Obtained Book","floor":21.0,"damage_taken":0.0},{"event_name":"The Mausoleum","player_choice":"Yes","floor":24.0,"damage_taken":0.0},{"event_name":"Winding Halls","player_choice":"Embrace Madness","floor":37.0,"damage_taken":0.0},{"event_name":"Tomb of Lord Red Mask","player_choice":"Paid","floor":46,"damage_taken":0}],"boss_relics":[],"potions_floor_spawned":[6,10,14,16,18,31,33,35,44,45,48],"seed_played":"8973749243946815937","killed_by":"Time Eater","ascension_level":1,"is_trial":false}