{"gold_per_floor":[115,10,26,38,107,107,139,139,166,166,177,177,210,210,210,285,285,301,316,330,330,341,341,376,390,390,419,419,419,344,363,363,437,437,454,9,26,26,26,26,73,73,73,73,105,105,105],"floor_reached":47,"playtime":2117,"items_purged":["Decay"],"score":1148,"play_id":"44a2573a-4def-4a17-93f3-53ae62beae49","local_time":"20190304141535","is_ascension_mode":true,"campfire_choices":[{"data":"Malaise","floor":6.0,"key":"SMITH"},{"data":"Neutralize","floor":8.0,"key":"SMITH"},{"data":"Catalyst","floor":12.0,"key":"SMITH"},{"data":"Blade Dance","floor":15.0,"key":"SMITH"},{"floor":23.0,"key":"REST"},{"data":"Footwork","floor":28.0,"key":"SMITH"},{"floor":32.0,"key":"REST"},{"data":"Well Laid Plans","floor":40.0,"key":"SMITH"},{"data":"Noxious Fumes","floor":42.0,"key":"SMITH"},{"data":"Noxious Fumes","floor":46,"key":"SMITH"}],"neow_cost":"CURSE","seed_source_timestamp":0,"circlet_count":0,"master_deck":["AscendersBane","Defend_G","Defend_G","Defend_G","Defend_G","Defend_G","Survivor","Neutralize+1","Malaise+1","Deadly Poison","Poisoned Stab","Catalyst+1","Footwork+1","Deadly Poison","Blade Dance+1","Adrenaline","Poisoned Stab+1","Dagger Spray+1","PiercingWail","Cloak And Dagger+1","Dagger Throw","Setup","Adrenaline","Well Laid Plans+1","Noxious Fumes+1","PiercingWail","Noxious Fumes+1","Catalyst+1","Dark Shackles","Secret Technique","Concentrate"],"special_seed":0,"relics":["Ring of the Snake","Bottled Lightning","Ninja Scroll","Potion Belt","Shuriken","Empty Cage","Lantern","Letter Opener","Boot","Orrery","OrangePellets","Torii","Meat on the Bone","Ornamental Fan"],"potions_floor_usage":[45,45,45,45,47],"damage_taken":[{"damage":2.0,"enemies":"Cultist","floor":1.0,"turns":4.0},{"damage":8.0,"enemies":"Small Slimes","floor":3.0,"turns":6.0},{"damage":2.0,"enemies":"2 Louse","floor":4.0,"turns":4.0},{"damage":22.0,"enemies":"Lagavulin","floor":7.0,"turns":7.0},{"damage":0.0,"enemies":"Looter","floor":11.0,"turns":4.0},{"damage":3.0,"enemies":"Gremlin Nob","floor":13.0,"turns":3.0},{"damage":9.0,"enemies":"Hexaghost","floor":16.0,"turns":10.0},{"damage":20.0,"enemies":"Chosen","floor":18.0,"turns":5.0},{"damage":1.0,"enemies":"Spheric Guardian","floor":19.0,"turns":3.0},{"damage":30.0,"enemies":"3 Cultists","floor":20.0,"turns":7.0},{"damage":10.0,"enemies":"Centurion and Healer","floor":22.0,"turns":6.0},{"damage":0.0,"enemies":"Gremlin Leader","floor":24.0,"turns":8.0},{"damage":2.0,"enemies":"Cultist and Chosen","floor":25.0,"turns":5.0},{"damage":0.0,"enemies":"Book of Stabbing","floor":27.0,"turns":6.0},{"damage":1.0,"enemies":"Snecko","floor":31.0,"turns":6.0},{"damage":12.0,"enemies":"Champ","floor":33.0,"turns":11.0},{"damage":15.0,"enemies":"3 Darklings","floor":35.0,"turns":5.0},{"damage":0.0,"enemies":"3 Shapes","floor":37.0,"turns":6.0},{"damage":22.0,"enemies":"2 Orb Walkers","floor":41.0,"turns":3.0},{"damage":26,"enemies":"Reptomancer","floor":45,"turns":6},{"damage":18,"enemies":"Jaw Worm Horde","floor":47,"turns":2}],"seed_played":"6678921548849895598","potions_obtained":[{"floor":1.0,"key":"LiquidBronze"},{"floor":7.0,"key":"GhostInAJar"},{"floor":11.0,"key":"GamblersBrew"},{"floor":16.0,"key":"SteroidPotion"},{"floor":19.0,"key":"SteroidPotion"},{"floor":24.0,"key":"Energy Potion"},{"floor":31.0,"key":"Swift Potion"},{"floor":41.0,"key":"Ancient Potion"},{"floor":45,"key":"Dexterity Potion"}],"is_trial":false,"path_per_floor":["M","$","M","M","T","R","E","R","T","?","M","R","E","?","R","B",null,"M","M","M","?","M","R","E","M","T","E","R","?","?","M","R","B",null,"M","$","M","?","?","R","?","R","T","?","E","R","M"],"character_chosen":"THE_SILENT","items_purchased":["Deadly Poison","OrangePellets","PowerPotion","Noxious Fumes","Regen Potion"],"campfire_rested":2,"item_purchase_floors":[2,36,36,36,36],"current_hp_per_floor":[57,57,49,47,47,47,25,25,25,25,25,25,22,66,66,57,64,44,43,13,13,3,22,22,20,20,20,20,20,20,19,38,26,56,41,41,41,41,41,41,19,19,19,14,15,15,0],"gold":105,"neow_bonus":"THREE_RARE_CARDS","is_prod":false,"is_daily":false,"chose_seed":false,"campfire_upgraded":8,"win_rate":0,"timestamp":1551705335,"path_taken":["M","$","M","M","?","R","E","R","T","?","M","R","E","?","R","BOSS","M","M","?","?","?","R","E","M","T","E","R","?","?","M","R","BOSS","M","$","M","?","?","R","?","R","T","?","E","R","M"],"build_version":"2019-01-23","purchased_purges":1,"victory":false,"max_hp_per_floor":[66,66,66,66,66,66,66,66,66,66,66,66,66,66,66,66,66,66,66,66,66,66,66,66,66,66,66,66,66,66,66,66,66,66,66,66,66,63,63,63,63,63,63,63,63,63,63],"card_choices":[{"not_picked":["Wraith Form v2","A Thousand Cuts"],"picked":"Malaise","floor":0.0},{"not_picked":["Prepared","Slice","Acrobatics"],"picked":"SKIP","floor":1.0},{"not_picked":["Outmaneuver","Leg Sweep"],"picked":"Poisoned Stab","floor":3.0},{"not_picked":["Dodge and Roll","Dagger Throw"],"picked":"Catalyst","floor":4.0},{"not_picked":["Accuracy","Outmaneuver"],"picked":"Footwork","floor":7.0},{"not_picked":["Prepared","Finisher"],"picked":"Deadly Poison","floor":11.0},{"not_picked":["Dagger Throw","Poisoned Stab"],"picked":"Blade Dance","floor":13.0},{"not_picked":["Malaise","Doppelganger"],"picked":"Adrenaline","floor":16.0},{"not_picked":["Dash","Heel Hook"],"picked":"Poisoned Stab+1","floor":18.0},{"not_picked":["Bane","Quick Slash"],"picked":"Dagger Spray","floor":19.0},{"not_picked":["Prepared","Riddle With Holes"],"picked":"PiercingWail","floor":20.0},{"not_picked":["Phantasmal Killer","Blade Dance","Endless Agony"],"picked":"SKIP","floor":22.0},{"not_picked":["Dagger Spray","Cloak And Dagger","Dagger Throw"],"picked":"SKIP","floor":24.0},{"not_picked":["Dagger Throw","Bane","Deadly Poison"],"picked":"SKIP","floor":25.0},{"not_picked":["Prepared","Caltrops"],"picked":"Cloak And Dagger+1","floor":27.0},{"not_picked":["Outmaneuver","Masterful Stab","Cloak And Dagger"],"picked":"SKIP","floor":31.0},{"not_picked":["Wraith Form v2","Die Die Die"],"picked":"Adrenaline","floor":33.0},{"not_picked":["Predator","Quick Slash"],"picked":"PiercingWail+1","floor":34.0},{"not_picked":["Reflex","Escape Plan+1"],"picked":"Well Laid Plans","floor":34.0},{"not_picked":["Deadly Poison","Dagger Spray"],"picked":"Noxious Fumes","floor":34.0},{"not_picked":["Sucker Punch+1","Deflect"],"picked":"PiercingWail","floor":34.0},{"not_picked":["Flying Knee","Prepared","Predator"],"picked":"SKIP","floor":35.0},{"not_picked":["Caltrops+1","Phantasmal Killer"],"picked":"Catalyst+1","floor":37.0},{"not_picked":["Enlightenment","Dramatic Entrance"],"picked":"Dark Shackles","floor":44.0},{"not_picked":["Blind","Thinking Ahead"],"picked":"Secret Technique","floor":44.0},{"not_picked":["Cloak And Dagger","Predator"],"picked":"Concentrate","floor":45}],"player_experience":1357966,"relics_obtained":[{"floor":5.0,"key":"Bottled Lightning"},{"floor":7.0,"key":"Ninja Scroll"},{"floor":9.0,"key":"Potion Belt"},{"floor":13.0,"key":"Shuriken"},{"floor":24.0,"key":"Lantern"},{"floor":26.0,"key":"Letter Opener"},{"floor":27.0,"key":"Boot"},{"floor":41.0,"key":"Torii"},{"floor":43.0,"key":"Meat on the Bone"},{"floor":45,"key":"Ornamental Fan"}],"event_choices":[{"damage_healed":0.0,"max_hp_gain":0.0,"max_hp_loss":0.0,"gold_gain":0.0,"event_name":"Liars Game","player_choice":"Ignored","floor":10.0,"gold_loss":0.0,"damage_taken":0.0},{"damage_healed":44.0,"max_hp_gain":0.0,"max_hp_loss":0.0,"gold_gain":0.0,"event_name":"Wheel of Change","player_choice":"Full Heal","floor":14.0,"gold_loss":0.0,"damage_taken":0.0},{"damage_healed":0.0,"max_hp_gain":0.0,"max_hp_loss":0.0,"gold_gain":0.0,"event_name":"Upgrade Shrine","player_choice":"Upgraded","floor":21.0,"gold_loss":0.0,"damage_taken":0.0,"cards_upgraded":["Dagger Spray"]},{"damage_healed":0.0,"max_hp_gain":0.0,"max_hp_loss":0.0,"gold_gain":0.0,"cards_transformed":["Strike_G","Strike_G"],"event_name":"Drug Dealer","player_choice":"Became Test Subject","floor":29.0,"gold_loss":0.0,"damage_taken":0.0,"cards_obtained":["Dagger Throw","Setup"]},{"cards_removed":["Strike_G"],"damage_healed":0.0,"max_hp_gain":0.0,"max_hp_loss":0.0,"gold_gain":0.0,"event_name":"Beggar","player_choice":"Gave Gold","floor":30.0,"gold_loss":75.0,"damage_taken":0.0},{"damage_healed":0.0,"max_hp_gain":0.0,"max_hp_loss":3.0,"gold_gain":0.0,"event_name":"Winding Halls","player_choice":"Max HP","floor":38.0,"gold_loss":0.0,"damage_taken":0.0},{"cards_removed":["PiercingWail"],"damage_healed":0.0,"max_hp_gain":0.0,"max_hp_loss":0.0,"gold_gain":0.0,"event_name":"Falling","player_choice":"Removed Skill","floor":39.0,"gold_loss":0.0,"damage_taken":0.0},{"damage_healed":0.0,"max_hp_gain":0.0,"max_hp_loss":0.0,"gold_gain":0.0,"event_name":"Mysterious Sphere","player_choice":"Fight","floor":41.0,"gold_loss":0.0,"damage_taken":0.0},{"damage_healed":0.0,"max_hp_gain":0.0,"max_hp_loss":0.0,"gold_gain":0.0,"event_name":"SensoryStone","player_choice":"Memory 2","floor":44.0,"gold_loss":0.0,"damage_taken":5.0}],"is_beta":false,"boss_relics":[{"not_picked":["Coffee Dripper","Lizard Tail"],"picked":"Empty Cage"},{"not_picked":["Pandora\u0027s Box","Runic Dome"],"picked":"Orrery"}],"items_purged_floors":[2],"is_endless":false,"potions_floor_spawned":[1,7,11,16,19,24,25,31,41,45],"killed_by":"Jaw Worm Horde","ascension_level":20}