{"gold_per_floor":[14,33,33,33,49,49,49,49,76,108,108,133,133,144,144,220,220,232,244,244,244,159,159,175,175,175,175,185,185,185,200,200,271,271,283,297,297,315,295,295],"floor_reached":40,"playtime":1781,"items_purged":[],"score":788,"play_id":"fce37eca-60dd-437c-bc36-b7066c243647","local_time":"20190131135910","is_ascension_mode":true,"campfire_choices":[{"data":"Deadly Poison","floor":6,"key":"SMITH"},{"data":"Dagger Spray","floor":8,"key":"SMITH"},{"floor":13,"key":"REST"},{"floor":15,"key":"REST"},{"data":"Corpse Explosion","floor":23,"key":"SMITH"},{"floor":25,"key":"REST"},{"data":"Wraith Form v2","floor":30,"key":"SMITH"},{"floor":32,"key":"REST"}],"neow_cost":"NO_GOLD","seed_source_timestamp":181046347000729,"circlet_count":0,"master_deck":["AscendersBane","Defend_G+1","Defend_G+1","Defend_G+1","Defend_G+1","Defend_G+1","Strike_G+1","Strike_G+1","Strike_G+1","Survivor","Neutralize+1","Unload","Footwork","Deadly Poison+1","Dagger Spray+1","Well Laid Plans","Deadly Poison","Corpse Explosion+1","Wraith Form v2+1","Underhanded Strike","Phantasmal Killer","Prepared","Envenom","Backstab","Night Terror","Acrobatics","Skewer+1","Predator"],"relics":["Ring of the Snake","Gremlin Horn","Pen Nib","Unceasing Top","Tough Bandages","Snecko Eye","Torii","Blue Candle","Omamori","HoveringKite"],"potions_floor_usage":[12,33],"damage_taken":[{"damage":0,"enemies":"Small Slimes","floor":1,"turns":3},{"damage":0,"enemies":"2 Louse","floor":2,"turns":4},{"damage":0,"enemies":"Jaw Worm","floor":5,"turns":4},{"damage":29,"enemies":"Lagavulin","floor":10,"turns":7},{"damage":17,"enemies":"3 Sentries","floor":12,"turns":9},{"damage":11,"enemies":"Large Slime","floor":14,"turns":6},{"damage":31,"enemies":"Slime Boss","floor":16,"turns":11},{"damage":27,"enemies":"Spheric Guardian","floor":18,"turns":8},{"damage":17,"enemies":"3 Byrds","floor":19,"turns":3},{"damage":2,"enemies":"Snecko","floor":24,"turns":6},{"damage":0,"enemies":"3 Cultists","floor":28,"turns":2},{"damage":0,"enemies":"Snake Plant","floor":31,"turns":5},{"damage":43,"enemies":"Collector","floor":33,"turns":10},{"damage":1,"enemies":"3 Darklings","floor":35,"turns":2},{"damage":10,"enemies":"3 Shapes","floor":36,"turns":4},{"damage":16,"enemies":"Maw","floor":38,"turns":7},{"damage":33,"enemies":"Reptomancer","floor":40,"turns":2}],"seed_played":"4433094904453052203","potions_obtained":[{"floor":1,"key":"GhostInAJar"},{"floor":2,"key":"SpeedPotion"},{"floor":14,"key":"SpeedPotion"},{"floor":33,"key":"SkillPotion"},{"floor":38,"key":"SteroidPotion"}],"is_trial":false,"path_per_floor":["M","M","?","?","M","R","$","R","T","E","?","E","R","M","R","B",null,"M","M","?","?","?","R","M","R","T","T","M","$","R","M","R","B",null,"M","M","?","M","?","E"],"character_chosen":"THE_SILENT","items_purchased":[],"campfire_rested":4,"item_purchase_floors":[],"current_hp_per_floor":[59,59,64,53,53,53,53,53,53,24,24,7,28,17,38,7,55,28,11,11,11,11,11,9,30,30,30,30,30,30,30,51,8,55,54,44,44,28,28,0],"gold":295,"neow_bonus":"THREE_RARE_CARDS","is_prod":false,"is_daily":false,"chose_seed":false,"campfire_upgraded":4,"win_rate":0,"timestamp":1548939550,"path_taken":["M","M","?","?","M","R","$","R","T","E","?","E","R","M","R","BOSS","M","M","?","?","?","R","M","R","T","?","M","$","R","?","R","BOSS","M","M","?","M","?","E"],"build_version":"2019-01-23","purchased_purges":0,"victory":false,"max_hp_per_floor":[66,66,71,71,71,71,71,71,71,71,71,71,71,71,71,71,71,71,71,71,71,71,71,71,71,71,71,71,71,71,71,71,71,71,71,71,71,71,71,71],"card_choices":[{"not_picked":["Venomology","Grand Finale"],"picked":"Unload","floor":0},{"not_picked":["Reflex","Expertise"],"picked":"Footwork","floor":1},{"not_picked":["Cloak And Dagger","Sucker Punch"],"picked":"Deadly Poison","floor":2},{"not_picked":["Sucker Punch","Blade Dance"],"picked":"Dagger Spray","floor":5},{"not_picked":["Calculated Gamble","Blade Dance"],"picked":"Well Laid Plans","floor":10},{"not_picked":["Choke","Bouncing Flask"],"picked":"Deadly Poison","floor":12},{"not_picked":["Footwork","Dagger Throw"],"picked":"Corpse Explosion","floor":14},{"not_picked":["Storm of Steel","Doppelganger"],"picked":"Wraith Form v2","floor":16},{"not_picked":["Outmaneuver","Prepared","Sucker Punch"],"picked":"SKIP","floor":18},{"not_picked":["Blur","Prepared"],"picked":"Underhanded Strike","floor":19},{"not_picked":["Skewer","Cloak And Dagger"],"picked":"Envenom","floor":24},{"not_picked":["Deflect+1","Reflex"],"picked":"Backstab","floor":28},{"not_picked":["Outmaneuver","Dagger Spray","Glass Knife"],"picked":"SKIP","floor":31},{"not_picked":["Burst","Tools of the Trade"],"picked":"Night Terror","floor":33},{"not_picked":["Dagger Throw+1","Bane+1"],"picked":"Acrobatics","floor":35},{"not_picked":["PiercingWail","Backflip+1"],"picked":"Skewer+1","floor":36},{"not_picked":["Sucker Punch","Deadly Poison"],"picked":"Predator","floor":38}],"player_experience":1273186,"relics_obtained":[{"floor":9,"key":"Pen Nib"},{"floor":10,"key":"Unceasing Top"},{"floor":12,"key":"Tough Bandages"},{"floor":26,"key":"Blue Candle"},{"floor":27,"key":"Omamori"}],"event_choices":[{"damage_healed":0,"gold_gain":0,"player_choice":"Donut","damage_taken":0,"max_hp_gain":5,"max_hp_loss":0,"event_name":"Big Fish","floor":3,"gold_loss":0},{"damage_healed":0,"gold_gain":0,"player_choice":"Success","damage_taken":11,"relics_obtained":["Gremlin Horn"],"max_hp_gain":0,"max_hp_loss":0,"event_name":"Scrap Ooze","floor":4,"gold_loss":0},{"damage_healed":0,"gold_gain":0,"player_choice":"Grow","damage_taken":0,"max_hp_gain":0,"max_hp_loss":0,"event_name":"Living Wall","floor":11,"gold_loss":0,"cards_upgraded":["Neutralize"]},{"damage_healed":0,"gold_gain":0,"cards_transformed":["Strike_G","Strike_G"],"player_choice":"Became Test Subject","damage_taken":0,"max_hp_gain":0,"max_hp_loss":0,"event_name":"Drug Dealer","floor":20,"gold_loss":0,"cards_obtained":["Phantasmal Killer","Prepared"]},{"damage_healed":0,"gold_gain":0,"player_choice":"Simplicity","damage_taken":0,"max_hp_gain":0,"max_hp_loss":0,"event_name":"Back to Basics","floor":21,"gold_loss":0,"cards_upgraded":["Defend_G","Defend_G","Defend_G","Defend_G","Defend_G","Strike_G","Strike_G","Strike_G"]},{"damage_healed":0,"gold_gain":0,"player_choice":"Obtained Relic","damage_taken":0,"relics_obtained":["Torii"],"max_hp_gain":0,"max_hp_loss":0,"event_name":"Addict","floor":22,"gold_loss":85},{"damage_healed":0,"gold_gain":0,"player_choice":"Ignored","damage_taken":0,"max_hp_gain":0,"max_hp_loss":0,"event_name":"Tomb of Lord Red Mask","floor":37,"gold_loss":0},{"damage_healed":0,"gold_gain":0,"player_choice":"Bought 1 Potion","damage_taken":0,"max_hp_gain":0,"max_hp_loss":0,"event_name":"The Woman in Blue","floor":39,"gold_loss":0}],"is_beta":false,"boss_relics":[{"not_picked":["Ring of the Serpent","Tiny House"],"picked":"Snecko Eye"},{"not_picked":["Velvet Choker","Runic Pyramid"],"picked":"HoveringKite"}],"items_purged_floors":[],"is_endless":false,"potions_floor_spawned":[1,2,14,19,33,35,38],"killed_by":"Reptomancer","ascension_level":20}