{"path_per_floor":["M","?","?","$","M","E","R","M","T","E","?","M","?","E","R","B",null,"M","M","?","?","M","E","R","T","T","?","M"],"character_chosen":"THE_SILENT","items_purchased":["Tools of the Trade"],"gold_per_floor":[109,109,109,35,54,80,80,100,153,187,187,197,197,231,231,334,334,353,364,364,289,299,329,329,329,354,354,367,367],"floor_reached":29,"campfire_rested":2,"playtime":2352,"current_hp_per_floor":[70,70,70,70,67,54,54,54,61,47,47,47,47,34,72,41,77,71,64,50,50,41,1,40,40,40,40,16,0],"items_purged":[],"gold":367,"score":274,"play_id":"47dcbe02-f6b5-4949-8207-7b731f187f02","local_time":"20180419212416","is_prod":false,"is_daily":false,"chose_seed":false,"is_ascension_mode":true,"campfire_upgraded":1,"timestamp":1524198256,"path_taken":["M","?","?","$","M","E","R","M","T","E","?","M","?","E","R","BOSS","M","M","?","?","?","E","R","?","T","?","M","?"],"build_version":"2018-04-19","seed_source_timestamp":159154801017559,"purchased_purges":0,"victory":false,"master_deck":["Defend_G","Defend_G","Defend_G","Strike_G","Strike_G","Strike_G","Strike_G+1","Strike_G+1","Neutralize","Bullet Time","Predator","Tools of the Trade","Terror","Endless Agony+1","Blur","Cloak And Dagger","Heel Hook","Caltrops","Die Die Die","Accuracy","Dodge and Roll+1","Flying Knee+1","Backflip+1","Acrobatics"],"max_hp_per_floor":[70,70,70,70,70,70,70,70,77,77,77,77,77,77,77,77,77,77,77,82,82,82,82,82,82,82,82,82,82],"relics":["Ring of the Snake","Whetstone","Strawberry","Regal Pillow","Blood Vial","Ice Cream","Sozu","Ancient Tea Set","Bottled Tornado","Singing Bowl","Dream Catcher"],"card_choices":[{"not_picked":["Deflect","Dagger Spray"],"picked":"Predator","floor":1},{"not_picked":["Cloak And Dagger","Deadly Poison"],"picked":"Terror","floor":5},{"not_picked":["Grand Finale","Outmaneuver"],"picked":"Endless Agony","floor":6},{"not_picked":["Footwork","Eviscerate"],"picked":"Blur","floor":8},{"not_picked":["Deflect","PiercingWail"],"picked":"Cloak And Dagger","floor":10},{"not_picked":["Deflect","Footwork"],"picked":"Heel Hook","floor":12},{"not_picked":["Tools of the Trade","Masterful Stab"],"picked":"Caltrops","floor":14},{"not_picked":["Bullet Time","Grand Finale"],"picked":"Die Die Die","floor":16},{"not_picked":["Backflip","Deadly Poison"],"picked":"Accuracy","floor":18},{"not_picked":["Acrobatics","Outmaneuver"],"picked":"Dodge and Roll","floor":19},{"not_picked":["Escape Plan","Outmaneuver"],"picked":"Flying Knee","floor":22},{"not_picked":["Dodge and Roll","Sucker Punch"],"picked":"Backflip","floor":23},{"not_picked":["Heel Hook","Terror"],"picked":"Acrobatics","floor":28}],"player_experience":231914,"potions_floor_usage":[6,10,14,19],"damage_taken":[{"damage":0,"enemies":"Cultist","floor":1,"turns":5},{"damage":3,"enemies":"Jaw Worm","floor":5,"turns":2},{"damage":13,"enemies":"Lagavulin","floor":6,"turns":5},{"damage":0,"enemies":"Small Slimes","floor":8,"turns":2},{"damage":14,"enemies":"3 Sentries","floor":10,"turns":7},{"damage":0,"enemies":"3 Louse","floor":12,"turns":2},{"damage":15,"enemies":"Gremlin Nob","floor":14,"turns":3},{"damage":33,"enemies":"Hexaghost","floor":16,"turns":9},{"damage":6,"enemies":"Chosen","floor":18,"turns":5},{"damage":9,"enemies":"2 Thieves","floor":19,"turns":3},{"damage":11,"enemies":"Snake Plant","floor":22,"turns":4},{"damage":42,"enemies":"Gremlin Leader","floor":23,"turns":7},{"damage":26,"enemies":"Cultist and Chosen","floor":28,"turns":4},{"damage":20,"enemies":"3 Cultists","floor":29,"turns":4}],"event_choices":[{"event_name":"Wheel of Change","player_choice":"Card Removal","floor":2,"damage_taken":0},{"event_name":"Bonfire Elementals","player_choice":"BASIC","floor":3,"damage_taken":0},{"event_name":"Purifier","player_choice":"One Purge","floor":11,"damage_taken":0},{"event_name":"Big Fish","player_choice":"Box","floor":13,"damage_taken":0},{"event_name":"Forgotten Altar","player_choice":"Shed Blood","floor":20,"damage_taken":0},{"event_name":"Beggar","player_choice":"Gave Gold","floor":21,"damage_taken":0},{"event_name":"The Mausoleum","player_choice":"Yes","floor":27,"damage_taken":0}],"boss_relics":[{"not_picked":["Orrery","Cursed Key"],"picked":"Sozu"}],"potions_floor_spawned":[1,5,10,14,19,28],"seed_played":"2067124056834564623","killed_by":"3 Cultists","ascension_level":1,"is_trial":false}