{"gold_per_floor":[109,120,220,230,99,126,138,138,138,138,165,184,29,47,47,118,118,134,100,30,30,30,30,61,61],"floor_reached":25,"playtime":1012,"items_purged":["Strike_B"],"score":528,"play_id":"9715ba17-e702-4b2e-9832-4faa17ece146","local_time":"20190423173638","is_ascension_mode":true,"campfire_choices":[{"data":"Defragment","floor":8,"key":"SMITH"},{"data":"Coolheaded","floor":10,"key":"SMITH"},{"data":"Defragment","floor":15,"key":"SMITH"},{"data":"Blizzard","floor":23,"key":"SMITH"}],"neow_cost":"NONE","seed_source_timestamp":7811880023138,"circlet_count":0,"master_deck":["AscendersBane","Strike_B","Defend_B","Defend_B","Defend_B","Defend_B","Zap","Dualcast","Lockon","Glacier","Glacier","Cold Snap","Coolheaded+1","Rip and Tear","Glacier","Defragment+1","Blizzard+1","Ball Lightning","Glacier","Defragment+1","Biased Cognition","Defragment","Hologram+1","Defragment"],"relics":["Cracked Core","Emotion Chip","Mercury Hourglass","Cables","Empty Cage","Vajra"],"potions_floor_usage":[12,18],"damage_taken":[{"damage":1,"enemies":"Cultist","floor":1,"turns":3},{"damage":4,"enemies":"Small Slimes","floor":2,"turns":3},{"damage":1,"enemies":"Jaw Worm","floor":4,"turns":4},{"damage":25,"enemies":"Gremlin Nob","floor":6,"turns":6},{"damage":2,"enemies":"Looter","floor":7,"turns":4},{"damage":6,"enemies":"3 Sentries","floor":11,"turns":7},{"damage":0,"enemies":"Exordium Thugs","floor":12,"turns":3},{"damage":2,"enemies":"Large Slime","floor":14,"turns":4},{"damage":0,"enemies":"The Guardian","floor":16,"turns":10},{"damage":0,"enemies":"3 Byrds","floor":18,"turns":6},{"damage":12,"enemies":"2 Thieves","floor":19,"turns":5},{"damage":30,"enemies":"Gremlin Leader","floor":24,"turns":7},{"damage":5,"enemies":"Shelled Parasite and Fungi","floor":25,"turns":3}],"seed_played":"-4709985106050660306","potions_obtained":[{"floor":1,"key":"Block Potion"},{"floor":2,"key":"AttackPotion"}],"is_trial":false,"path_per_floor":["M","M","?","M","$","E","M","R","T","R","E","M","$","M","R","B",null,"M","M","$","?","$","R","E","M"],"character_chosen":"DEFECT","items_purchased":["Cold Snap","Coolheaded","Rip and Tear","Glacier","Defragment"],"campfire_rested":0,"item_purchase_floors":[5,5,5,13,20],"current_hp_per_floor":[70,66,66,65,65,40,38,38,38,38,32,32,32,30,30,30,66,66,54,54,54,54,54,24,19],"gold":61,"neow_bonus":"TEN_PERCENT_HP_BONUS","is_prod":false,"is_daily":false,"chose_seed":false,"campfire_upgraded":4,"win_rate":0,"timestamp":1556051798,"path_taken":["M","?","?","M","$","E","?","R","T","R","E","M","$","M","R","BOSS","M","M","$","?","$","R","E","M"],"build_version":"2019-01-23","purchased_purges":1,"victory":false,"max_hp_per_floor":[78,78,78,78,78,78,78,78,78,78,78,78,78,78,78,78,78,78,78,78,78,78,78,78,78],"card_choices":[{"not_picked":["Sweeping Beam","Double Energy"],"picked":"Lockon","floor":1},{"not_picked":["Storm","Beam Cell"],"picked":"Glacier","floor":2},{"not_picked":["Compile Driver","Auto Shields"],"picked":"Glacier","floor":4},{"not_picked":["Barrage","Genetic Algorithm"],"picked":"Glacier","floor":6},{"not_picked":["Leap","Tempest"],"picked":"Defragment","floor":7},{"not_picked":["Sweeping Beam","Undo"],"picked":"Blizzard","floor":11},{"not_picked":["Turbo","Beam Cell"],"picked":"Ball Lightning","floor":12},{"not_picked":["Steam Power","Recycle"],"picked":"Defragment","floor":14},{"not_picked":["Buffer","Echo Form"],"picked":"Biased Cognition","floor":16},{"not_picked":["Double Energy","Barrage"],"picked":"Defragment","floor":18},{"not_picked":["Streamline+1","Cold Snap"],"picked":"Hologram+1","floor":19},{"not_picked":["Coolheaded","Chaos","Redo+1"],"picked":"SKIP","floor":24}],"player_experience":736773,"relics_obtained":[{"floor":6,"key":"Emotion Chip"},{"floor":9,"key":"Mercury Hourglass"},{"floor":11,"key":"Cables"},{"floor":24,"key":"Vajra"}],"event_choices":[{"damage_healed":0,"gold_gain":100,"player_choice":"Gold","damage_taken":0,"max_hp_gain":0,"max_hp_loss":0,"event_name":"Wheel of Change","floor":3,"gold_loss":0},{"damage_healed":0,"gold_gain":0,"player_choice":"Ignored","damage_taken":0,"max_hp_gain":0,"max_hp_loss":0,"event_name":"Vampires","floor":21,"gold_loss":0}],"is_beta":false,"boss_relics":[{"not_picked":["Tiny House","FrozenCore"],"picked":"Empty Cage"}],"items_purged_floors":[13],"is_endless":false,"potions_floor_spawned":[1,2,11],"killed_by":"Shelled Parasite and Fungi","ascension_level":14}