{"path_per_floor":["M","?","?","M","M","T","R","M","T","E","M","M","R","M","R","B",null,"M","$","?","M","M","R","E","M","T","M","M","M","E","M","R"],"character_chosen":"IRONCLAD","items_purchased":["Bag of Marbles","Seeing Red","Dropkick"],"gold_per_floor":[10,10,10,31,52,52,52,65,110,150,173,187,187,206,206,334,334,349,88,13,29,54,54,92,115,115,131,150,170,231,251,251,251],"floor_reached":33,"campfire_rested":0,"playtime":1454,"item_purchase_floors":[19,19,19],"current_hp_per_floor":[96,96,89,89,95,95,95,96,96,81,87,93,93,94,94,62,96,84,84,84,79,64,64,74,78,78,55,65,66,58,53,53,0],"items_purged":[],"gold":251,"score":345,"play_id":"701e3b1f-7856-477f-8561-ef7c6ae22eb5","local_time":"20180623202019","is_prod":false,"is_daily":false,"chose_seed":false,"is_ascension_mode":false,"campfire_upgraded":5,"win_rate":0,"timestamp":1529810419,"campfire_choices":[{"data":"Clothesline","floor":7,"key":"SMITH"},{"data":"Pommel Strike","floor":13,"key":"SMITH"},{"data":"Bash","floor":15,"key":"SMITH"},{"data":"Seeing Red","floor":23,"key":"SMITH"},{"data":"Barricade","floor":32,"key":"SMITH"}],"path_taken":["M","?","?","M","M","?","R","M","T","E","?","M","R","M","R","BOSS","M","$","?","?","M","R","E","M","T","M","M","M","E","M","R","BOSS"],"build_version":"2018-06-21","seed_source_timestamp":731592946851392,"purchased_purges":0,"circlet_count":0,"victory":false,"master_deck":["Strike_R","Strike_R","Strike_R","Strike_R","Defend_R","Defend_R","Defend_R","Defend_R","Bash+1","Spot Weakness","Cleave","Clothesline+1","Twin Strike","Pommel Strike+1","Thunderclap","Heavy Blade","Double Tap","Barricade+1","Dropkick","Seeing Red+1","Dropkick","Whirlwind+1","Inflame","Blood for Blood","Headbutt","Bloodletting","Battle Trance","Whirlwind","Pummel"],"max_hp_per_floor":[96,96,96,96,96,96,96,96,96,96,96,96,96,96,96,96,96,96,96,96,96,96,96,96,96,96,96,96,96,96,96,96,96],"relics":["Black Blood","Golden Idol","Letter Opener","Vajra","Toolbox","Bag of Marbles","Shuriken","Art of War","Tiny Chest"],"card_choices":[{"not_picked":["Havoc","Perfected Strike"],"picked":"Spot Weakness","floor":1},{"not_picked":["Rage","Heavy Blade"],"picked":"Cleave","floor":4},{"not_picked":["True Grit","Pummel"],"picked":"Clothesline","floor":5},{"not_picked":["Ghostly Armor","Clothesline"],"picked":"Twin Strike","floor":8},{"not_picked":["Reckless Charge","Anger"],"picked":"Pommel Strike","floor":10},{"not_picked":["Iron Wave","True Grit"],"picked":"Thunderclap","floor":11},{"not_picked":["Clash","Pommel Strike"],"picked":"Heavy Blade","floor":12},{"not_picked":["Twin Strike","Hemokinesis"],"picked":"Double Tap","floor":14},{"not_picked":["Dark Embrace","Exhume"],"picked":"Barricade","floor":16},{"not_picked":["Thunderclap","Cleave"],"picked":"Dropkick","floor":18},{"not_picked":["Intimidate","Ghostly Armor+1"],"picked":"Whirlwind+1","floor":21},{"not_picked":["Havoc","Thunderclap"],"picked":"Inflame","floor":22},{"not_picked":["Perfected Strike","Anger"],"picked":"Blood for Blood","floor":24},{"not_picked":["Body Slam","Perfected Strike"],"picked":"Headbutt","floor":25},{"not_picked":["Wild Strike","Anger","Rampage"],"picked":"SKIP","floor":27},{"not_picked":["Heavy Blade","Clothesline"],"picked":"Bloodletting","floor":28},{"not_picked":["Spot Weakness","Searing Blow"],"picked":"Battle Trance","floor":29},{"not_picked":["Havoc","Disarm+1"],"picked":"Whirlwind","floor":30},{"not_picked":["Twin Strike","Ghostly Armor"],"picked":"Pummel","floor":31}],"player_experience":171263,"potions_floor_usage":[8,16,28,28,30,30],"damage_taken":[{"damage":0,"enemies":"Small Slimes","floor":1,"turns":3},{"damage":6,"enemies":"Jaw Worm","floor":4,"turns":3},{"damage":0,"enemies":"2 Louse","floor":5,"turns":2},{"damage":5,"enemies":"2 Fungi Beasts","floor":8,"turns":3},{"damage":21,"enemies":"Lagavulin","floor":10,"turns":5},{"damage":0,"enemies":"Blue Slaver","floor":11,"turns":3},{"damage":0,"enemies":"Gremlin Gang","floor":12,"turns":4},{"damage":5,"enemies":"Looter","floor":14,"turns":2},{"damage":50,"enemies":"The Guardian","floor":16,"turns":7},{"damage":22,"enemies":"Shell Parasite","floor":18,"turns":4},{"damage":15,"enemies":"2 Thieves","floor":21,"turns":3},{"damage":25,"enemies":"Cultist and Chosen","floor":22,"turns":4},{"damage":0,"enemies":"Gremlin Leader","floor":24,"turns":3},{"damage":6,"enemies":"3 Cultists","floor":25,"turns":3},{"damage":33,"enemies":"Sentry and Sphere","floor":27,"turns":4},{"damage":18,"enemies":"Snake Plant","floor":28,"turns":3},{"damage":9,"enemies":"Chosen and Byrds","floor":29,"turns":4},{"damage":18,"enemies":"Book of Stabbing","floor":30,"turns":3},{"damage":15,"enemies":"Centurion and Healer","floor":31,"turns":2},{"damage":58,"enemies":"Collector","floor":33,"turns":5}],"relics_obtained":[{"floor":6,"key":"Letter Opener"},{"floor":9,"key":"Vajra"},{"floor":10,"key":"Toolbox"},{"floor":24,"key":"Shuriken"},{"floor":26,"key":"Art of War"},{"floor":30,"key":"Tiny Chest"}],"event_choices":[{"event_name":"Golden Idol","player_choice":"Take Wound","floor":2,"damage_taken":0},{"event_name":"Golden Wing","player_choice":"Card Removal","floor":3,"damage_taken":0},{"event_name":"Beggar","player_choice":"Gave Gold","floor":20,"damage_taken":0}],"boss_relics":[{"not_picked":["Cursed Key","Empty Cage"],"picked":"Black Blood"}],"items_purged_floors":[],"is_endless":true,"potions_floor_spawned":[1,11,18,24,27,29],"seed_played":"-7338274124722339090","killed_by":"Collector","ascension_level":0,"potions_obtained":[{"floor":1,"key":"Block Potion"},{"floor":11,"key":"Regen Potion"},{"floor":18,"key":"Regen Potion"},{"floor":24,"key":"FearPotion"},{"floor":27,"key":"BloodPotion"},{"floor":29,"key":"Energy Potion"}],"is_trial":false}