{"gold_per_floor":[116,132,146,163,174,174,186,186,186,186,196,159,174,185,185,289,289,299,319,319,330,344,344,368,379,429,454,470,185,185,400,400,504,504,521,13,24,44,60,60,78,178,178,178,178,197,209,228,228,228],"floor_reached":50,"playtime":4592,"items_purged":["Strike_G+1"],"score":516,"play_id":"45290c1c-5410-4741-9e38-b1ce15620c8c","local_time":"20190207172917","is_ascension_mode":false,"campfire_choices":[{"data":"Poisoned Stab","floor":6,"key":"SMITH"},{"data":"Neutralize","floor":8,"key":"SMITH"},{"floor":15,"key":"REST"},{"floor":23,"key":"REST"},{"floor":30,"key":"REST"},{"data":"Envenom","floor":32,"key":"SMITH"},{"floor":40,"key":"REST"},{"floor":45,"key":"REST"},{"floor":49,"key":"REST"}],"neow_cost":"NONE","seed_source_timestamp":285069776228000,"circlet_count":0,"master_deck":["Defend_G+1","Defend_G+1","Defend_G+1","Defend_G+1","Defend_G+1","Strike_G+1","Strike_G+1","Strike_G+1","Survivor","Neutralize+1","Finesse","Dagger Throw","Poisoned Stab+1","Flying Knee+1","Finisher+1","Quick Slash","Flying Knee","Poisoned Stab","Infinite Blades","Bullet Time","Riddle With Holes+1","Prepared","Blade Dance","Noxious Fumes","Envenom+1","Poisoned Stab+1","Envenom","Panache","Crippling Poison+1","Parasite","Backflip+1","Quick Slash+1","PiercingWail","Parasite","Prepared+1"],"relics":["Ring of the Serpent","Bottled Lightning","Eternal Feather","Vajra","Snake Skull","Whetstone","MealTicket","Old Coin","TwistedFunnel","Lantern","Incense Burner","Darkstone Periapt"],"potions_floor_usage":[4,16,16,21,27,33,33,41,48,50,50,50],"damage_taken":[{"damage":12,"enemies":"Small Slimes","floor":1,"turns":5},{"damage":0,"enemies":"Jaw Worm","floor":2,"turns":4},{"damage":1,"enemies":"Cultist","floor":3,"turns":4},{"damage":0,"enemies":"Large Slime","floor":4,"turns":3},{"damage":0,"enemies":"Blue Slaver","floor":5,"turns":4},{"damage":1,"enemies":"Red Slaver","floor":7,"turns":2},{"damage":0,"enemies":"Looter","floor":11,"turns":3},{"damage":4,"enemies":"Blue Slaver","floor":13,"turns":3},{"damage":3,"enemies":"Lots of Slimes","floor":14,"turns":3},{"damage":36,"enemies":"Hexaghost","floor":16,"turns":8},{"damage":7,"enemies":"Chosen","floor":18,"turns":4},{"damage":12,"enemies":"Shell Parasite","floor":19,"turns":4},{"damage":6,"enemies":"Snake Plant","floor":21,"turns":5},{"damage":8,"enemies":"Centurion and Healer","floor":22,"turns":7},{"damage":12,"enemies":"Cultist and Chosen","floor":25,"turns":6},{"damage":22,"enemies":"Gremlin Leader","floor":27,"turns":4},{"damage":16,"enemies":"Snake Plant","floor":28,"turns":4},{"damage":36,"enemies":"Automaton","floor":33,"turns":6},{"damage":16,"enemies":"Orb Walker","floor":35,"turns":4},{"damage":20,"enemies":"3 Shapes","floor":37,"turns":3},{"damage":24,"enemies":"Writhing Mass","floor":38,"turns":4},{"damage":9,"enemies":"3 Darklings","floor":39,"turns":4},{"damage":10,"enemies":"Spire Growth","floor":41,"turns":3},{"damage":2,"enemies":"Mind Bloom Boss Battle","floor":42,"turns":5},{"damage":30,"enemies":"Writhing Mass","floor":46,"turns":4},{"damage":1,"enemies":"Transient","floor":47,"turns":5},{"damage":2,"enemies":"Sphere and 2 Shapes","floor":48,"turns":4},{"damage":92,"enemies":"Time Eater","floor":50,"turns":10}],"seed_played":"3483412128377332259","potions_obtained":[{"floor":1,"key":"Poison Potion"},{"floor":2,"key":"Fire Potion"},{"floor":11,"key":"PowerPotion"},{"floor":13,"key":"Dexterity Potion"},{"floor":16,"key":"Dexterity Potion"},{"floor":19,"key":"SmokeBomb"},{"floor":21,"key":"PowerPotion"},{"floor":25,"key":"Fire Potion"},{"floor":28,"key":"LiquidBronze"},{"floor":33,"key":"Fruit Juice"},{"floor":35,"key":"Explosive Potion"},{"floor":38,"key":"GhostInAJar"},{"floor":46,"key":"Swift Potion"},{"floor":48,"key":"EssenceOfSteel"}],"is_trial":false,"path_per_floor":["M","M","M","M","M","R","M","R","T","?","M","?","M","M","R","B",null,"M","M","?","M","M","R","T","M","T","E","M","$","R","?","R","B",null,"M","$","M","M","M","R","M","?","T","?","R","M","M","M","R","B"],"character_chosen":"THE_SILENT","items_purchased":["MealTicket","Panache","TwistedFunnel","Lantern"],"campfire_rested":6,"item_purchase_floors":[29,36,36,36],"current_hp_per_floor":[58,58,57,57,57,57,56,56,56,49,49,49,45,42,63,27,70,63,51,51,45,37,70,70,58,58,36,20,20,56,56,70,39,75,59,69,49,25,16,56,46,44,44,44,75,51,50,48,81,0],"gold":228,"neow_bonus":"RANDOM_COLORLESS","is_prod":false,"is_daily":false,"chose_seed":false,"campfire_upgraded":3,"win_rate":0.0,"timestamp":1549535357,"path_taken":["M","M","M","M","M","R","M","R","T","?","M","?","M","M","R","BOSS","M","M","?","M","M","R","?","M","T","E","?","$","R","?","R","BOSS","M","$","M","M","M","R","M","?","T","?","R","?","M","M","R","BOSS"],"build_version":"2018-12-4","purchased_purges":1,"victory":false,"max_hp_per_floor":[70,70,70,70,70,70,70,70,70,70,70,70,70,70,70,70,70,70,70,70,70,70,70,70,70,70,70,70,70,70,70,70,75,75,75,75,75,75,75,75,75,75,75,75,75,81,81,81,81,81],"card_choices":[{"not_picked":["Well Laid Plans","Acrobatics"],"picked":"Dagger Throw","floor":1},{"not_picked":["Acrobatics","Glass Knife"],"picked":"Poisoned Stab","floor":2},{"not_picked":["Distraction","Slice"],"picked":"Flying Knee","floor":3},{"not_picked":["Well Laid Plans","Heel Hook","PiercingWail"],"picked":"SKIP","floor":4},{"not_picked":["Dagger Spray","Backflip"],"picked":"Finisher","floor":5},{"not_picked":["Poisoned Stab","Deadly Poison"],"picked":"Quick Slash","floor":7},{"not_picked":["Outmaneuver","Calculated Gamble"],"picked":"Flying Knee","floor":11},{"not_picked":["Blur","Flying Knee"],"picked":"Poisoned Stab","floor":13},{"not_picked":["Caltrops","Dodge and Roll"],"picked":"Infinite Blades","floor":14},{"not_picked":["Malaise","Die Die Die"],"picked":"Bullet Time","floor":16},{"not_picked":["Slice+1","PiercingWail"],"picked":"Riddle With Holes+1","floor":18},{"not_picked":["Masterful Stab","Deflect","Dagger Throw"],"picked":"SKIP","floor":19},{"not_picked":["Bouncing Flask+1","Dagger Throw"],"picked":"Prepared","floor":21},{"not_picked":["Dagger Spray","Outmaneuver"],"picked":"Blade Dance","floor":22},{"not_picked":["Riddle With Holes","Flechettes"],"picked":"Noxious Fumes","floor":25},{"not_picked":["Masterful Stab","Quick Slash"],"picked":"Envenom","floor":27},{"not_picked":["Heel Hook","Leg Sweep"],"picked":"Poisoned Stab+1","floor":28},{"not_picked":["Wraith Form v2","Doppelganger"],"picked":"Envenom","floor":33},{"not_picked":["Poisoned Stab+1","Underhanded Strike+1","All Out Attack"],"picked":"SKIP","floor":35},{"not_picked":["Slice","Tactician"],"picked":"Crippling Poison+1","floor":37},{"not_picked":["Blur+1","Sucker Punch+1"],"picked":"Backflip+1","floor":38},{"not_picked":["Endless Agony+1","Infinite Blades"],"picked":"Quick Slash+1","floor":39},{"not_picked":["Deflect","Dagger Spray+1","Dagger Throw+1"],"picked":"SKIP","floor":41},{"not_picked":["Endless Agony","Footwork"],"picked":"PiercingWail","floor":42},{"not_picked":["Outmaneuver","Backflip+1"],"picked":"Prepared+1","floor":46},{"not_picked":["PiercingWail+1","Flying Knee","Predator"],"picked":"SKIP","floor":47},{"not_picked":["Acrobatics","Tools of the Trade","Endless Agony"],"picked":"SKIP","floor":48}],"player_experience":28398,"relics_obtained":[{"floor":9,"key":"Bottled Lightning"},{"floor":24,"key":"Vajra"},{"floor":26,"key":"Snake Skull"},{"floor":27,"key":"Whetstone"},{"floor":42,"key":"Incense Burner"},{"floor":43,"key":"Darkstone Periapt"}],"event_choices":[{"cards_removed":["Strike_G"],"damage_healed":0,"gold_gain":0,"player_choice":"Card Removal","damage_taken":7,"max_hp_gain":0,"max_hp_loss":0,"event_name":"Golden Wing","floor":10,"gold_loss":0},{"damage_healed":0,"gold_gain":0,"player_choice":"Left Gold","damage_taken":0,"max_hp_gain":0,"max_hp_loss":0,"event_name":"World of Goop","floor":12,"gold_loss":37},{"damage_healed":0,"gold_gain":0,"player_choice":"Simplicity","damage_taken":0,"max_hp_gain":0,"max_hp_loss":0,"event_name":"Back to Basics","floor":20,"gold_loss":0,"cards_upgraded":["Defend_G","Defend_G","Defend_G","Defend_G","Defend_G","Strike_G","Strike_G","Strike_G","Strike_G"]},{"damage_healed":0,"gold_gain":0,"player_choice":"Obtained Relic","damage_taken":0,"relics_obtained":["Old Coin"],"max_hp_gain":0,"max_hp_loss":0,"event_name":"Addict","floor":31,"gold_loss":85},{"damage_healed":0,"gold_gain":0,"player_choice":"Fight","damage_taken":0,"max_hp_gain":0,"max_hp_loss":0,"event_name":"MindBloom","floor":42,"gold_loss":0},{"damage_healed":0,"gold_gain":0,"player_choice":"Ignored","damage_taken":0,"max_hp_gain":0,"max_hp_loss":0,"event_name":"SecretPortal","floor":44,"gold_loss":0}],"is_beta":true,"boss_relics":[{"not_picked":["Sozu","WristBlade"],"picked":"Eternal Feather"},{"not_picked":["Calling Bell","Tiny House"],"picked":"Ring of the Serpent"}],"items_purged_floors":[29],"is_endless":false,"potions_floor_spawned":[1,2,11,13,16,19,21,25,28,33,35,38,46,48],"killed_by":"Time Eater","ascension_level":0}