{"path_per_floor":["M","M","M","M","$","R","?","R","T","M","T","E","$","?","R","B",null,"M","$","M","M","M","R","E","R","T","M","M","E","?","M","R"],"character_chosen":"THE_SILENT","items_purchased":["Dodge and Roll","Well Laid Plans","Flying Knee","War Paint","Quick Slash","Backflip","Footwork","Prepared"],"gold_per_floor":[111,126,139,151,11,11,41,41,41,51,125,156,6,256,256,360,360,327,54,69,84,100,100,125,125,125,139,154,180,180,194,194,194],"floor_reached":33,"campfire_rested":1,"playtime":3780,"current_hp_per_floor":[70,68,68,61,61,61,61,61,61,59,59,56,56,56,56,12,70,69,69,59,46,32,53,50,50,50,42,42,30,30,36,36,0],"items_purged":["Normality"],"gold":194,"score":314,"play_id":"988ef9ad-54fd-4339-b064-0e8c88a2986b","local_time":"20180505094313","is_prod":false,"is_daily":false,"chose_seed":false,"is_ascension_mode":false,"campfire_upgraded":5,"timestamp":1525538593,"path_taken":["M","M","?","M","$","R","?","R","T","M","?","E","?","?","R","BOSS","M","$","M","?","M","R","E","R","T","M","M","E","?","M","R","BOSS"],"build_version":"2018-05-03","seed_source_timestamp":829235550227193,"purchased_purges":1,"victory":false,"master_deck":["Defend_G","Defend_G","Defend_G+1","Survivor+1","Neutralize+1","Leg Sweep","Quick Slash","Escape Plan+1","Heel Hook","Dodge and Roll+1","Well Laid Plans","Flying Knee","Dagger Throw","Backstab","Night Terror+1","Deflect+1","Leg Sweep+1","Crippling Poison","Quick Slash","Backflip","Footwork","Prepared","Blur","Caltrops+1","Venomology+1","Dagger Spray","Riddle With Holes","Well Laid Plans","Backflip+1","Bite","Bite","Bite","Bite","Bite"],"max_hp_per_floor":[70,70,70,70,70,70,70,70,70,70,70,70,70,70,70,70,70,70,70,70,70,70,70,70,70,70,70,70,70,49,49,49,49],"relics":["Ring of the Snake","Sundial","Question Card","Centennial Puzzle","Pantograph","War Paint","Astrolabe","Ginger","Mummified Hand","Snake Skull"],"card_choices":[{"not_picked":["Calculated Gamble","Underhanded Strike"],"picked":"Leg Sweep","floor":1},{"not_picked":["Underhanded Strike","Flying Knee"],"picked":"Quick Slash","floor":2},{"not_picked":["Slice","Underhanded Strike"],"picked":"Escape Plan","floor":3},{"not_picked":["Blur","Calculated Gamble"],"picked":"Heel Hook","floor":4},{"not_picked":["Flying Knee","Malaise","Underhanded Strike"],"picked":"Dagger Throw","floor":10},{"not_picked":["PiercingWail","Choke","All Out Attack"],"picked":"Backstab","floor":12},{"not_picked":["Die Die Die","Bullet Time","Venomology"],"picked":"Night Terror","floor":16},{"not_picked":["Blur","Deflect","Quick Slash"],"picked":"Crippling Poison","floor":18},{"not_picked":["Eviscerate","Acrobatics","Slice"],"picked":"Blur","floor":20},{"not_picked":["Deflect","Expertise","Dagger Throw"],"picked":"Caltrops","floor":21},{"not_picked":["Flechettes","Slice","Backflip"],"picked":"Venomology","floor":22},{"not_picked":["Well Laid Plans","Caltrops","Dagger Throw"],"picked":"Dagger Spray","floor":24},{"not_picked":["Flying Knee","Bouncing Flask","Dagger Throw"],"picked":"Riddle With Holes","floor":27},{"not_picked":["Prepared","Deflect","Underhanded Strike"],"picked":"Well Laid Plans","floor":28},{"not_picked":["Sucker Punch","Quick Slash","Flying Knee"],"picked":"Backflip","floor":29}],"player_experience":2023,"potions_floor_usage":[4,16,24,24,24,27,28,29,29,29,33,33,33],"damage_taken":[{"damage":0,"enemies":"Cultist","floor":1,"turns":5},{"damage":2,"enemies":"Jaw Worm","floor":2,"turns":7},{"damage":0,"enemies":"Small Slimes","floor":3,"turns":4},{"damage":7,"enemies":"Gremlin Gang","floor":4,"turns":5},{"damage":2,"enemies":"3 Louse","floor":10,"turns":4},{"damage":3,"enemies":"Gremlin Nob","floor":12,"turns":4},{"damage":58,"enemies":"Hexaghost","floor":16,"turns":20},{"damage":1,"enemies":"2 Thieves","floor":18,"turns":5},{"damage":10,"enemies":"Shell Parasite","floor":20,"turns":6},{"damage":13,"enemies":"3 Cultists","floor":21,"turns":7},{"damage":14,"enemies":"Slaver and Parasite","floor":22,"turns":8},{"damage":3,"enemies":"Book of Stabbing","floor":24,"turns":6},{"damage":8,"enemies":"Cultist and Chosen","floor":27,"turns":10},{"damage":0,"enemies":"3 Cultists","floor":28,"turns":5},{"damage":12,"enemies":"Gremlin Leader","floor":29,"turns":7},{"damage":0,"enemies":"Snake Plant","floor":31,"turns":5},{"damage":68,"enemies":"Champ","floor":33,"turns":20}],"event_choices":[{"event_name":"Dead Adventurer","player_choice":"Searched \u00273\u0027 times","floor":7,"damage_taken":0},{"event_name":"Golden Shrine","player_choice":"Desecrate","floor":14,"damage_taken":0},{"event_name":"Vampires","player_choice":"Became a vampire","floor":30,"damage_taken":0}],"boss_relics":[{"not_picked":["Black Star","Calling Bell"],"picked":"Astrolabe"}],"potions_floor_spawned":[1,3,12,16,20,27,28,31],"seed_played":"7044000991857823600","killed_by":"Champ","ascension_level":0,"is_trial":false}