{"path_per_floor":["M","M","T","M","$","M","?","E","T","$","E","R","?","M","R","B",null,"M","M","M","$","?","R","M","M","T","E","?","M"],"character_chosen":"IRONCLAD","items_purchased":["Fiend Fire","Pommel Strike","Whirlwind"],"gold_per_floor":[118,133,159,178,39,50,150,183,206,86,121,121,149,162,162,262,262,273,293,308,137,137,137,154,171,194,221,221,239,239],"floor_reached":30,"campfire_rested":1,"playtime":3403,"current_hp_per_floor":[80,79,79,80,80,76,76,64,64,64,49,80,72,78,78,52,80,80,80,73,73,73,73,79,58,58,21,21,29,0],"items_purged":["Defend_R","Strike_R"],"gold":239,"score":287,"play_id":"d3d9cf79-3780-4766-b456-3cca09ae4053","local_time":"20180514212210","is_prod":false,"is_daily":false,"chose_seed":false,"is_ascension_mode":false,"campfire_upgraded":2,"timestamp":1526358130,"path_taken":["M","M","?","?","$","M","?","E","T","$","E","R","?","M","R","BOSS","M","M","M","$","?","R","?","M","T","E","?","M","?"],"build_version":"2018-05-10","seed_source_timestamp":0,"purchased_purges":3,"victory":false,"master_deck":["Strike_R","Strike_R","Strike_R","Strike_R+1","Defend_R","Defend_R","Defend_R","Bash","Iron Wave","Metallicize","Twin Strike","Burning Pact","Fiend Fire+1","Pommel Strike","Shrug It Off","Pommel Strike","Clash","Anger+1","Pommel Strike","Brutality","Pommel Strike","Barricade+1","Entrench","Whirlwind","Fiend Fire+1","Body Slam+1","Shrug It Off+1","Ghostly Armor","Sentinel"],"max_hp_per_floor":[80,80,80,80,80,80,80,80,80,80,80,80,80,80,80,80,80,80,80,80,80,80,80,80,80,80,80,80,80,80],"relics":["Black Blood","Orichalcum","Whetstone","Regal Pillow","Magic Flower","Odd Mushroom","Dream Catcher","Art of War","Blood Vial"],"card_choices":[{"not_picked":["Shrug It Off","Infernal Blade"],"picked":"Iron Wave","floor":0.0},{"not_picked":["Second Wind","Sever Soul"],"picked":"Metallicize","floor":1.0},{"not_picked":["Searing Blow","Ghostly Armor"],"picked":"Twin Strike","floor":2.0},{"not_picked":["Iron Wave","Power Through"],"picked":"Burning Pact","floor":4.0},{"not_picked":["Sever Soul","Clash"],"picked":"Pommel Strike","floor":6.0},{"not_picked":["Impervious","Wild Strike"],"picked":"Shrug It Off","floor":8.0},{"not_picked":["Pummel","Dual Wield"],"picked":"Clash","floor":11.0},{"not_picked":["Clothesline","Bloodletting"],"picked":"Anger","floor":13.0},{"not_picked":["Clothesline","Iron Wave"],"picked":"Pommel Strike","floor":14.0},{"not_picked":["Exhume","Bludgeon"],"picked":"Brutality","floor":16.0},{"not_picked":["Flex","Havoc"],"picked":"Pommel Strike","floor":18},{"not_picked":["Clothesline","Pommel Strike"],"picked":"Barricade","floor":19},{"not_picked":["Headbutt","Heavy Blade"],"picked":"Entrench","floor":20},{"not_picked":["Pommel Strike","Twin Strike"],"picked":"Body Slam","floor":24},{"not_picked":["Bloodletting","Twin Strike"],"picked":"Shrug It Off","floor":25},{"not_picked":["Power Through","Warcry"],"picked":"Ghostly Armor","floor":27},{"not_picked":["Armaments","Cleave"],"picked":"Sentinel","floor":29}],"player_experience":370839,"potions_floor_usage":[19,20,24,27,27],"damage_taken":[{"damage":5.0,"enemies":"Cultist","floor":1.0,"turns":4.0},{"damage":7.0,"enemies":"Small Slimes","floor":2.0,"turns":4.0},{"damage":0.0,"enemies":"2 Louse","floor":4.0,"turns":2.0},{"damage":10.0,"enemies":"Large Slime","floor":6.0,"turns":8.0},{"damage":18.0,"enemies":"Gremlin Nob","floor":8.0,"turns":4.0},{"damage":21.0,"enemies":"Lagavulin","floor":11.0,"turns":5.0},{"damage":17.0,"enemies":"The Mushroom Lair","floor":13.0,"turns":4.0},{"damage":3.0,"enemies":"3 Louse","floor":14.0,"turns":4.0},{"damage":35.0,"enemies":"Hexaghost","floor":16.0,"turns":9.0},{"damage":2,"enemies":"3 Byrds","floor":18,"turns":6},{"damage":4,"enemies":"Chosen","floor":19,"turns":3},{"damage":22,"enemies":"Snake Plant","floor":20,"turns":5},{"damage":9,"enemies":"Cultist and Chosen","floor":24,"turns":10},{"damage":36,"enemies":"Chosen and Byrds","floor":25,"turns":8},{"damage":52,"enemies":"Book of Stabbing","floor":27,"turns":6},{"damage":10,"enemies":"Snecko","floor":29,"turns":5},{"damage":32,"enemies":"Centurion and Healer","floor":30,"turns":7}],"event_choices":[{"event_name":"Golden Shrine","player_choice":"Pray","floor":7.0,"damage_taken":0.0},{"event_name":"Mushrooms","player_choice":"Fought Mushrooms","floor":13.0,"damage_taken":0.0},{"event_name":"Duplicator","player_choice":"One dupe","floor":22,"damage_taken":0},{"event_name":"The Mausoleum","player_choice":"Yes","floor":28,"damage_taken":0}],"boss_relics":[{"not_picked":["Calling Bell","Philosopher\u0027s Stone"],"picked":"Black Blood"}],"potions_floor_spawned":[1,2,8,14,18,19,20,29],"seed_played":"2686403038132714913","killed_by":"Centurion and Healer","ascension_level":0,"is_trial":false}