{"gold_per_floor":[118,193,173,190,207,207,222,241,241,259,277,129,158,108,108,212,212,230,230,330,343,111,111,210,210,210,65,92,105,105,121,121,222,222,236,56,69,79,79,79,99,128,199,199,199,199,199,214,214,214],"floor_reached":51,"playtime":1852,"items_purged":["Tempest","Beam Cell"],"score":880,"play_id":"3c763abc-6357-461f-be40-c8c74ebf7c0b","local_time":"20190411022649","is_ascension_mode":true,"campfire_choices":[{"data":"Auto Shields","floor":6,"key":"SMITH"},{"data":"Rainbow","floor":15,"key":"SMITH"},{"data":"Electrodynamics","floor":23,"key":"SMITH"},{"data":"Defragment","floor":25,"key":"SMITH"},{"data":"Tempest","floor":32,"key":"SMITH"},{"data":"Seek","floor":40,"key":"SMITH"},{"data":"Defragment","floor":44,"key":"SMITH"},{"data":"Tempest","floor":46,"key":"SMITH"},{"data":"Go for the Eyes","floor":49,"key":"SMITH"}],"neow_cost":"NONE","seed_source_timestamp":39961959648853,"circlet_count":0,"master_deck":["Zap","Dualcast","FTL","Chaos","Rainbow+1","Self Repair","Tempest+1","Ball Lightning","Auto Shields+1","Leap","Auto Shields","Go for the Eyes+1","Undo","Glacier","Electrodynamics+1","Conserve Battery","Defragment+1","FTL","Glacier","Thunder Strike","Reinforced Body","Defragment+1","Seek+1","Tempest+1","Pain","Dark Shackles"],"relics":["Pandora\u0027s Box","Darkstone Periapt","Happy Flower","Coffee Dripper","Thread and Needle","Pantograph","DataDisk","Cables","Ancient Tea Set","Pocketwatch","Cursed Key","Regal Pillow","Gremlin Horn","Shuriken"],"potions_floor_usage":[20,20,50,50],"damage_taken":[{"damage":13,"enemies":"Small Slimes","floor":1,"turns":3},{"damage":11,"enemies":"2 Louse","floor":4,"turns":2},{"damage":0,"enemies":"Cultist","floor":5,"turns":3},{"damage":6,"enemies":"Blue Slaver","floor":7,"turns":3},{"damage":7,"enemies":"Large Slime","floor":8,"turns":5},{"damage":4,"enemies":"2 Fungi Beasts","floor":10,"turns":3},{"damage":5,"enemies":"Exordium Thugs","floor":11,"turns":4},{"damage":23,"enemies":"Gremlin Nob","floor":13,"turns":5},{"damage":15,"enemies":"Hexaghost","floor":16,"turns":10},{"damage":0,"enemies":"3 Byrds","floor":18,"turns":3},{"damage":20,"enemies":"Colosseum Slavers","floor":20,"turns":3},{"damage":7,"enemies":"Colosseum Nobs","floor":20,"turns":4},{"damage":0,"enemies":"Spheric Guardian","floor":21,"turns":5},{"damage":0,"enemies":"Gremlin Leader","floor":28,"turns":4},{"damage":0,"enemies":"Cultist and Chosen","floor":29,"turns":3},{"damage":0,"enemies":"Snecko","floor":31,"turns":3},{"damage":13,"enemies":"Automaton","floor":33,"turns":9},{"damage":2,"enemies":"Orb Walker","floor":35,"turns":4},{"damage":12,"enemies":"3 Shapes","floor":37,"turns":4},{"damage":0,"enemies":"Maw","floor":38,"turns":7},{"damage":0,"enemies":"Jaw Worm Horde","floor":41,"turns":2},{"damage":25,"enemies":"Reptomancer","floor":42,"turns":5},{"damage":4,"enemies":"4 Shapes","floor":48,"turns":1},{"damage":3,"enemies":"Donu and Deca","floor":50,"turns":4}],"seed_played":"-8445391188648626470","potions_obtained":[{"floor":3,"key":"SpeedPotion"},{"floor":5,"key":"Weak Potion"},{"floor":8,"key":"Explosive Potion"},{"floor":13,"key":"FocusPotion"},{"floor":20,"key":"Fire Potion"},{"floor":28,"key":"Regen Potion"},{"floor":48,"key":"FocusPotion"}],"is_trial":false,"path_per_floor":["?","?","M","?","?","?","?","$","?","M","$","?","?","M"],"character_chosen":"DEFECT","items_purchased":["Glacier","DataDisk","Defragment","Ancient Tea Set","Defragment"],"campfire_rested":0,"item_purchase_floors":[12,22,22,27,36],"current_hp_per_floor":[62,51,51,40,47,47,48,48,48,51,53,53,37,37,37,29,75,75,75,55,62,62,62,62,62,62,62,69,75,68,68,68,69,75,75,75,63,70,70,70,70,52,58,58,58,58,58,54,54,81],"gold":214,"neow_bonus":"BOSS_RELIC","is_prod":false,"is_daily":false,"chose_seed":false,"campfire_upgraded":9,"win_rate":0,"timestamp":1554924409,"path_taken":["M","?","?","M","M","R","M","M","T","?","M","$","E","?","R","BOSS","M","?","?","M","$","R","?","R","T","?","E","M","?","?","R","BOSS","M","$","M","M","?","R","M","E","T","R","?","R","?","?","R","BOSS"],"build_version":"2019-01-23","purchased_purges":2,"victory":true,"max_hp_per_floor":[75,75,75,75,75,75,75,75,75,75,75,75,75,75,75,75,75,75,75,75,75,75,75,75,75,75,75,75,75,75,75,75,75,75,75,75,75,75,75,75,75,75,81,81,81,81,81,81,81,81],"card_choices":[{"not_picked":["Rebound","Sweeping Beam"],"picked":"Ball Lightning","floor":1},{"not_picked":["Rebound","Coolheaded"],"picked":"Auto Shields","floor":4},{"not_picked":["Rip and Tear","Scrape"],"picked":"Leap","floor":5},{"not_picked":["Capacitor","Tempest"],"picked":"Auto Shields","floor":7},{"not_picked":["Turbo","Force Field","Hello World"],"picked":"SKIP","floor":8},{"not_picked":["Stack","Blizzard"],"picked":"Go for the Eyes","floor":10},{"not_picked":["Aggregate","Melter"],"picked":"Undo","floor":11},{"not_picked":["Consume","Thunder Strike","Lockon"],"picked":"SKIP","floor":13},{"not_picked":["Fission","Meteor Strike"],"picked":"Electrodynamics","floor":16},{"not_picked":["Ball Lightning","Go for the Eyes"],"picked":"Conserve Battery","floor":18},{"not_picked":["Gash","Go for the Eyes","Leap"],"picked":"SKIP","floor":21},{"not_picked":["Hologram","Redo"],"picked":"FTL","floor":28},{"not_picked":["Rebound","Ball Lightning"],"picked":"Glacier","floor":29},{"not_picked":["Aggregate","Compile Driver","Coolheaded"],"picked":"SKIP","floor":31},{"not_picked":["Creative AI","Hyperbeam"],"picked":"Thunder Strike","floor":33},{"not_picked":["Redo","Skim+1"],"picked":"Reinforced Body","floor":35},{"not_picked":["Ball Lightning","Hologram+1","Gash+1"],"picked":"SKIP","floor":37},{"not_picked":["Cold Snap","Hello World"],"picked":"Seek","floor":38},{"not_picked":["Steam+1","Beam Cell","Ball Lightning"],"picked":"SKIP","floor":41},{"not_picked":["Fission","Storm+1"],"picked":"Tempest","floor":42},{"not_picked":["Forethought","PanicButton"],"picked":"Dark Shackles","floor":45},{"not_picked":["Redo+1","Go for the Eyes+1","Blizzard+1"],"picked":"SKIP","floor":48}],"player_experience":196417,"relics_obtained":[{"floor":9,"key":"Darkstone Periapt"},{"floor":13,"key":"Happy Flower"},{"floor":20,"key":"Thread and Needle"},{"floor":20,"key":"Pantograph"},{"floor":26,"key":"Cables"},{"floor":28,"key":"Pocketwatch"},{"floor":42,"key":"Regal Pillow"},{"floor":43,"key":"Gremlin Horn"},{"floor":47,"key":"Shuriken"}],"event_choices":[{"damage_healed":0,"gold_gain":75,"player_choice":"Gather Gold","damage_taken":11,"max_hp_gain":0,"max_hp_loss":0,"event_name":"World of Goop","floor":2,"gold_loss":0},{"damage_healed":0,"gold_gain":0,"player_choice":"Bought 1 Potion","damage_taken":0,"max_hp_gain":0,"max_hp_loss":0,"event_name":"The Woman in Blue","floor":3,"gold_loss":0},{"cards_removed":["Reboot"],"damage_healed":0,"gold_gain":0,"player_choice":"Card Removal","damage_taken":0,"max_hp_gain":0,"max_hp_loss":0,"event_name":"The Cleric","floor":14,"gold_loss":50},{"damage_healed":0,"gold_gain":0,"player_choice":"Ignored","damage_taken":0,"max_hp_gain":0,"max_hp_loss":0,"event_name":"Vampires","floor":19,"gold_loss":0},{"damage_healed":0,"gold_gain":0,"player_choice":"Fight","damage_taken":0,"max_hp_gain":0,"max_hp_loss":0,"event_name":"Colosseum","floor":20,"gold_loss":0},{"damage_healed":0,"gold_gain":0,"player_choice":"Fought Nobs","damage_taken":0,"max_hp_gain":0,"max_hp_loss":0,"event_name":"Colosseum","floor":20,"gold_loss":0},{"damage_healed":0,"gold_gain":99,"player_choice":"Stole From Cult","damage_taken":0,"max_hp_gain":0,"max_hp_loss":0,"event_name":"Nest","floor":24,"gold_loss":0},{"damage_healed":0,"gold_gain":0,"player_choice":"","damage_taken":7,"max_hp_gain":0,"max_hp_loss":0,"event_name":"Knowing Skull","floor":30,"potions_obtained":[],"gold_loss":0,"cards_obtained":[]},{"damage_healed":0,"gold_gain":0,"player_choice":"Memory 1","damage_taken":0,"max_hp_gain":0,"max_hp_loss":0,"event_name":"SensoryStone","floor":45,"gold_loss":0},{"damage_healed":0,"gold_gain":0,"player_choice":"Relic","damage_taken":0,"max_hp_gain":0,"max_hp_loss":0,"event_name":"Wheel of Change","floor":47,"gold_loss":0}],"is_beta":false,"boss_relics":[{"not_picked":["Tiny House","Fusion Hammer"],"picked":"Coffee Dripper"},{"not_picked":["Busted Crown","Astrolabe"],"picked":"Cursed Key"}],"items_purged_floors":[12,36],"is_endless":false,"potions_floor_spawned":[5,8,13,16,20,28,29,31,42,48],"ascension_level":3}