{"gold_per_floor":[115,128,145,157,174,174,194,194,218,248,259,259],"floor_reached":12,"playtime":590,"items_purged":[],"score":88,"play_id":"3351d5bc-5710-4750-a68d-34d7fee428f3","local_time":"20190322234323","is_ascension_mode":true,"campfire_choices":[{"data":"Static Discharge","floor":6,"key":"SMITH"},{"floor":8,"key":"REST"}],"neow_cost":"NONE","seed_source_timestamp":80545587489072,"circlet_count":0,"master_deck":["Strike_B","Strike_B","Strike_B","Strike_B","Defend_B","Defend_B","Defend_B","Defend_B","Zap","Dualcast","Static Discharge","BootSequence","Static Discharge+1","Consume","Self Repair","Tempest","Leap"],"relics":["Cracked Core","NeowsBlessing","FossilizedHelix"],"potions_floor_usage":[5,5,10],"damage_taken":[{"damage":0,"enemies":"Cultist","floor":1,"turns":1},{"damage":0,"enemies":"2 Louse","floor":2,"turns":1},{"damage":0,"enemies":"Small Slimes","floor":3,"turns":1},{"damage":32,"enemies":"Gremlin Gang","floor":4,"turns":4},{"damage":10,"enemies":"Exordium Thugs","floor":5,"turns":4},{"damage":10,"enemies":"Looter","floor":7,"turns":3},{"damage":35,"enemies":"3 Sentries","floor":10,"turns":6},{"damage":0,"enemies":"Exordium Wildlife","floor":11,"turns":4},{"damage":30,"enemies":"Gremlin Nob","floor":12,"turns":3}],"seed_played":"-5532110757701476678","potions_obtained":[{"floor":1,"key":"SpeedPotion"},{"floor":3,"key":"FocusPotion"},{"floor":4,"key":"Explosive Potion"}],"is_trial":false,"path_per_floor":[],"character_chosen":"DEFECT","items_purchased":[],"campfire_rested":1,"item_purchase_floors":[],"current_hp_per_floor":[75,75,75,43,33,33,23,45,45,17,24,0],"gold":259,"neow_bonus":"THREE_ENEMY_KILL","is_prod":false,"is_daily":false,"chose_seed":false,"campfire_upgraded":1,"win_rate":0,"timestamp":1553273003,"path_taken":["M","M","M","M","M","R","M","R","T","E","M","E"],"build_version":"2019-01-23","purchased_purges":0,"victory":false,"max_hp_per_floor":[75,75,75,75,75,75,75,75,75,75,75,75],"card_choices":[{"not_picked":["Darkness","Skim"],"picked":"Static Discharge","floor":1},{"not_picked":["Stack","Go for the Eyes","Skim"],"picked":"SKIP","floor":2},{"not_picked":["Go for the Eyes","Turbo"],"picked":"BootSequence","floor":3},{"not_picked":["Doom and Gloom","Barrage"],"picked":"Static Discharge","floor":4},{"not_picked":["Redo","Heatsinks"],"picked":"Consume","floor":5},{"not_picked":["Static Discharge","Go for the Eyes"],"picked":"Self Repair","floor":7},{"not_picked":["Scrape","Ball Lightning"],"picked":"Tempest","floor":10},{"not_picked":["Heatsinks","Go for the Eyes"],"picked":"Leap","floor":11}],"player_experience":104031,"relics_obtained":[{"floor":10,"key":"FossilizedHelix"}],"event_choices":[],"is_beta":false,"boss_relics":[],"items_purged_floors":[],"is_endless":false,"potions_floor_spawned":[1,3,4],"killed_by":"Gremlin Nob","ascension_level":1}