{"gold_per_floor":[110,123,140,6,6,6,33,33,33,58,58,83,83,111,111,182,182,192,107,127,227,241,241,241,251,277,277,277,277,303,118,118,118],"floor_reached":33,"playtime":1533,"items_purged":["Decay"],"score":578,"play_id":"96013dcd-0f7a-46c5-9447-9764b5ed2f80","local_time":"20190408161755","is_ascension_mode":true,"campfire_choices":[{"data":"Armaments","floor":6.0,"key":"SMITH"},{"data":"Bash","floor":8.0,"key":"SMITH"},{"data":"Heavy Blade","floor":11.0,"key":"SMITH"},{"data":"Uppercut","floor":15.0,"key":"SMITH"},{"floor":23,"key":"DIG"},{"floor":28,"key":"REST"},{"floor":29,"key":"REST"},{"floor":32,"key":"DIG"}],"neow_cost":"NONE","seed_source_timestamp":0,"circlet_count":0,"master_deck":["AscendersBane","Strike_R+1","Strike_R+1","Strike_R+1","Strike_R+1","Strike_R+1","Defend_R+1","Defend_R+1","Defend_R+1","Defend_R+1","Bash+1","Cleave","True Grit","Armaments+1","Feel No Pain","Thunderclap+1","Heavy Blade+1","Uppercut+1","Offering","Spot Weakness","Evolve","Twin Strike"],"special_seed":0,"relics":["Burning Blood","Red Skull","Shovel","Pantograph","Unceasing Top","Centennial Puzzle","Whetstone","Busted Crown","Sundial","WingedGreaves","Dodecahedron","Strawberry","Bag of Marbles","Bottled Lightning","Potion Belt"],"potions_floor_usage":[21,21,30,33,33],"damage_taken":[{"damage":7.0,"enemies":"Cultist","floor":1.0,"turns":4.0},{"damage":0.0,"enemies":"Small Slimes","floor":2.0,"turns":2.0},{"damage":8.0,"enemies":"2 Louse","floor":3.0,"turns":2.0},{"damage":19.0,"enemies":"3 Sentries","floor":7.0,"turns":10.0},{"damage":8.0,"enemies":"Gremlin Nob","floor":10.0,"turns":3.0},{"damage":12.0,"enemies":"3 Sentries","floor":12.0,"turns":5.0},{"damage":3.0,"enemies":"Gremlin Nob","floor":14.0,"turns":3.0},{"damage":49.0,"enemies":"Hexaghost","floor":16.0,"turns":11.0},{"damage":19.0,"enemies":"Shell Parasite","floor":18.0,"turns":5.0},{"damage":11.0,"enemies":"3 Byrds","floor":20.0,"turns":5.0},{"damage":16,"enemies":"Colosseum Slavers","floor":21,"turns":4},{"damage":3,"enemies":"Colosseum Nobs","floor":21,"turns":3},{"damage":21,"enemies":"Cultist and Chosen","floor":22,"turns":4},{"damage":24,"enemies":"Snecko","floor":25,"turns":3},{"damage":17,"enemies":"Slavers","floor":30,"turns":5},{"damage":78,"enemies":"Automaton","floor":33,"turns":8}],"seed_played":"5372243907236128633","potions_obtained":[{"floor":7.0,"key":"SteroidPotion"},{"floor":10.0,"key":"Ancient Potion"},{"floor":14.0,"key":"Dexterity Potion"},{"floor":16.0,"key":"Energy Potion"},{"floor":18.0,"key":"SteroidPotion"},{"floor":22,"key":"Weak Potion"}],"is_trial":false,"path_per_floor":["M","M","M","$","?","R","E","R","T","E","R","E","?","E","R","B",null,"M","?","M","?","M","R","?","M","T","?","R","R","E","$","R","B"],"character_chosen":"IRONCLAD","items_purchased":["Feel No Pain","SteroidPotion","AttackPotion","Weak Potion"],"campfire_rested":2,"item_purchase_floors":[4,4,31,31],"current_hp_per_floor":[67,73,71,71,48,48,35,35,35,33,33,27,27,30,30,12,59,46,46,41,34,19,26,26,8,8,8,32,56,45,45,45,0],"gold":118,"neow_bonus":"RANDOM_COMMON_RELIC","is_prod":false,"is_daily":false,"chose_seed":false,"campfire_upgraded":4,"win_rate":0,"timestamp":1554733075,"path_taken":["M","M","M","$","?","R","E","R","T","E","R","E","?","E","R","BOSS","M","?","M","?","?","R","?","M","T","?","R","R","E","$","R","BOSS"],"build_version":"2019-01-23","purchased_purges":1,"victory":false,"max_hp_per_floor":[75,75,75,75,75,75,75,75,75,75,75,75,75,75,75,75,75,75,75,75,75,75,82,82,82,82,82,82,82,82,82,82,82],"card_choices":[{"not_picked":["Wild Strike","Power Through"],"picked":"Cleave","floor":1.0},{"not_picked":["Warcry","Power Through"],"picked":"True Grit","floor":2.0},{"not_picked":["Sever Soul","Burning Pact"],"picked":"Armaments","floor":3.0},{"not_picked":["Cleave","Warcry"],"picked":"Thunderclap","floor":7.0},{"not_picked":["Sever Soul","Thunderclap"],"picked":"Heavy Blade","floor":10.0},{"not_picked":["Flex","True Grit","Blood for Blood"],"picked":"SKIP","floor":12.0},{"not_picked":["Flex","Searing Blow"],"picked":"Uppercut","floor":14.0},{"not_picked":["Brutality","Demon Form"],"picked":"Offering","floor":16.0},{"not_picked":["Perfected Strike"],"picked":"SKIP","floor":18.0},{"not_picked":[],"picked":"Spot Weakness","floor":20.0},{"not_picked":[],"picked":"Evolve","floor":22},{"not_picked":[],"picked":"Twin Strike","floor":25},{"not_picked":["Iron Wave"],"picked":"SKIP","floor":30}],"player_experience":1425887,"relics_obtained":[{"floor":7.0,"key":"Shovel"},{"floor":9.0,"key":"Pantograph"},{"floor":10.0,"key":"Unceasing Top"},{"floor":12.0,"key":"Centennial Puzzle"},{"floor":14.0,"key":"Whetstone"},{"floor":21,"key":"WingedGreaves"},{"floor":21,"key":"Dodecahedron"},{"floor":23,"key":"Strawberry"},{"floor":26,"key":"Bag of Marbles"},{"floor":30,"key":"Bottled Lightning"},{"floor":32,"key":"Potion Belt"}],"event_choices":[{"damage_healed":0.0,"max_hp_gain":0.0,"max_hp_loss":0.0,"gold_gain":0.0,"event_name":"Shining Light","player_choice":"Entered Light","floor":5.0,"gold_loss":0.0,"damage_taken":23.0,"cards_upgraded":["Strike_R","Defend_R"]},{"damage_healed":0.0,"max_hp_gain":0.0,"max_hp_loss":0.0,"gold_gain":0.0,"event_name":"Liars Game","player_choice":"Ignored","floor":13.0,"gold_loss":0.0,"damage_taken":0.0},{"damage_healed":0.0,"max_hp_gain":0.0,"max_hp_loss":0.0,"gold_gain":0.0,"event_name":"Addict","player_choice":"Obtained Relic","floor":19.0,"gold_loss":85.0,"damage_taken":0.0,"relics_obtained":["Sundial"]},{"damage_healed":0,"gold_gain":0,"player_choice":"Fight","damage_taken":0,"max_hp_gain":0,"max_hp_loss":0,"event_name":"Colosseum","floor":21,"gold_loss":0},{"damage_healed":0,"gold_gain":0,"player_choice":"Fought Nobs","damage_taken":0,"max_hp_gain":0,"max_hp_loss":0,"event_name":"Colosseum","floor":21,"gold_loss":0},{"damage_healed":0,"gold_gain":0,"player_choice":"Simplicity","damage_taken":0,"max_hp_gain":0,"max_hp_loss":0,"event_name":"Back to Basics","floor":24,"gold_loss":0,"cards_upgraded":["Strike_R","Strike_R","Strike_R","Defend_R","Defend_R","Defend_R"]},{"damage_healed":0,"gold_gain":0,"player_choice":"Smashed Altar","damage_taken":0,"max_hp_gain":0,"max_hp_loss":0,"event_name":"Forgotten Altar","floor":27,"gold_loss":0,"cards_obtained":["Decay"]}],"is_beta":false,"boss_relics":[{"not_picked":["Runic Dome","Calling Bell"],"picked":"Busted Crown"}],"items_purged_floors":[31],"is_endless":false,"potions_floor_spawned":[7,10,14,16,18,22],"killed_by":"Automaton","ascension_level":20}