{"gold_per_floor":[117,117,127,127,138,138,173,24,24,54,54,69,69,79,79,158,158,174,190,190,5,22,22,54,72,147,160,189,204,204],"floor_reached":30,"playtime":1656,"items_purged":["Strike_G","Strike_G"],"score":714,"play_id":"f681e08e-f38f-4d07-b5de-1a16ad4563be","local_time":"20190305175245","is_ascension_mode":true,"campfire_choices":[{"data":"Deadly Poison","floor":6.0,"key":"SMITH"},{"data":"Catalyst","floor":11.0,"key":"SMITH"},{"data":"Noxious Fumes","floor":13.0,"key":"SMITH"},{"floor":15.0,"key":"REST"},{"floor":23.0,"key":"REST"}],"neow_cost":"NONE","seed_source_timestamp":0,"circlet_count":0,"master_deck":["AscendersBane","Defend_G","Defend_G","Defend_G","Defend_G","Defend_G","Strike_G","Strike_G","Survivor","Neutralize+1","Poisoned Stab+1","Dash","Deadly Poison+1","Quick Slash","Catalyst+1","Deflect","Noxious Fumes+1","Corpse Explosion","Dagger Spray","Deflect+1","Footwork","Backstab","Leg Sweep","Backstab+1","Dodge and Roll","Dodge and Roll+1"],"special_seed":0,"relics":["Ring of the Snake","Letter Opener","Gremlin Horn","Dodecahedron","Fusion Hammer","Molten Egg 2","Pantograph","Torii"],"potions_floor_usage":[28,29],"damage_taken":[{"damage":1.0,"enemies":"Cultist","floor":1.0,"turns":5.0},{"damage":0.0,"enemies":"2 Louse","floor":3.0,"turns":3.0},{"damage":0.0,"enemies":"Jaw Worm","floor":5.0,"turns":3.0},{"damage":27.0,"enemies":"3 Sentries","floor":7.0,"turns":10.0},{"damage":16.0,"enemies":"Gremlin Nob","floor":10.0,"turns":4.0},{"damage":0.0,"enemies":"Looter","floor":12.0,"turns":3.0},{"damage":0.0,"enemies":"Large Slime","floor":14.0,"turns":5.0},{"damage":0.0,"enemies":"Hexaghost","floor":16.0,"turns":6.0},{"damage":0.0,"enemies":"Spheric Guardian","floor":18.0,"turns":3.0},{"damage":27.0,"enemies":"Shell Parasite","floor":19.0,"turns":5.0},{"damage":8.0,"enemies":"Centurion and Healer","floor":22.0,"turns":6.0},{"damage":7.0,"enemies":"Gremlin Leader","floor":24.0,"turns":6.0},{"damage":0.0,"enemies":"Snake Plant","floor":25.0,"turns":5.0},{"damage":0.0,"enemies":"Cultist and Chosen","floor":27.0,"turns":3.0},{"damage":9,"enemies":"Slavers","floor":28,"turns":6},{"damage":13,"enemies":"Shelled Parasite and Fungi","floor":29,"turns":6},{"damage":14,"enemies":"Snake Plant","floor":30,"turns":4}],"seed_played":"596872578178796207","potions_obtained":[{"floor":3.0,"key":"PowerPotion"},{"floor":12.0,"key":"Explosive Potion"},{"floor":16.0,"key":"SteroidPotion"},{"floor":25.0,"key":"PowerPotion"}],"is_trial":false,"path_per_floor":["M","?","M","?","M","R","E","$","T","E","R","M","R","M","R","B",null,"M","M","?","$","M","R","E","M","T","M","E","M","M"],"character_chosen":"THE_SILENT","items_purchased":["Catalyst","Footwork"],"campfire_rested":2,"item_purchase_floors":[8,21],"current_hp_per_floor":[58,58,58,58,58,58,31,31,31,15,15,15,15,15,34,34,58,58,31,27,27,19,38,31,31,31,31,22,9,0],"gold":204,"neow_bonus":"UPGRADE_CARD","is_prod":false,"is_daily":false,"chose_seed":false,"campfire_upgraded":3,"win_rate":0,"timestamp":1551804765,"path_taken":["M","?","M","?","M","R","E","$","T","E","R","M","R","M","R","BOSS","M","M","?","$","M","R","E","M","T","M","E","M","?"],"build_version":"2019-01-23","purchased_purges":2,"victory":false,"max_hp_per_floor":[66,66,66,66,66,66,66,66,66,66,66,66,66,66,66,66,66,66,66,66,66,66,66,66,66,66,66,66,66,66],"card_choices":[{"not_picked":["Slice","Quick Slash"],"picked":"Poisoned Stab","floor":1.0},{"not_picked":["Accuracy","PiercingWail"],"picked":"Dash","floor":3.0},{"not_picked":["Choke","Sucker Punch"],"picked":"Deadly Poison","floor":5.0},{"not_picked":["Expertise","Bane"],"picked":"Quick Slash","floor":7.0},{"not_picked":["Acrobatics","Accuracy"],"picked":"Deflect","floor":10.0},{"not_picked":["Blur","Terror"],"picked":"Noxious Fumes","floor":12.0},{"not_picked":["Cloak And Dagger","Riddle With Holes","Blade Dance"],"picked":"SKIP","floor":14.0},{"not_picked":["Wraith Form v2","Burst"],"picked":"Corpse Explosion","floor":16.0},{"not_picked":["Backflip","Deadly Poison"],"picked":"Dagger Spray","floor":18.0},{"not_picked":["Slice","Skewer"],"picked":"Deflect+1","floor":19.0},{"not_picked":["Dagger Throw","Acrobatics+1"],"picked":"Backstab","floor":22.0},{"not_picked":["Dagger Spray","Caltrops"],"picked":"Leg Sweep","floor":24.0},{"not_picked":["Skewer+1","Slice+1"],"picked":"Backstab+1","floor":25.0},{"not_picked":["Backstab+1","All Out Attack+1"],"picked":"Dodge and Roll","floor":27.0},{"not_picked":["Wraith Form v2","Deadly Poison"],"picked":"Dodge and Roll+1","floor":28},{"not_picked":["Dagger Throw+1","Concentrate","Cloak And Dagger"],"picked":"SKIP","floor":29}],"player_experience":1360083,"relics_obtained":[{"floor":7.0,"key":"Letter Opener"},{"floor":9.0,"key":"Gremlin Horn"},{"floor":10.0,"key":"Dodecahedron"},{"floor":24.0,"key":"Molten Egg 2"},{"floor":26.0,"key":"Pantograph"},{"floor":28,"key":"Torii"}],"event_choices":[{"damage_healed":0.0,"max_hp_gain":0.0,"max_hp_loss":0.0,"gold_gain":0.0,"event_name":"Living Wall","player_choice":"Grow","floor":2.0,"gold_loss":0.0,"damage_taken":0.0,"cards_upgraded":["Poisoned Stab"]},{"cards_removed":["Strike_G"],"damage_healed":0.0,"max_hp_gain":0.0,"max_hp_loss":0.0,"gold_gain":0.0,"event_name":"Purifier","player_choice":"Purged","floor":4.0,"gold_loss":0.0,"damage_taken":0.0},{"damage_healed":0.0,"max_hp_gain":0.0,"max_hp_loss":0.0,"gold_gain":0.0,"event_name":"The Woman in Blue","player_choice":"Bought 0 Potions","floor":20.0,"gold_loss":0.0,"damage_taken":0.0}],"is_beta":false,"boss_relics":[{"not_picked":["HoveringKite","Coffee Dripper"],"picked":"Fusion Hammer"}],"items_purged_floors":[8,21],"is_endless":false,"potions_floor_spawned":[3,12,16,22,24,25],"killed_by":"Snake Plant","ascension_level":20}