{"gold_per_floor":[99,99,22,22,22,22,22,22,22,22,22,22,22,22,22,22,22,22,22,22,22,22,22,22,22,22,22,22,22,22,22,22,22,22,22,22,22,22,22,22,22,22,22,22,22,22,22,22,22,22,22,22,22,22,22],"floor_reached":56,"playtime":2207,"items_purged":[],"score":1484,"play_id":"cbc54a40-6a5f-4678-a52b-aef01595815e","local_time":"20190212235908","is_ascension_mode":true,"campfire_choices":[{"floor":11,"key":"REST"},{"floor":15,"key":"REST"},{"data":"Limit Break","floor":27,"key":"SMITH"},{"floor":29,"key":"REST"},{"floor":32,"key":"REST"},{"floor":45,"key":"RECALL"},{"floor":47,"key":"DIG"},{"floor":49,"key":"REST"},{"floor":52,"key":"DIG"}],"neow_cost":"NONE","seed_source_timestamp":14286980684087,"circlet_count":0,"master_deck":["Bash+1","Dropkick+1","Barricade+1","Dropkick+1","Thunderclap+1","Fiend Fire+1","Intimidate+1","Limit Break+1","Clash+1","Body Slam+1","Metallicize+1","Shrug It Off+1","Body Slam+1","Cleave+1","Bludgeon+1","Pommel Strike+1","J.A.X.+1","Sword Boomerang+1","Disarm+1","Pommel Strike+1","Whirlwind+1","Pommel Strike+1","Shrug It Off+1","Impervious+1","Flame Barrier+1","Shockwave+1","Offering"],"relics":["Ectoplasm","Frozen Egg 2","Ice Cream","Champion Belt","Turnip","Bag of Preparation","Tiny Chest","Pandora\u0027s Box","Red Skull","Blue Candle","Bronze Scales","Sozu","Shovel","NlothsMask","Mark of the Bloom","Blood Vial","Pen Nib","Centennial Puzzle","Dodecahedron","Shuriken","Bag of Marbles"],"potions_floor_usage":[8,14,14,14,14,23,28,31,33,33,33],"damage_taken":[{"damage":4,"enemies":"2 Louse","floor":1,"turns":3},{"damage":0,"enemies":"Cultist","floor":5,"turns":2},{"damage":45,"enemies":"3 Sentries","floor":6,"turns":11},{"damage":1,"enemies":"Jaw Worm","floor":7,"turns":2},{"damage":11,"enemies":"Gremlin Nob","floor":8,"turns":3},{"damage":0,"enemies":"Lagavulin","floor":12,"turns":6},{"damage":5,"enemies":"3 Sentries","floor":14,"turns":6},{"damage":22,"enemies":"The Guardian","floor":16,"turns":12},{"damage":0,"enemies":"Chosen","floor":18,"turns":5},{"damage":8,"enemies":"3 Byrds","floor":20,"turns":3},{"damage":3,"enemies":"3 Cultists","floor":21,"turns":3},{"damage":9,"enemies":"Chosen and Byrds","floor":22,"turns":3},{"damage":20,"enemies":"Gremlin Leader","floor":23,"turns":5},{"damage":14,"enemies":"Snake Plant","floor":24,"turns":3},{"damage":3,"enemies":"Cultist and Chosen","floor":28,"turns":2},{"damage":29,"enemies":"Slavers","floor":30,"turns":4},{"damage":3,"enemies":"Chosen and Byrds","floor":31,"turns":3},{"damage":17,"enemies":"Collector","floor":33,"turns":5},{"damage":10,"enemies":"3 Shapes","floor":35,"turns":4},{"damage":0,"enemies":"3 Darklings","floor":38,"turns":5},{"damage":3,"enemies":"Giant Head","floor":40,"turns":4},{"damage":23,"enemies":"Reptomancer","floor":42,"turns":3},{"damage":3,"enemies":"Transient","floor":44,"turns":5},{"damage":0,"enemies":"Jaw Worm Horde","floor":46,"turns":3},{"damage":3,"enemies":"Giant Head","floor":48,"turns":5},{"damage":3,"enemies":"Time Eater","floor":50,"turns":5},{"damage":3,"enemies":"Shield and Spear","floor":54,"turns":3},{"damage":18,"enemies":"The Heart","floor":55,"turns":6}],"seed_played":"2981714710213107894","potions_obtained":[{"floor":6,"key":"SneckoOil"},{"floor":8,"key":"Explosive Potion"},{"floor":12,"key":"EntropicBrew"},{"floor":20,"key":"Dexterity Potion"},{"floor":22,"key":"SteroidPotion"},{"floor":24,"key":"FearPotion"},{"floor":30,"key":"Dexterity Potion"},{"floor":31,"key":"Poison Potion"}],"is_trial":false,"path_per_floor":["M","?","$","?","M","E","M","E","T","$","R","E","?","E","R","B",null,"M","?","M","M","M","E","M","$","T","R","M","R","E","M","R","B",null,"M","T","?","M","?","E","T","E","T","M","R","M","R","E","R","B",null,"R","$","E","B",null],"character_chosen":"IRONCLAD","items_purchased":["Dropkick"],"campfire_rested":5,"item_purchase_floors":[3],"current_hp_per_floor":[76,76,76,76,76,31,30,19,19,19,43,43,27,30,54,32,80,80,80,72,69,60,40,26,26,26,26,23,47,18,15,39,22,80,70,70,70,70,70,67,67,44,44,41,41,41,41,38,38,35,35,35,35,32,14],"gold":22,"neow_bonus":"BOSS_RELIC","is_prod":false,"is_daily":false,"chose_seed":false,"campfire_upgraded":1,"win_rate":0,"timestamp":1550041148,"path_taken":["M","?","?","?","M","E","?","E","T","$","R","E","?","E","R","BOSS","M","?","M","M","M","E","M","?","T","R","?","R","E","M","R","BOSS","M","?","?","?","?","E","?","E","T","M","R","M","R","E","R","BOSS","R","$","E","BOSS"],"build_version":"2019-01-23","purchased_purges":0,"victory":true,"max_hp_per_floor":[80,80,80,80,80,80,80,80,80,80,80,80,80,80,80,80,80,80,80,80,80,80,80,80,80,80,80,80,80,80,80,80,80,80,80,80,80,80,80,80,80,80,80,80,80,80,80,80,80,80,80,80,80,80,80],"card_choices":[{"not_picked":["Evolve","Headbutt"],"picked":"Warcry","floor":1},{"not_picked":["Clothesline","Pommel Strike"],"picked":"Barricade+1","floor":5},{"not_picked":["Heavy Blade","Hemokinesis"],"picked":"Dropkick","floor":6},{"not_picked":["Flex","Pommel Strike"],"picked":"Thunderclap","floor":7},{"not_picked":["Wild Strike","Flex","Ghostly Armor"],"picked":"SKIP","floor":8},{"not_picked":["Cleave","Rupture+1","Carnage"],"picked":"SKIP","floor":12},{"not_picked":["Anger","Berserk+1","Havoc"],"picked":"SKIP","floor":14},{"not_picked":["Limit Break","Immolate"],"picked":"Fiend Fire","floor":16},{"not_picked":["Combust+1","Seeing Red"],"picked":"Pommel Strike+1","floor":18},{"not_picked":["Flex","Flame Barrier"],"picked":"Sword Boomerang+1","floor":20},{"not_picked":["Twin Strike","Perfected Strike","Clothesline"],"picked":"SKIP","floor":21},{"not_picked":["Armaments","Intimidate+1"],"picked":"Disarm","floor":22},{"not_picked":["Berserk+1","True Grit","Combust+1"],"picked":"SKIP","floor":23},{"not_picked":["Fire Breathing+1","Heavy Blade"],"picked":"Pommel Strike+1","floor":24},{"not_picked":["Corruption+1","Anger+1"],"picked":"Whirlwind","floor":28},{"not_picked":["Cleave","Juggernaut+1"],"picked":"Pommel Strike+1","floor":30},{"not_picked":["Seeing Red","Pommel Strike"],"picked":"Shrug It Off+1","floor":31},{"not_picked":["Fiend Fire","Exhume"],"picked":"Impervious","floor":33},{"not_picked":["Thunderclap+1","Combust+1"],"picked":"Flame Barrier+1","floor":35},{"not_picked":["Sword Boomerang+1","Twin Strike"],"picked":"Shockwave+1","floor":38},{"not_picked":["Headbutt+1","Iron Wave","Wild Strike+1"],"picked":"SKIP","floor":40},{"not_picked":["Warcry","Uppercut+1","Pummel"],"picked":"SKIP","floor":42},{"not_picked":["Evolve+1","Perfected Strike","Wild Strike+1"],"picked":"SKIP","floor":44},{"not_picked":["Corruption+1","Body Slam","Havoc+1"],"picked":"SKIP","floor":46},{"not_picked":["Armaments+1","Reckless Charge","Rupture+1"],"picked":"SKIP","floor":48},{"not_picked":["Pummel+1","Uppercut"],"picked":"Offering","floor":54}],"player_experience":758459,"relics_obtained":[{"floor":6,"key":"Ice Cream"},{"floor":8,"key":"Champion Belt"},{"floor":9,"key":"Turnip"},{"floor":12,"key":"Bag of Preparation"},{"floor":14,"key":"Tiny Chest"},{"floor":23,"key":"Red Skull"},{"floor":26,"key":"Blue Candle"},{"floor":30,"key":"Bronze Scales"},{"floor":36,"key":"Shovel"},{"floor":40,"key":"Blood Vial"},{"floor":42,"key":"Pen Nib"},{"floor":47,"key":"Centennial Puzzle"},{"floor":48,"key":"Dodecahedron"},{"floor":52,"key":"Shuriken"},{"floor":54,"key":"Bag of Marbles"}],"event_choices":[{"cards_removed":["Warcry"],"damage_healed":0,"gold_gain":0,"player_choice":"Gave Card","damage_taken":0,"relics_obtained":["Frozen Egg 2"],"max_hp_gain":0,"max_hp_loss":0,"event_name":"WeMeetAgain","floor":2,"gold_loss":0},{"damage_healed":0,"gold_gain":0,"player_choice":"Ignored","damage_taken":0,"max_hp_gain":0,"max_hp_loss":0,"event_name":"Liars Game","floor":4,"gold_loss":0},{"damage_healed":0,"gold_gain":0,"player_choice":"Entered Light","damage_taken":16,"max_hp_gain":0,"max_hp_loss":0,"event_name":"Shining Light","floor":13,"gold_loss":0,"cards_upgraded":["Strike_R","Strike_R"]},{"damage_healed":0,"gold_gain":0,"player_choice":"Obtain J.A.X.","damage_taken":0,"max_hp_gain":0,"max_hp_loss":0,"event_name":"Drug Dealer","floor":19,"gold_loss":0,"cards_obtained":["J.A.X."]},{"damage_healed":0,"gold_gain":0,"player_choice":"Trade","damage_taken":0,"relics_obtained":["NlothsMask"],"max_hp_gain":0,"max_hp_loss":0,"event_name":"FaceTrader","floor":37,"gold_loss":0},{"damage_healed":0,"gold_gain":0,"player_choice":"Upgrade","damage_taken":0,"relics_obtained":["Mark of the Bloom"],"max_hp_gain":0,"max_hp_loss":0,"event_name":"MindBloom","floor":39,"gold_loss":0,"cards_upgraded":["Bash","Dropkick","Dropkick","Thunderclap","Fiend Fire","Intimidate","Clash","Body Slam","Shrug It Off","Body Slam","Cleave","Bludgeon","J.A.X.","Disarm","Whirlwind","Impervious"]}],"is_beta":false,"boss_relics":[{"not_picked":["Philosopher\u0027s Stone","White Beast Statue"],"picked":"Pandora\u0027s Box"},{"not_picked":["Calling Bell","Snecko Eye"],"picked":"Sozu"}],"items_purged_floors":[],"is_endless":false,"potions_floor_spawned":[6,8,12,20,22,24,30,31,42,44],"ascension_level":1}