{"gold_per_floor":[113,113,38,57,77,77,111,123,150,160,172,202,213,226,226,226],"floor_reached":16,"playtime":4300,"items_purged":["Strike_B"],"score":116,"play_id":"bdfefad0-db71-4c85-92b9-407cc014c93b","local_time":"20181119204006","is_ascension_mode":false,"campfire_choices":[{"data":"Creative AI","floor":6.0,"key":"SMITH"},{"floor":15.0,"key":"REST"}],"neow_cost":"NONE","seed_source_timestamp":188421726856019,"circlet_count":0,"master_deck":["Strike_B","Strike_B","Defend_B","Defend_B","Defend_B","Defend_B+1","Zap","Dualcast+1","Recycle","Cold Snap","Creative AI+1","Amplify","Beam Cell","Force Field"],"special_seed":0,"relics":["Cracked Core","Vajra","Oddly Smooth Stone","War Paint"],"potions_floor_usage":[16],"damage_taken":[{"damage":0.0,"enemies":"Small Slimes","floor":1.0,"turns":3.0},{"damage":1.0,"enemies":"Cultist","floor":4.0,"turns":4.0},{"damage":1.0,"enemies":"Jaw Worm","floor":5.0,"turns":3.0},{"damage":24.0,"enemies":"3 Sentries","floor":7.0,"turns":9.0},{"damage":14.0,"enemies":"Exordium Wildlife","floor":8.0,"turns":6.0},{"damage":0.0,"enemies":"2 Fungi Beasts","floor":10.0,"turns":4.0},{"damage":4.0,"enemies":"Looter","floor":11.0,"turns":3.0},{"damage":40.0,"enemies":"Gremlin Nob","floor":12.0,"turns":6.0},{"damage":1.0,"enemies":"Blue Slaver","floor":13.0,"turns":4.0},{"damage":5.0,"enemies":"Lots of Slimes","floor":14.0,"turns":4.0},{"damage":36,"enemies":"Slime Boss","floor":16,"turns":5}],"seed_played":"4562632789761526969","potions_obtained":[{"floor":1.0,"key":"Regen Potion"},{"floor":10.0,"key":"SpeedPotion"},{"floor":13.0,"key":"Strength Potion"}],"is_trial":false,"path_per_floor":["M","?","$","M","M","R","E","M","T","M","M","E","M","M","R","B"],"character_chosen":"DEFECT","items_purchased":[],"campfire_rested":1,"item_purchase_floors":[],"current_hp_per_floor":[82,82,82,81,80,80,71,57,57,57,53,13,12,7,31,0],"gold":226,"neow_bonus":"TEN_PERCENT_HP_BONUS","is_prod":false,"is_daily":false,"chose_seed":false,"campfire_upgraded":1,"win_rate":0,"timestamp":1542688806,"path_taken":["M","?","?","M","M","R","E","?","T","M","M","E","M","M","R","BOSS"],"build_version":"2018-11-15","purchased_purges":1,"victory":false,"max_hp_per_floor":[82,82,82,82,82,82,82,82,82,82,82,82,82,82,82,82],"card_choices":[{"not_picked":["Steam","Streamline"],"picked":"Recycle","floor":1.0},{"not_picked":["Stack","Ball Lightning"],"picked":"Cold Snap","floor":4.0},{"not_picked":["Coolheaded","Compile Driver"],"picked":"Creative AI","floor":5.0},{"not_picked":["Rip and Tear","Self Repair"],"picked":"Amplify","floor":7.0},{"not_picked":["Gash","Conserve Battery","Undo"],"picked":"SKIP","floor":8.0},{"not_picked":["Hello World","Conserve Battery"],"picked":"Beam Cell","floor":10.0},{"not_picked":["Hello World","Undo"],"picked":"Force Field","floor":11.0},{"not_picked":["Sweeping Beam","Buffer","Compile Driver"],"picked":"SKIP","floor":12.0},{"not_picked":["Ball Lightning","Stack","Conserve Battery"],"picked":"SKIP","floor":13.0},{"not_picked":["Lockon","Stack","Darkness"],"picked":"SKIP","floor":14.0}],"player_experience":867066,"relics_obtained":[{"floor":7.0,"key":"Vajra"},{"floor":9.0,"key":"Oddly Smooth Stone"},{"floor":12.0,"key":"War Paint"}],"event_choices":[{"cards_removed":["Strike_B"],"damage_healed":0.0,"max_hp_gain":0.0,"max_hp_loss":0.0,"gold_gain":0.0,"event_name":"Bonfire Elementals","player_choice":"Offered Basic","floor":2.0,"gold_loss":0.0,"damage_taken":0.0}],"is_beta":false,"boss_relics":[],"items_purged_floors":[3],"is_endless":false,"potions_floor_spawned":[1,10,13],"killed_by":"Slime Boss","ascension_level":0}