{"gold_per_floor":[12,12,24,24,24,24,24,56,56,84,84,103,103,113,113,212,212,224,149,168,168,168,168,181,181,181,206,232,271,283,7,7,103,103,122,122,122,72,121,121,221,249,249,349,365,365,365,168,168,168],"floor_reached":51,"playtime":1423,"items_purged":["Rupture+1","Iron Wave","Flex+1"],"score":978,"play_id":"580d95a9-804e-4227-8514-a2668fbef3a7","local_time":"20190322230019","is_ascension_mode":true,"campfire_choices":[{"data":"Bash","floor":7,"key":"SMITH"},{"data":"Flex","floor":11,"key":"SMITH"},{"data":"Shrug It Off","floor":13,"key":"SMITH"},{"data":"Shrug It Off","floor":15,"key":"SMITH"},{"data":"Entrench","floor":25,"key":"SMITH"},{"data":"Body Slam","floor":30,"key":"SMITH"},{"data":"Whirlwind","floor":32,"key":"SMITH"},{"data":"Impervious","floor":40,"key":"SMITH"},{"data":"Exhume","floor":46,"key":"SMITH"},{"data":"Body Slam","floor":49,"key":"SMITH"}],"neow_cost":"NO_GOLD","seed_source_timestamp":350268165785700,"circlet_count":0,"master_deck":["Shrug It Off+1","Shrug It Off+1","Barricade+1","Impervious+1","Whirlwind+1","Body Slam+1","Exhume+1","Entrench+1","Body Slam+1"],"relics":["Burning Blood","Frozen Egg 2","Happy Flower","Juzu Bracelet","Incense Burner","Pandora\u0027s Box","MutagenicStrength","Smiling Mask","MawBank","Mango","Dodecahedron","Coffee Dripper","Champion Belt","Bottled Flame","Singing Bowl","Unceasing Top","Bag of Preparation"],"potions_floor_usage":[3,8,8,23,23,29,39,39,50,50],"damage_taken":[{"damage":1,"enemies":"Cultist","floor":1,"turns":3},{"damage":6,"enemies":"Jaw Worm","floor":3,"turns":4},{"damage":4,"enemies":"Gremlin Nob","floor":8,"turns":3},{"damage":23,"enemies":"Lagavulin","floor":10,"turns":5},{"damage":0,"enemies":"Small Slimes","floor":12,"turns":2},{"damage":5,"enemies":"Looter","floor":14,"turns":3},{"damage":33,"enemies":"Slime Boss","floor":16,"turns":18},{"damage":0,"enemies":"3 Byrds","floor":18,"turns":5},{"damage":17,"enemies":"2 Thieves","floor":20,"turns":4},{"damage":5,"enemies":"Slavers","floor":23,"turns":3},{"damage":0,"enemies":"Cultist and Chosen","floor":24,"turns":7},{"damage":0,"enemies":"Gremlin Leader","floor":27,"turns":4},{"damage":0,"enemies":"Snake Plant","floor":28,"turns":6},{"damage":1,"enemies":"Book of Stabbing","floor":29,"turns":5},{"damage":0,"enemies":"Collector","floor":33,"turns":3},{"damage":0,"enemies":"3 Darklings","floor":35,"turns":2},{"damage":0,"enemies":"2 Orb Walkers","floor":39,"turns":3},{"damage":0,"enemies":"Reptomancer","floor":42,"turns":3},{"damage":0,"enemies":"Mind Bloom Boss Battle","floor":44,"turns":3},{"damage":0,"enemies":"3 Shapes","floor":45,"turns":2},{"damage":0,"enemies":"Awakened One","floor":50,"turns":4}],"seed_played":"-5169282128239229788","potions_obtained":[{"floor":1,"key":"Weak Potion"},{"floor":2,"key":"Fire Potion"},{"floor":2,"key":"EssenceOfSteel"},{"floor":3,"key":"SmokeBomb"},{"floor":12,"key":"FearPotion"},{"floor":24,"key":"Explosive Potion"},{"floor":27,"key":"Swift Potion"},{"floor":28,"key":"SmokeBomb"},{"floor":35,"key":"AttackPotion"},{"floor":42,"key":"Dexterity Potion"},{"floor":44,"key":"SteroidPotion"}],"is_trial":false,"path_per_floor":["M","?","M","?","?","?","R","E","T","E","R","M","R","M","R","B",null,"M","$","M","?","?","E","M","R","T","E","M","E","R","$","R","B",null,"M","?","?","$","?","R","?","E","T","?","M","R","?","$","R","B",null],"character_chosen":"IRONCLAD","items_purchased":["Dodecahedron","Bag of Preparation","Body Slam"],"campfire_rested":0,"item_purchase_floors":[31,48,48],"current_hp_per_floor":[80,80,80,77,61,66,66,68,68,51,51,57,57,58,58,31,85,85,85,74,74,74,75,81,81,81,85,85,99,99,99,99,99,99,99,99,99,99,99,99,99,99,99,101,103,103,103,103,103,103],"gold":168,"neow_bonus":"REMOVE_TWO","is_prod":false,"is_daily":false,"chose_seed":false,"campfire_upgraded":10,"win_rate":0,"timestamp":1553320819,"path_taken":["M","?","?","?","?","?","R","E","T","E","R","M","R","M","R","BOSS","M","$","M","?","?","E","M","R","T","E","M","E","R","$","R","BOSS","M","?","?","$","?","R","?","E","T","?","M","R","?","$","R","BOSS"],"build_version":"2019-01-23","purchased_purges":3,"victory":true,"max_hp_per_floor":[80,80,80,80,80,85,85,85,85,85,85,85,85,85,85,85,85,85,85,85,85,85,85,85,85,85,85,85,99,99,99,99,99,99,99,99,99,99,99,99,99,99,99,101,103,103,103,103,103,103],"card_choices":[{"not_picked":["Burning Pact","True Grit","Twin Strike"],"picked":"SKIP","floor":1},{"not_picked":["Seeing Red","Wild Strike","Iron Wave"],"picked":"SKIP","floor":3},{"not_picked":["Heavy Blade","Thunderclap"],"picked":"Flex","floor":8},{"not_picked":["Thunderclap","Clothesline"],"picked":"Shrug It Off","floor":10},{"not_picked":["Ghostly Armor","True Grit","Armaments"],"picked":"SKIP","floor":12},{"not_picked":["Iron Wave","Flex"],"picked":"Shrug It Off","floor":14},{"not_picked":["Dark Embrace+1","Fiend Fire"],"picked":"Barricade+1","floor":16},{"not_picked":["Rupture+1","Shrug It Off","Uppercut"],"picked":"SKIP","floor":18},{"not_picked":["True Grit+1","Shrug It Off","Cleave"],"picked":"SKIP","floor":20},{"not_picked":["Ghostly Armor+1","Wild Strike+1","Headbutt"],"picked":"SKIP","floor":24},{"not_picked":["Thunderclap","Whirlwind","Evolve+1"],"picked":"SKIP","floor":27},{"not_picked":["Headbutt","True Grit","Spot Weakness"],"picked":"SKIP","floor":28},{"not_picked":["Metallicize+1","Corruption+1","Fiend Fire"],"picked":"SKIP","floor":29},{"not_picked":["Iron Wave+1","Armaments","Headbutt"],"picked":"SKIP","floor":35},{"not_picked":["Rupture+1","Intimidate+1","Thunderclap+1"],"picked":"SKIP","floor":42},{"not_picked":["Metallicize+1","Pommel Strike","Hemokinesis+1"],"picked":"Singing Bowl","floor":44},{"not_picked":["Clash+1","Perfected Strike","Flex"],"picked":"Singing Bowl","floor":45}],"player_experience":819085,"relics_obtained":[{"floor":8,"key":"Happy Flower"},{"floor":9,"key":"Juzu Bracelet"},{"floor":10,"key":"Incense Burner"},{"floor":26,"key":"Smiling Mask"},{"floor":27,"key":"MawBank"},{"floor":29,"key":"Mango"},{"floor":39,"key":"Champion Belt"},{"floor":42,"key":"Bottled Flame"},{"floor":43,"key":"Singing Bowl"},{"floor":44,"key":"Unceasing Top"}],"event_choices":[{"damage_healed":0,"gold_gain":0,"player_choice":"Got Potions","damage_taken":0,"max_hp_gain":0,"max_hp_loss":0,"event_name":"Lab","floor":2,"gold_loss":0},{"damage_healed":0,"gold_gain":0,"player_choice":"Success","damage_taken":3,"relics_obtained":["Frozen Egg 2"],"max_hp_gain":0,"max_hp_loss":0,"event_name":"Scrap Ooze","floor":4,"gold_loss":0},{"damage_healed":0,"gold_gain":0,"player_choice":"Entered Light","damage_taken":16,"max_hp_gain":0,"max_hp_loss":0,"event_name":"Shining Light","floor":5,"gold_loss":0,"cards_upgraded":["Defend_R","Strike_R"]},{"damage_healed":0,"gold_gain":0,"player_choice":"Donut","damage_taken":0,"max_hp_gain":5,"max_hp_loss":0,"event_name":"Big Fish","floor":6,"gold_loss":0},{"damage_healed":0,"gold_gain":0,"player_choice":"Ignored","damage_taken":0,"max_hp_gain":0,"max_hp_loss":0,"event_name":"Vampires","floor":21,"gold_loss":0},{"damage_healed":0,"gold_gain":0,"player_choice":"Inject Mutagens","damage_taken":0,"relics_obtained":["MutagenicStrength"],"max_hp_gain":0,"max_hp_loss":0,"event_name":"Drug Dealer","floor":22,"gold_loss":0},{"damage_healed":0,"gold_gain":0,"cards_transformed":["Bash"],"player_choice":"Transformed","damage_taken":0,"max_hp_gain":0,"max_hp_loss":0,"event_name":"Transmorgrifier","floor":36,"gold_loss":0,"cards_obtained":["Bludgeon"]},{"cards_removed":["Bludgeon"],"damage_healed":0,"gold_gain":0,"player_choice":"Removed Attack","damage_taken":0,"max_hp_gain":0,"max_hp_loss":0,"event_name":"Falling","floor":37,"gold_loss":0},{"damage_healed":0,"gold_gain":0,"player_choice":"Fight","damage_taken":0,"max_hp_gain":0,"max_hp_loss":0,"event_name":"Mysterious Sphere","floor":39,"gold_loss":0},{"damage_healed":0,"gold_gain":100,"player_choice":"Pray","damage_taken":0,"max_hp_gain":0,"max_hp_loss":0,"event_name":"Golden Shrine","floor":41,"gold_loss":0},{"damage_healed":0,"gold_gain":0,"player_choice":"Fight","damage_taken":0,"max_hp_gain":0,"max_hp_loss":0,"event_name":"MindBloom","floor":44,"gold_loss":0},{"damage_healed":0,"gold_gain":0,"player_choice":"Ignored","damage_taken":0,"max_hp_gain":0,"max_hp_loss":0,"event_name":"Tomb of Lord Red Mask","floor":47,"gold_loss":0}],"is_beta":false,"boss_relics":[{"not_picked":["Eternal Feather","Lizard Tail"],"picked":"Pandora\u0027s Box"},{"not_picked":["Philosopher\u0027s Stone","Black Blood"],"picked":"Coffee Dripper"}],"items_purged_floors":[19,31,38],"is_endless":false,"potions_floor_spawned":[1,3,12,23,24,27,28,35,42,44],"ascension_level":1}