{"gold_per_floor":[115,115,62,72,85,85,120,120,143,153,153],"floor_reached":11,"playtime":284,"items_purged":[],"score":146,"play_id":"64654306-ca2b-4138-b8a5-5875e599c170","local_time":"20190102143319","is_ascension_mode":true,"campfire_choices":[{"data":"Sweeping Beam","floor":6.0,"key":"SMITH"},{"data":"Creative AI","floor":8,"key":"SMITH"}],"neow_cost":"PERCENT_DAMAGE","seed_source_timestamp":0,"circlet_count":0,"master_deck":["AscendersBane","Strike_B","Strike_B","Strike_B","Defend_B","Defend_B","Defend_B","Defend_B","Zap","Dualcast","Creative AI+1","Ball Lightning","Sunder","Sweeping Beam+1","Leap"],"special_seed":0,"relics":["Cracked Core","Lantern","Centennial Puzzle"],"potions_floor_usage":[7,10],"damage_taken":[{"damage":7.0,"enemies":"Jaw Worm","floor":1.0,"turns":2.0},{"damage":0.0,"enemies":"Cultist","floor":4.0,"turns":3.0},{"damage":1.0,"enemies":"2 Louse","floor":5.0,"turns":2.0},{"damage":36,"enemies":"Gremlin Nob","floor":7,"turns":4},{"damage":8,"enemies":"Exordium Thugs","floor":10,"turns":4},{"damage":18,"enemies":"Lagavulin","floor":11,"turns":7}],"seed_played":"3521085160396557021","potions_obtained":[{"floor":5.0,"key":"Regen Potion"},{"floor":7,"key":"Regen Potion"}],"is_trial":false,"path_per_floor":["M","?","$","M","M","R","E","R","T","M","E"],"character_chosen":"DEFECT","items_purchased":["AttackPotion"],"campfire_rested":0,"item_purchase_floors":[3],"current_hp_per_floor":[39,39,39,39,38,38,14,14,14,18,0],"gold":153,"neow_bonus":"THREE_RARE_CARDS","is_prod":false,"is_daily":false,"chose_seed":false,"campfire_upgraded":2,"win_rate":0,"timestamp":1546435999,"path_taken":["M","?","$","M","M","R","E","R","T","M","E"],"build_version":"2018-12-20","purchased_purges":0,"victory":false,"max_hp_per_floor":[71,71,71,71,71,71,71,71,71,71,71],"card_choices":[{"not_picked":["Amplify","Reboot"],"picked":"Creative AI","floor":0.0},{"not_picked":["Coolheaded","Melter"],"picked":"Ball Lightning","floor":1.0},{"not_picked":["Ball Lightning","Fusion"],"picked":"Sunder","floor":4.0},{"not_picked":["Ball Lightning","BootSequence"],"picked":"Sweeping Beam","floor":5.0},{"not_picked":["Lockon","Undo"],"picked":"Leap","floor":7},{"not_picked":["Chaos","Streamline","Redo"],"picked":"SKIP","floor":10}],"player_experience":1094518,"relics_obtained":[{"floor":7,"key":"Lantern"},{"floor":9,"key":"Centennial Puzzle"}],"event_choices":[{"cards_removed":["Strike_B"],"damage_healed":0.0,"max_hp_gain":0.0,"max_hp_loss":0.0,"gold_gain":0.0,"event_name":"Bonfire Elementals","player_choice":"Offered Basic","floor":2.0,"gold_loss":0.0,"damage_taken":0.0}],"is_beta":false,"boss_relics":[],"items_purged_floors":[],"is_endless":false,"potions_floor_spawned":[5,7],"killed_by":"Lagavulin","ascension_level":20}