{"gold_per_floor":[111,30,41,55,66,92,92,123,123,123],"floor_reached":10,"playtime":350,"items_purged":[],"score":113,"play_id":"8e1aa1fa-711d-4340-a75d-eb9b97ccc41c","local_time":"20190424223104","is_ascension_mode":true,"campfire_choices":[{"data":"Skewer","floor":7,"key":"SMITH"}],"neow_cost":"NONE","seed_source_timestamp":712098105675252,"circlet_count":0,"master_deck":["Defend_G","Defend_G","Defend_G","Defend_G","Defend_G","Strike_G","Strike_G","Strike_G","Strike_G","Strike_G","Survivor","Neutralize","Dodge and Roll","Caltrops","Backflip","Skewer+1","Dagger Spray","Malaise","Blur"],"relics":["Ring of the Snake","NeowsBlessing","Lantern","Mercury Hourglass","Molten Egg 2"],"potions_floor_usage":[6],"damage_taken":[{"damage":0,"enemies":"Cultist","floor":1,"turns":1},{"damage":0,"enemies":"2 Louse","floor":3,"turns":1},{"damage":0,"enemies":"Jaw Worm","floor":4,"turns":1},{"damage":1,"enemies":"Blue Slaver","floor":5,"turns":7},{"damage":32,"enemies":"Gremlin Nob","floor":6,"turns":5},{"damage":29,"enemies":"3 Sentries","floor":8,"turns":10},{"damage":22,"enemies":"Gremlin Gang","floor":10,"turns":3}],"seed_played":"-8517154803919525380","potions_obtained":[{"floor":3,"key":"FearPotion"},{"floor":6,"key":"LiquidBronze"}],"is_trial":false,"path_per_floor":["M"],"character_chosen":"THE_SILENT","items_purchased":["Caltrops","Backflip"],"campfire_rested":0,"item_purchase_floors":[2,2],"current_hp_per_floor":[63,63,63,63,62,30,30,1,1,0],"gold":123,"neow_bonus":"THREE_ENEMY_KILL","is_prod":false,"is_daily":false,"chose_seed":false,"campfire_upgraded":1,"win_rate":0,"timestamp":1556119864,"path_taken":["M","$","?","M","M","E","R","E","T","M"],"build_version":"2019-01-23","purchased_purges":0,"victory":false,"max_hp_per_floor":[70,70,70,70,70,70,70,70,70,70],"card_choices":[{"not_picked":["Acrobatics","Slice"],"picked":"Dodge and Roll","floor":1},{"not_picked":["Cloak And Dagger","Reflex"],"picked":"Skewer","floor":3},{"not_picked":["Quick Slash","Slice"],"picked":"Dagger Spray","floor":4},{"not_picked":["Blade Dance","Dagger Throw"],"picked":"Malaise","floor":5},{"not_picked":["Deadly Poison","Acrobatics","Outmaneuver"],"picked":"SKIP","floor":6},{"not_picked":["Blade Dance","Skewer"],"picked":"Blur","floor":8}],"player_experience":303959,"relics_obtained":[{"floor":6,"key":"Lantern"},{"floor":8,"key":"Mercury Hourglass"},{"floor":9,"key":"Molten Egg 2"}],"event_choices":[],"is_beta":false,"boss_relics":[],"items_purged_floors":[],"is_endless":false,"potions_floor_spawned":[3,6],"killed_by":"Gremlin Gang","ascension_level":9}