{"gold_per_floor":[119,43,43,56,75,75,110,110,162,231,293,326,346,360,360,450,450,464,514,514,514,237,237,78,78,78,55,75,75],"floor_reached":29,"playtime":822,"items_purged":["Strike_B"],"score":482,"play_id":"47b49dc2-1046-46e6-be9d-16ec7a20e69d","local_time":"20190208133012","is_ascension_mode":true,"campfire_choices":[{"data":"Rip and Tear","floor":6,"key":"SMITH"},{"data":"Zap","floor":8,"key":"SMITH"},{"floor":15,"key":"REST"},{"data":"Coolheaded","floor":23,"key":"SMITH"},{"data":"Blizzard","floor":25,"key":"SMITH"}],"neow_cost":"NONE","seed_source_timestamp":871513182996506,"circlet_count":0,"master_deck":["AscendersBane","Strike_B","Strike_B","Strike_B","Defend_B","Defend_B","Defend_B","Defend_B","Zap+1","Dualcast","Cold Snap","Rip and Tear+1","Coolheaded+1","Conserve Battery","Melter","FTL","Blizzard+1","Glacier","Hyperbeam","Self Repair+1","Coolheaded","Sweeping Beam"],"relics":["Cracked Core","NeowsBlessing","Golden Idol","Bag of Marbles","Strawberry","Tiny Chest","Omamori","Nuclear Battery","Frozen Egg 2","Potion Belt"],"potions_floor_usage":[10,18,27,28],"damage_taken":[{"damage":0,"enemies":"Cultist","floor":1,"turns":1},{"damage":0,"enemies":"Jaw Worm","floor":4,"turns":1},{"damage":0,"enemies":"Small Slimes","floor":5,"turns":1},{"damage":22,"enemies":"3 Sentries","floor":7,"turns":10},{"damage":12,"enemies":"Lagavulin","floor":10,"turns":5},{"damage":18,"enemies":"3 Sentries","floor":12,"turns":6},{"damage":7,"enemies":"Exordium Thugs","floor":13,"turns":4},{"damage":0,"enemies":"Exordium Wildlife","floor":14,"turns":2},{"damage":14,"enemies":"Slime Boss","floor":16,"turns":8},{"damage":7,"enemies":"Shell Parasite","floor":18,"turns":4},{"damage":25,"enemies":"2 Thieves","floor":27,"turns":4},{"damage":29,"enemies":"Chosen and Byrds","floor":28,"turns":7},{"damage":38,"enemies":"Gremlin Leader","floor":29,"turns":2}],"seed_played":"-4921866091266022972","potions_obtained":[{"floor":7,"key":"Weak Potion"},{"floor":12,"key":"Block Potion"},{"floor":13,"key":"Ancient Potion"},{"floor":16,"key":"LiquidBronze"},{"floor":18,"key":"Regen Potion"},{"floor":27,"key":"FearPotion"}],"is_trial":false,"path_per_floor":["M","$","?","M","M","R","E","R","T","E","?","E","M","M","R","B",null,"M","?","T","?","$","R","$","R","T","M","M","E"],"character_chosen":"DEFECT","items_purchased":["Rip and Tear","Frozen Egg 2","Self Repair+1"],"campfire_rested":1,"item_purchase_floors":[2,22,24],"current_hp_per_floor":[64,64,64,64,64,64,42,42,49,37,37,19,12,12,33,19,58,51,51,51,51,51,51,51,51,51,50,31,0],"gold":75,"neow_bonus":"THREE_ENEMY_KILL","is_prod":false,"is_daily":false,"chose_seed":false,"campfire_upgraded":4,"win_rate":0,"timestamp":1549629012,"path_taken":["M","?","?","M","M","R","E","R","T","E","?","E","M","M","R","BOSS","M","?","?","?","$","R","$","R","T","M","M","E"],"build_version":"2019-01-23","purchased_purges":1,"victory":false,"max_hp_per_floor":[71,71,64,64,64,64,64,64,71,71,71,71,71,71,71,71,71,71,71,71,71,71,71,71,71,71,71,71,71],"card_choices":[{"not_picked":["Streamline","Compile Driver"],"picked":"Cold Snap","floor":1},{"not_picked":["Redo","Chaos"],"picked":"Coolheaded","floor":4},{"not_picked":["Aggregate","Recycle"],"picked":"Conserve Battery","floor":5},{"not_picked":["Blizzard","Sweeping Beam"],"picked":"Melter","floor":7},{"not_picked":["Stack","Thunder Strike"],"picked":"FTL","floor":10},{"not_picked":["Undo","Conserve Battery"],"picked":"Blizzard","floor":12},{"not_picked":["Compile Driver","Go for the Eyes"],"picked":"Glacier","floor":13},{"not_picked":["Melter","Barrage","Auto Shields"],"picked":"SKIP","floor":14},{"not_picked":["Meteor Strike","All For One"],"picked":"Hyperbeam","floor":16},{"not_picked":["Aggregate","Stack+1","Redo"],"picked":"SKIP","floor":18},{"not_picked":["Turbo","Beam Cell"],"picked":"Coolheaded","floor":27},{"not_picked":["Beam Cell","Go for the Eyes"],"picked":"Sweeping Beam","floor":28}],"player_experience":1313058,"relics_obtained":[{"floor":7,"key":"Bag of Marbles"},{"floor":9,"key":"Strawberry"},{"floor":10,"key":"Tiny Chest"},{"floor":12,"key":"Omamori"},{"floor":26,"key":"Potion Belt"}],"event_choices":[{"damage_healed":0,"gold_gain":0,"player_choice":"Lose Max HP","damage_taken":0,"relics_obtained":["Golden Idol"],"max_hp_gain":0,"max_hp_loss":7,"event_name":"Golden Idol","floor":3,"gold_loss":0},{"damage_healed":0,"gold_gain":62,"player_choice":"Gained Gold","damage_taken":0,"max_hp_gain":0,"max_hp_loss":0,"event_name":"Golden Wing","floor":11,"gold_loss":0},{"damage_healed":0,"gold_gain":50,"player_choice":"Stole From Cult","damage_taken":0,"max_hp_gain":0,"max_hp_loss":0,"event_name":"Nest","floor":19,"gold_loss":0},{"damage_healed":0,"gold_gain":0,"player_choice":"Ignored","damage_taken":0,"max_hp_gain":0,"max_hp_loss":0,"event_name":"Ghosts","floor":21,"gold_loss":0}],"is_beta":false,"boss_relics":[{"not_picked":["Pandora\u0027s Box","Runic Pyramid"],"picked":"Nuclear Battery"}],"items_purged_floors":[24],"is_endless":false,"potions_floor_spawned":[7,12,13,16,18,27],"killed_by":"Gremlin Leader","ascension_level":20}