{"gold_per_floor":[210,221,292,55,67,102,102,4,4,0,11,36,36,60,60,60],"floor_reached":16,"playtime":472,"items_purged":[],"score":193,"play_id":"469e734a-90ba-4cc9-b798-36d12b2be76b","local_time":"20190426172750","is_ascension_mode":true,"campfire_choices":[{"data":"Biased Cognition","floor":7,"key":"SMITH"},{"data":"Zap","floor":15,"key":"SMITH"}],"neow_cost":"NONE","seed_source_timestamp":7716903580792,"circlet_count":0,"master_deck":["AscendersBane","Strike_B","Strike_B","Strike_B","Strike_B","Defend_B","Defend_B","Defend_B","Defend_B","Zap+1","Dualcast","Self Repair","Doom and Gloom","Biased Cognition+1","Rip and Tear","FTL","All For One","Go for the Eyes","Hologram","Barrage"],"relics":["Cracked Core","Dodecahedron","Ancient Tea Set","Lantern","Golden Idol"],"potions_floor_usage":[16],"damage_taken":[{"damage":2,"enemies":"2 Louse","floor":1,"turns":2},{"damage":12,"enemies":"Small Slimes","floor":2,"turns":4},{"damage":7,"enemies":"Jaw Worm","floor":5,"turns":3},{"damage":16,"enemies":"Gremlin Nob","floor":6,"turns":3},{"damage":11,"enemies":"Looter","floor":11,"turns":3},{"damage":27,"enemies":"Lagavulin","floor":12,"turns":5},{"damage":0,"enemies":"3 Louse","floor":14,"turns":1},{"damage":18,"enemies":"The Guardian","floor":16,"turns":3}],"seed_played":"-8687604876276427804","potions_obtained":[{"floor":1,"key":"Fire Potion"},{"floor":6,"key":"Ancient Potion"},{"floor":14,"key":"FocusPotion"}],"is_trial":false,"path_per_floor":["M","M","?","$","M","E","R","$","T","?","M","E","?","M","R","B"],"character_chosen":"DEFECT","items_purchased":["Biased Cognition","Rip and Tear","FTL","Go for the Eyes","Hologram"],"campfire_rested":0,"item_purchase_floors":[4,4,4,8,8],"current_hp_per_floor":[62,57,57,57,57,41,41,41,41,41,37,17,17,17,17,0],"gold":60,"neow_bonus":"HUNDRED_GOLD","is_prod":false,"is_daily":false,"chose_seed":false,"campfire_upgraded":2,"win_rate":0,"timestamp":1556310470,"path_taken":["M","M","?","$","M","E","R","$","T","?","?","E","?","M","R","BOSS"],"build_version":"2019-01-23","purchased_purges":0,"victory":false,"max_hp_per_floor":[71,71,71,71,71,71,71,71,71,71,71,71,64,64,64,64],"card_choices":[{"not_picked":["Steam Power","Redo"],"picked":"Self Repair","floor":1},{"not_picked":["Coolheaded","Leap"],"picked":"Doom and Gloom","floor":2},{"not_picked":["Compile Driver","Rebound"],"picked":"All For One","floor":5},{"not_picked":["Steam Power","Aggregate","Chaos"],"picked":"SKIP","floor":6},{"not_picked":["Barrage","Storm","Darkness"],"picked":"SKIP","floor":11},{"not_picked":["Sweeping Beam","Compile Driver"],"picked":"Barrage","floor":12},{"not_picked":["Hologram","Force Field","Sweeping Beam"],"picked":"SKIP","floor":14}],"player_experience":755633,"relics_obtained":[{"floor":6,"key":"Dodecahedron"},{"floor":9,"key":"Ancient Tea Set"},{"floor":12,"key":"Lantern"}],"event_choices":[{"damage_healed":0,"gold_gain":71,"player_choice":"Gained Gold","damage_taken":0,"max_hp_gain":0,"max_hp_loss":0,"event_name":"Golden Wing","floor":3,"gold_loss":0},{"damage_healed":0,"gold_gain":0,"player_choice":"Left Gold","damage_taken":0,"max_hp_gain":0,"max_hp_loss":0,"event_name":"World of Goop","floor":10,"gold_loss":4},{"damage_healed":0,"gold_gain":0,"player_choice":"Lose Max HP","damage_taken":0,"relics_obtained":["Golden Idol"],"max_hp_gain":0,"max_hp_loss":7,"event_name":"Golden Idol","floor":13,"gold_loss":0}],"is_beta":false,"boss_relics":[],"items_purged_floors":[],"is_endless":false,"potions_floor_spawned":[1,6,14],"killed_by":"The Guardian","ascension_level":15}