{"gold_per_floor":[214,230,65,79,134,168,168,168,168,168,193,205,205,217,217,290,290,300,300,42,0,19,19,30,30,30,30,64,64,82,82],"floor_reached":31,"playtime":1895,"items_purged":["Strike_G"],"score":485,"play_id":"f61a34c3-946b-420e-bbe6-1feb4927d4f1","local_time":"20190425014407","is_ascension_mode":true,"campfire_choices":[{"data":"Bouncing Flask","floor":8.0,"key":"SMITH"},{"floor":13.0,"key":"REST"},{"floor":15.0,"key":"REST"},{"data":"After Image","floor":23,"key":"SMITH"},{"data":"Storm of Steel","floor":29,"key":"SMITH"}],"neow_cost":"NONE","seed_source_timestamp":0,"circlet_count":0,"master_deck":["AscendersBane","Defend_G","Defend_G","Defend_G","Defend_G","Defend_G","Strike_G","Strike_G","Strike_G","Strike_G","Survivor","Neutralize","Cloak And Dagger","Cloak And Dagger","Endless Agony","Caltrops+1","Dash","Bouncing Flask+1","After Image+1","Crippling Poison","Storm of Steel+1","Accuracy","Acrobatics","Endless Agony"],"special_seed":0,"relics":["Ring of the Snake","Art of War","Singing Bowl","Anchor","WristBlade","PreservedInsect","Nunchaku","Mango"],"potions_floor_usage":[18,28,30],"damage_taken":[{"damage":2.0,"enemies":"2 Louse","floor":1.0,"turns":3.0},{"damage":7.0,"enemies":"Small Slimes","floor":2.0,"turns":4.0},{"damage":4.0,"enemies":"Jaw Worm","floor":4.0,"turns":4.0},{"damage":23.0,"enemies":"Gremlin Nob","floor":6.0,"turns":5.0},{"damage":20.0,"enemies":"3 Sentries","floor":11.0,"turns":8.0},{"damage":0.0,"enemies":"3 Louse","floor":12.0,"turns":3.0},{"damage":6.0,"enemies":"Looter","floor":14.0,"turns":3.0},{"damage":24.0,"enemies":"Slime Boss","floor":16.0,"turns":14.0},{"damage":6,"enemies":"2 Thieves","floor":18,"turns":4},{"damage":6,"enemies":"Shell Parasite","floor":22,"turns":6},{"damage":8,"enemies":"Centurion and Healer","floor":24,"turns":10},{"damage":12,"enemies":"Book of Stabbing","floor":28,"turns":5},{"damage":25,"enemies":"Sentry and Sphere","floor":30,"turns":6},{"damage":15,"enemies":"Cultist and Chosen","floor":31,"turns":5}],"seed_played":"8886158118594370963","potions_obtained":[{"floor":2.0,"key":"SpeedPotion"},{"floor":4.0,"key":"GhostInAJar"},{"floor":6.0,"key":"Weak Potion"},{"floor":16,"key":"AttackPotion"},{"floor":18,"key":"SkillPotion"}],"is_trial":false,"path_per_floor":["M","M","$","M","?","E","?","R","T","?","E","M","R","M","R","B",null,"M","?","$","?","M","R","M","?","T","?","E","R","M","M"],"character_chosen":"THE_SILENT","items_purchased":["Endless Agony","Caltrops","SkillPotion","Accuracy","PreservedInsect"],"campfire_rested":2,"item_purchase_floors":[3,3,3,20,20],"current_hp_per_floor":[57,50,50,46,46,23,23,23,23,23,5,5,25,19,39,15,55,51,51,51,51,45,45,37,37,37,30,34,34,11,0],"gold":82,"neow_bonus":"HUNDRED_GOLD","is_prod":false,"is_daily":false,"chose_seed":false,"campfire_upgraded":3,"win_rate":0,"timestamp":1556167447,"path_taken":["M","M","$","M","?","E","?","R","T","?","E","M","R","M","R","BOSS","BOSS","M","?","$","?","M","R","M","?","T","?","E","R","M","?"],"build_version":"2019-01-23","purchased_purges":1,"victory":false,"max_hp_per_floor":[66,66,66,66,66,66,66,66,66,66,68,68,68,68,68,68,68,70,70,70,70,70,70,70,70,70,70,86,86,88,88],"card_choices":[{"not_picked":["Backflip","Reflex"],"picked":"Cloak And Dagger","floor":1.0},{"not_picked":["PiercingWail","Deflect"],"picked":"Cloak And Dagger","floor":2.0},{"not_picked":["Eviscerate","Flying Knee"],"picked":"Dash","floor":4.0},{"not_picked":["Poisoned Stab","Sucker Punch"],"picked":"Bouncing Flask","floor":6.0},{"not_picked":["Concentrate","Infinite Blades","Bane"],"picked":"Singing Bowl","floor":11.0},{"not_picked":["Riddle With Holes","Quick Slash"],"picked":"After Image","floor":12.0},{"not_picked":["Slice","Masterful Stab"],"picked":"Crippling Poison","floor":14.0},{"not_picked":["Phantasmal Killer","Glass Knife"],"picked":"Storm of Steel","floor":16},{"not_picked":["Prepared","Heel Hook","Flying Knee"],"picked":"Singing Bowl","floor":18},{"not_picked":["Flechettes","All Out Attack"],"picked":"Acrobatics","floor":22},{"not_picked":["Blade Dance","Catalyst"],"picked":"Endless Agony","floor":24},{"not_picked":["Bane","Dagger Throw","Flying Knee"],"picked":"Singing Bowl","floor":28},{"not_picked":["Underhanded Strike","Prepared","Concentrate"],"picked":"Singing Bowl","floor":30}],"player_experience":750261,"relics_obtained":[{"floor":6.0,"key":"Art of War"},{"floor":9.0,"key":"Singing Bowl"},{"floor":11.0,"key":"Anchor"},{"floor":26,"key":"Nunchaku"},{"floor":28,"key":"Mango"}],"event_choices":[{"damage_healed":0.0,"max_hp_gain":0.0,"max_hp_loss":0.0,"gold_gain":55.0,"event_name":"Golden Wing","player_choice":"Gained Gold","floor":5.0,"gold_loss":0.0,"damage_taken":0.0},{"damage_healed":0.0,"max_hp_gain":0.0,"max_hp_loss":0.0,"gold_gain":0.0,"event_name":"Liars Game","player_choice":"Ignored","floor":7.0,"gold_loss":0.0,"damage_taken":0.0},{"damage_healed":0.0,"max_hp_gain":0.0,"max_hp_loss":0.0,"gold_gain":0.0,"event_name":"Living Wall","player_choice":"Grow","floor":10.0,"gold_loss":0.0,"damage_taken":0.0,"cards_upgraded":["Caltrops"]},{"damage_healed":0,"gold_gain":0,"player_choice":"Ignored","damage_taken":0,"max_hp_gain":0,"max_hp_loss":0,"event_name":"Ghosts","floor":19,"gold_loss":0},{"damage_healed":0,"gold_gain":0,"player_choice":"Paid Fearfully","damage_taken":0,"max_hp_gain":0,"max_hp_loss":0,"event_name":"Masked Bandits","floor":21,"gold_loss":42},{"damage_healed":0,"gold_gain":0,"player_choice":"Ignored","damage_taken":0,"max_hp_gain":0,"max_hp_loss":0,"event_name":"Beggar","floor":25,"gold_loss":0},{"damage_healed":0,"gold_gain":0,"player_choice":"","damage_taken":7,"max_hp_gain":0,"max_hp_loss":0,"event_name":"Knowing Skull","floor":27,"potions_obtained":[],"gold_loss":0,"cards_obtained":[]}],"is_beta":false,"boss_relics":[{"not_picked":["Tiny House","Black Star"],"picked":"WristBlade"}],"items_purged_floors":[20],"is_endless":false,"potions_floor_spawned":[2,4,6,16,18,24],"killed_by":"Cultist and Chosen","ascension_level":15}