{"gold_per_floor":[113,127,142,142,72,105,32,32,110,142,142,170,170,180,180,180],"floor_reached":16,"playtime":464,"items_purged":[],"score":153,"play_id":"ec9885d8-0239-4c07-a796-05f22fd277f9","local_time":"20190331011558","is_ascension_mode":true,"campfire_choices":[{"data":"Uppercut","floor":8,"key":"SMITH"},{"data":"Bash","floor":11,"key":"SMITH"},{"data":"Clothesline","floor":13,"key":"SMITH"},{"data":"Shockwave","floor":15,"key":"SMITH"}],"neow_cost":"NONE","seed_source_timestamp":35380144423841,"circlet_count":0,"master_deck":["Strike_R","Strike_R","Strike_R","Strike_R","Strike_R","Defend_R","Defend_R","Defend_R","Defend_R","Bash+1","Headbutt","Flame Barrier","Clothesline+1","Uppercut+1","Impervious","Shockwave+1"],"relics":["Burning Blood","Boot","PreservedInsect","Magic Flower","Pear","Singing Bowl","Nunchaku"],"potions_floor_usage":[],"damage_taken":[{"damage":4,"enemies":"Jaw Worm","floor":1,"turns":4},{"damage":1,"enemies":"Cultist","floor":2,"turns":3},{"damage":5,"enemies":"Small Slimes","floor":3,"turns":4},{"damage":40,"enemies":"3 Sentries","floor":6,"turns":7},{"damage":17,"enemies":"Lagavulin","floor":10,"turns":6},{"damage":12,"enemies":"Gremlin Nob","floor":12,"turns":3},{"damage":23,"enemies":"Gremlin Gang","floor":14,"turns":7},{"damage":35,"enemies":"Hexaghost","floor":16,"turns":11}],"seed_played":"4389880510267620278","potions_obtained":[{"floor":2,"key":"BloodPotion"},{"floor":6,"key":"GamblersBrew"}],"is_trial":false,"path_per_floor":["M","M","M","?","$","E","$","R","T","E","R","E","R","M","R","B"],"character_chosen":"IRONCLAD","items_purchased":["Uppercut","Impervious"],"campfire_rested":0,"item_purchase_floors":[5,7],"current_hp_per_floor":[74,79,80,80,80,46,46,46,56,50,50,49,49,35,35,0],"gold":180,"neow_bonus":"RANDOM_COMMON_RELIC","is_prod":false,"is_daily":false,"chose_seed":false,"campfire_upgraded":4,"win_rate":0,"timestamp":1554005758,"path_taken":["M","M","M","?","?","E","$","R","T","E","R","E","R","?","R","BOSS"],"build_version":"2019-01-23","purchased_purges":0,"victory":false,"max_hp_per_floor":[80,80,80,80,80,80,80,80,90,92,92,94,94,94,94,94],"card_choices":[{"not_picked":["Cleave","Warcry"],"picked":"Headbutt","floor":1},{"not_picked":["Anger","Armaments"],"picked":"Flame Barrier","floor":2},{"not_picked":["Perfected Strike","Warcry"],"picked":"Clothesline","floor":3},{"not_picked":["Wild Strike","Sword Boomerang","Clothesline"],"picked":"SKIP","floor":6},{"not_picked":["Fiend Fire","Headbutt","Metallicize"],"picked":"Singing Bowl","floor":10},{"not_picked":["Sword Boomerang","Corruption","Dual Wield"],"picked":"Singing Bowl","floor":12},{"not_picked":["Evolve","Corruption"],"picked":"Shockwave","floor":14}],"player_experience":431500,"relics_obtained":[{"floor":6,"key":"Magic Flower"},{"floor":9,"key":"Pear"},{"floor":10,"key":"Singing Bowl"},{"floor":12,"key":"Nunchaku"}],"event_choices":[{"damage_healed":0,"gold_gain":0,"player_choice":"Gave Potion","damage_taken":0,"relics_obtained":["PreservedInsect"],"max_hp_gain":0,"max_hp_loss":0,"event_name":"WeMeetAgain","floor":4,"gold_loss":0}],"is_beta":false,"boss_relics":[],"items_purged_floors":[],"is_endless":false,"potions_floor_spawned":[2,6],"killed_by":"Hexaghost","ascension_level":6}