{"gold_per_floor":[110,127,77,77,77,112,112,129,204,237,255,255,7,17,17,115,115,131,148,173,53,53,97,125,137,149,161,201,213,237,279,291,303],"floor_reached":33,"playtime":1690,"items_purged":["Strike_G"],"score":454,"play_id":"35a50cdb-ff35-4a20-aeb6-9369fb8c13cd","local_time":"20180907141116","is_ascension_mode":true,"campfire_choices":[{"data":"Dash","floor":7,"key":"SMITH"},{"data":"Dagger Spray","floor":12,"key":"SMITH"},{"floor":15,"key":"REST"},{"floor":25,"key":"REST"},{"floor":27,"key":"REST"},{"floor":32,"key":"REST"}],"neow_cost":"NONE","seed_source_timestamp":240667940888998,"circlet_count":0,"master_deck":["Defend_G","Defend_G","Defend_G","Defend_G","Defend_G","Strike_G","Strike_G","Strike_G","Survivor","Neutralize+1","Deadly Poison","Dagger Throw","Dash+1","Dagger Spray+1","Bouncing Flask+1","Underhanded Strike","Dagger Throw","Concentrate+1","Phantasmal Killer+1","Cloak And Dagger+1","Catalyst+1","Noxious Fumes","Catalyst+1","Calculated Gamble+1","Terror+1","Prepared+1","Reflex+1","Deflect+1","Underhanded Strike+1","Calculated Gamble+1"],"relics":["Ring of the Serpent","NeowsBlessing","Smiling Mask","Toxic Egg 2","Dream Catcher","TwistedFunnel","Red Mask","MawBank","Question Card","Ninja Scroll","Pen Nib","Juzu Bracelet"],"potions_floor_usage":[16,20,23,31,33,33,33],"damage_taken":[{"damage":0,"enemies":"Small Slimes","floor":1,"turns":1},{"damage":0,"enemies":"Jaw Worm","floor":2,"turns":1},{"damage":0,"enemies":"Lagavulin","floor":6,"turns":1},{"damage":0,"enemies":"2 Louse","floor":8,"turns":2},{"damage":29,"enemies":"3 Sentries","floor":10,"turns":9},{"damage":1,"enemies":"Exordium Wildlife","floor":11,"turns":4},{"damage":11,"enemies":"Exordium Thugs","floor":14,"turns":2},{"damage":22,"enemies":"The Guardian","floor":16,"turns":8},{"damage":10,"enemies":"Shell Parasite","floor":18,"turns":5},{"damage":6,"enemies":"2 Thieves","floor":19,"turns":4},{"damage":7,"enemies":"Masked Bandits","floor":20,"turns":3},{"damage":33,"enemies":"Slavers","floor":23,"turns":4},{"damage":7,"enemies":"Snecko","floor":24,"turns":4},{"damage":3,"enemies":"Gremlin Leader","floor":28,"turns":3},{"damage":14,"enemies":"Sentry and Sphere","floor":30,"turns":4},{"damage":24,"enemies":"Slavers","floor":31,"turns":5},{"damage":33,"enemies":"Automaton","floor":33,"turns":6}],"seed_played":"-5692468170224048230","potions_obtained":[{"floor":2,"key":"GhostInAJar"},{"floor":10,"key":"Swift Potion"},{"floor":11,"key":"Poison Potion"},{"floor":16,"key":"Energy Potion"},{"floor":19,"key":"AttackPotion"},{"floor":24,"key":"SneckoOil"},{"floor":28,"key":"EssenceOfSteel"},{"floor":31,"key":"GhostInAJar"}],"is_trial":false,"path_per_floor":["M","M","?","?","?","E","R","M","T","E","M","R","$","M","R","B",null,"M","M","?","$","T","E","M","R","T","R","E","$","M","E","R"],"character_chosen":"THE_SILENT","items_purchased":["TwistedFunnel","Dagger Throw","Catalyst+1"],"campfire_rested":4,"item_purchase_floors":[13,13,21],"current_hp_per_floor":[70,70,70,70,75,75,75,75,75,46,45,45,45,34,56,34,65,55,49,42,42,42,9,2,24,24,46,43,43,29,5,27,0],"gold":303,"neow_bonus":"THREE_ENEMY_KILL","is_prod":false,"is_daily":false,"chose_seed":false,"campfire_upgraded":2,"win_rate":0,"timestamp":1536322276,"path_taken":["M","M","?","?","?","E","R","M","T","E","M","R","$","?","R","BOSS","M","M","?","$","?","E","?","R","T","R","E","?","M","E","R","BOSS"],"build_version":"2018-09-06","purchased_purges":1,"victory":false,"max_hp_per_floor":[70,70,70,70,75,75,75,75,75,75,75,75,75,75,75,75,75,75,75,75,75,75,75,75,75,75,75,75,75,75,75,75,75],"card_choices":[{"not_picked":["Deflect","Flying Knee"],"picked":"Deadly Poison","floor":1},{"not_picked":["Quick Slash","Slice"],"picked":"Dagger Throw","floor":2},{"not_picked":["Catalyst","Poisoned Stab"],"picked":"Dash","floor":6},{"not_picked":["Bouncing Flask","Backflip"],"picked":"Dagger Spray","floor":8},{"not_picked":["Underhanded Strike","Tools of the Trade"],"picked":"Bouncing Flask+1","floor":10},{"not_picked":["PiercingWail+1","Outmaneuver+1"],"picked":"Underhanded Strike","floor":11},{"not_picked":["Poisoned Stab","Dodge and Roll+1"],"picked":"Concentrate+1","floor":14},{"not_picked":["Riddle With Holes","Slice"],"picked":"Phantasmal Killer+1","floor":15},{"not_picked":["Blade Dance+1","Sucker Punch"],"picked":"Cloak And Dagger+1","floor":18},{"not_picked":["Finisher","Prepared+1"],"picked":"Catalyst+1","floor":19},{"not_picked":["Outmaneuver+1","Predator"],"picked":"Noxious Fumes","floor":20},{"not_picked":["Caltrops+1","Blade Dance+1"],"picked":"Calculated Gamble+1","floor":23},{"not_picked":["Dagger Spray","Acrobatics+1","Dodge and Roll+1","Blade Dance+1"],"picked":"SKIP","floor":24},{"not_picked":["Tactician+1","Bane","Quick Slash+1"],"picked":"Terror+1","floor":25},{"not_picked":["Dagger Spray+1","Bane+1","Underhanded Strike"],"picked":"Prepared+1","floor":27},{"not_picked":["Expertise+1","Well Laid Plans","A Thousand Cuts"],"picked":"Reflex+1","floor":28},{"not_picked":["Noxious Fumes","Dodge and Roll+1","Dagger Spray"],"picked":"Deflect+1","floor":30},{"not_picked":["Dodge and Roll+1","Distraction+1","Backflip+1"],"picked":"Underhanded Strike+1","floor":31},{"not_picked":["Prepared+1","Deadly Poison+1","Backflip+1"],"picked":"Calculated Gamble+1","floor":32}],"player_experience":320154,"relics_obtained":[{"floor":6,"key":"Smiling Mask"},{"floor":9,"key":"Toxic Egg 2"},{"floor":10,"key":"Dream Catcher"},{"floor":20,"key":"Red Mask"},{"floor":22,"key":"MawBank"},{"floor":23,"key":"Question Card"},{"floor":26,"key":"Ninja Scroll"},{"floor":28,"key":"Pen Nib"},{"floor":31,"key":"Juzu Bracelet"}],"event_choices":[{"event_name":"The Cleric","player_choice":"Card Removal","floor":3,"damage_taken":0},{"event_name":"Upgrade Shrine","player_choice":"Upgraded","floor":4,"damage_taken":0},{"event_name":"Big Fish","player_choice":"Donut","floor":5,"damage_taken":0},{"event_name":"Masked Bandits","player_choice":"Fought Bandits","floor":20,"damage_taken":0}],"is_beta":false,"boss_relics":[{"not_picked":["WristBlade","Tiny House"],"picked":"Ring of the Serpent"}],"items_purged_floors":[21],"is_endless":false,"potions_floor_spawned":[2,10,11,14,16,19,24,28,31],"killed_by":"Automaton","ascension_level":5}