{"gold_per_floor":[117,117,130,147,162,195,215,247,247,247,297,313,138,138],"floor_reached":14,"playtime":539,"items_purged":["Strike_G"],"score":175,"play_id":"eb0b5c70-af6b-4114-a008-229e95da8c39","local_time":"20190427042354","is_ascension_mode":true,"campfire_choices":[{"floor":10,"key":"REST"}],"neow_cost":"NONE","seed_source_timestamp":47014194836107,"circlet_count":0,"master_deck":["AscendersBane","Defend_G","Defend_G","Defend_G","Defend_G","Defend_G","Strike_G","Strike_G","Strike_G","Strike_G","Survivor","Neutralize","Noxious Fumes+1","Bane","Die Die Die","Terror","Sucker Punch","Backstab","Flying Knee","Footwork","Backflip","Acrobatics"],"relics":["Ring of the Snake","Art of War","Odd Mushroom","Dream Catcher","Strawberry"],"potions_floor_usage":[5,6,14],"damage_taken":[{"damage":1,"enemies":"Small Slimes","floor":1,"turns":5},{"damage":6,"enemies":"Cultist","floor":3,"turns":5},{"damage":4,"enemies":"Jaw Worm","floor":4,"turns":4},{"damage":19,"enemies":"Large Slime","floor":5,"turns":6},{"damage":12,"enemies":"Gremlin Nob","floor":6,"turns":4},{"damage":3,"enemies":"The Mushroom Lair","floor":7,"turns":3},{"damage":17,"enemies":"3 Sentries","floor":8,"turns":5},{"damage":0,"enemies":"Lots of Slimes","floor":12,"turns":1},{"damage":26,"enemies":"Gremlin Nob","floor":14,"turns":3}],"seed_played":"-7008432316611927108","potions_obtained":[{"floor":1,"key":"Strength Potion"},{"floor":3,"key":"Energy Potion"},{"floor":12,"key":"SkillPotion"}],"is_trial":false,"path_per_floor":["M","?","M","M","M","E","?","E","T","R","?","M","$","E"],"character_chosen":"THE_SILENT","items_purchased":["Backflip","Acrobatics"],"campfire_rested":1,"item_purchase_floors":[13,13],"current_hp_per_floor":[64,64,58,54,35,23,20,3,10,33,26,26,26,0],"gold":138,"neow_bonus":"TEN_PERCENT_HP_BONUS","is_prod":false,"is_daily":false,"chose_seed":false,"campfire_upgraded":0,"win_rate":0,"timestamp":1556349834,"path_taken":["M","?","M","?","M","E","?","E","T","R","?","?","$","E"],"build_version":"2019-01-23","purchased_purges":1,"victory":false,"max_hp_per_floor":[72,72,72,72,72,72,72,72,79,79,79,79,79,79],"card_choices":[{"not_picked":["Concentrate","Masterful Stab"],"picked":"Noxious Fumes","floor":1},{"not_picked":["Slice","Blade Dance"],"picked":"Bane","floor":3},{"not_picked":["Catalyst","Dagger Spray"],"picked":"Die Die Die","floor":4},{"not_picked":["Tactician","Eviscerate"],"picked":"Terror","floor":5},{"not_picked":["Backflip","Heel Hook"],"picked":"Sucker Punch","floor":6},{"not_picked":["Setup","Accuracy"],"picked":"Backstab","floor":7},{"not_picked":["Calculated Gamble","Dagger Throw","Prepared"],"picked":"SKIP","floor":8},{"not_picked":["Terror","Riddle With Holes"],"picked":"Flying Knee","floor":10},{"not_picked":["Deflect","Deadly Poison"],"picked":"Footwork","floor":12}],"player_experience":770161,"relics_obtained":[{"floor":6,"key":"Art of War"},{"floor":7,"key":"Odd Mushroom"},{"floor":8,"key":"Dream Catcher"},{"floor":9,"key":"Strawberry"}],"event_choices":[{"damage_healed":0,"gold_gain":0,"player_choice":"Upgraded","damage_taken":0,"max_hp_gain":0,"max_hp_loss":0,"event_name":"Upgrade Shrine","floor":2,"gold_loss":0,"cards_upgraded":["Noxious Fumes"]},{"damage_healed":0,"gold_gain":0,"player_choice":"Fought Mushrooms","damage_taken":0,"max_hp_gain":0,"max_hp_loss":0,"event_name":"Mushrooms","floor":7,"gold_loss":0},{"damage_healed":0,"gold_gain":50,"player_choice":"Touch","damage_taken":7,"max_hp_gain":0,"max_hp_loss":0,"event_name":"FaceTrader","floor":11,"gold_loss":0}],"is_beta":false,"boss_relics":[],"items_purged_floors":[13],"is_endless":false,"potions_floor_spawned":[1,3,12],"killed_by":"Gremlin Nob","ascension_level":15}