{"gold_per_floor":[112,187,118,118,134,134,161,436,486,506,539,270,270,280,280,384,384,400,400,42,57,72,106,106,136,136,136,51,51],"floor_reached":29,"playtime":1348,"items_purged":["Regret","Strike_B"],"score":441,"play_id":"c0e420d5-5205-462d-87a8-b135b77b7040","local_time":"20190419022135","is_ascension_mode":true,"campfire_choices":[{"data":"Buffer","floor":6,"key":"SMITH"},{"data":"Dualcast","floor":13,"key":"SMITH"},{"data":"Reinforced Body","floor":15,"key":"SMITH"},{"floor":24,"key":"REST"},{"data":"Undo","floor":27,"key":"SMITH"}],"neow_cost":"NONE","seed_source_timestamp":46816795560317,"circlet_count":0,"master_deck":["AscendersBane","Strike_B+1","Defend_B","Defend_B","Defend_B","Defend_B","Zap+1","Dualcast+1","Cold Snap","Buffer+1","Reinforced Body+1","Ball Lightning+1","Conserve Battery","Buffer+1","Core Surge","Cold Snap+1","Auto Shields","Capacitor+1","Cold Snap","Undo+1"],"relics":["Cracked Core","Anchor","Whetstone","Pen Nib","DollysMirror","Sozu","Frozen Egg 2","Lantern","Sundial","Darkstone Periapt","Question Card"],"potions_floor_usage":[7,23,25],"damage_taken":[{"damage":1,"enemies":"2 Louse","floor":1,"turns":2},{"damage":0,"enemies":"Cultist","floor":5,"turns":3},{"damage":4,"enemies":"Lagavulin","floor":7,"turns":7},{"damage":0,"enemies":"Jaw Worm","floor":10,"turns":4},{"damage":18,"enemies":"Gremlin Nob","floor":11,"turns":4},{"damage":4,"enemies":"Lots of Slimes","floor":14,"turns":5},{"damage":22,"enemies":"Slime Boss","floor":16,"turns":12},{"damage":0,"enemies":"Spheric Guardian","floor":18,"turns":6},{"damage":0,"enemies":"Chosen","floor":21,"turns":5},{"damage":0,"enemies":"Centurion and Healer","floor":22,"turns":11},{"damage":27,"enemies":"Slavers","floor":23,"turns":8},{"damage":0,"enemies":"Book of Stabbing","floor":25,"turns":6},{"damage":55,"enemies":"Gremlin Leader","floor":29,"turns":9}],"seed_played":"-8712856494012515794","potions_obtained":[{"floor":5,"key":"AttackPotion"},{"floor":7,"key":"Poison Potion"},{"floor":14,"key":"LiquidBronze"}],"is_trial":false,"path_per_floor":["M","?","$","?","M","R","E","?","T","M","E","$","R","M","R","B",null,"M","?","$","M","M","E","R","E","T","R","?","E"],"character_chosen":"DEFECT","items_purchased":["Buffer","DollysMirror","Frozen Egg 2"],"campfire_rested":1,"item_purchase_floors":[3,12,20],"current_hp_per_floor":[67,56,56,56,56,56,52,52,52,52,34,34,34,30,30,8,58,58,58,58,58,58,31,53,53,53,53,53,0],"gold":51,"neow_bonus":"UPGRADE_CARD","is_prod":false,"is_daily":false,"chose_seed":false,"campfire_upgraded":4,"win_rate":0,"timestamp":1555651295,"path_taken":["M","?","$","?","?","R","E","?","T","?","E","$","R","M","R","BOSS","M","?","$","M","?","E","R","E","T","R","?","E"],"build_version":"2019-01-23","purchased_purges":2,"victory":false,"max_hp_per_floor":[75,75,75,75,75,75,75,75,75,75,75,75,75,75,75,75,75,75,75,75,75,75,75,75,75,75,75,75,75],"card_choices":[{"not_picked":["Leap","Static Discharge"],"picked":"Cold Snap","floor":1},{"not_picked":["Aggregate","Redo"],"picked":"Reinforced Body","floor":5},{"not_picked":["Cold Snap","Hologram"],"picked":"Ball Lightning","floor":7},{"not_picked":["Scrape","Streamline","Stack"],"picked":"SKIP","floor":10},{"not_picked":["Melter","Force Field"],"picked":"Conserve Battery","floor":11},{"not_picked":["Turbo","Rebound","Streamline"],"picked":"SKIP","floor":14},{"not_picked":["Hyperbeam","Machine Learning"],"picked":"Core Surge","floor":16},{"not_picked":["Steam","Gash"],"picked":"Cold Snap+1","floor":18},{"not_picked":["Streamline","White Noise"],"picked":"Capacitor+1","floor":21},{"not_picked":["Scrape+1","Leap","Storm+1"],"picked":"SKIP","floor":22},{"not_picked":["Recycle","Heatsinks+1"],"picked":"Cold Snap","floor":23},{"not_picked":["Steam","Leap"],"picked":"Undo","floor":25}],"player_experience":659384,"relics_obtained":[{"floor":7,"key":"Anchor"},{"floor":9,"key":"Whetstone"},{"floor":11,"key":"Pen Nib"},{"floor":23,"key":"Lantern"},{"floor":25,"key":"Sundial"},{"floor":26,"key":"Darkstone Periapt"}],"event_choices":[{"damage_healed":0,"gold_gain":75,"player_choice":"Gather Gold","damage_taken":11,"max_hp_gain":0,"max_hp_loss":0,"event_name":"World of Goop","floor":2,"gold_loss":0},{"cards_removed":["Strike_B"],"damage_healed":0,"gold_gain":0,"player_choice":"Purged","damage_taken":0,"max_hp_gain":0,"max_hp_loss":0,"event_name":"Purifier","floor":4,"gold_loss":0},{"damage_healed":0,"gold_gain":275,"player_choice":"Desecrate","damage_taken":0,"max_hp_gain":0,"max_hp_loss":0,"event_name":"Golden Shrine","floor":8,"gold_loss":0,"cards_obtained":["Regret"]},{"damage_healed":0,"gold_gain":0,"cards_transformed":["Strike_B"],"player_choice":"Transformed","damage_taken":0,"max_hp_gain":0,"max_hp_loss":0,"event_name":"Transmorgrifier","floor":19,"gold_loss":0,"cards_obtained":["Auto Shields"]},{"damage_healed":0,"gold_gain":0,"player_choice":"Obtained Relic","damage_taken":0,"relics_obtained":["Question Card"],"max_hp_gain":0,"max_hp_loss":0,"event_name":"Addict","floor":28,"gold_loss":85}],"is_beta":false,"boss_relics":[{"not_picked":["Nuclear Battery","Lizard Tail"],"picked":"Sozu"}],"items_purged_floors":[12,20],"is_endless":false,"potions_floor_spawned":[5,7,14,18,25],"killed_by":"Gremlin Leader","ascension_level":10}