{"gold_per_floor":[364,364,364,139,155,186,186,203,203,221,247,259,259,291,291,391,391,402,196,215,235,245,273,285,285,339,27,27,52,67,82,82,82],"floor_reached":33,"playtime":1825,"items_purged":["Strike_B","Strike_B"],"score":501,"play_id":"0fef695f-7926-414c-95b9-634488469b7d","local_time":"20190417041750","is_ascension_mode":true,"campfire_choices":[{"data":"Gash","floor":7,"key":"SMITH"},{"data":"Sunder","floor":13,"key":"SMITH"},{"data":"Dualcast","floor":15,"key":"SMITH"},{"floor":25,"key":"REST"},{"data":"Capacitor","floor":28,"key":"SMITH"},{"data":"Seek","floor":32,"key":"SMITH"}],"neow_cost":"TEN_PERCENT_HP_LOSS","seed_source_timestamp":45205184474497,"circlet_count":0,"master_deck":["AscendersBane","Strike_B","Strike_B","Defend_B","Defend_B","Defend_B","Defend_B","Zap+1","Dualcast+1","Cold Snap","Gash+1","BootSequence","Conserve Battery","Sunder+1","Ball Lightning","FTL","All For One","Reboot","Sweeping Beam+1","Steam","Ball Lightning","White Noise","BootSequence+1","Capacitor+1","Coolheaded","FTL","Steam","Seek+1"],"relics":["Cracked Core","Pocketwatch","Mango","Bag of Preparation","PreservedInsect","Sozu","StoneCalendar","Boot","Runic Capacitor","Gambling Chip"],"potions_floor_usage":[20],"damage_taken":[{"damage":0,"enemies":"2 Louse","floor":1,"turns":3},{"damage":7,"enemies":"Small Slimes","floor":5,"turns":3},{"damage":14,"enemies":"3 Sentries","floor":6,"turns":8},{"damage":0,"enemies":"Cultist","floor":8,"turns":3},{"damage":5,"enemies":"Gremlin Gang","floor":10,"turns":3},{"damage":14,"enemies":"Gremlin Nob","floor":11,"turns":4},{"damage":1,"enemies":"Exordium Thugs","floor":12,"turns":4},{"damage":1,"enemies":"3 Sentries","floor":14,"turns":5},{"damage":20,"enemies":"The Guardian","floor":16,"turns":9},{"damage":4,"enemies":"Shell Parasite","floor":18,"turns":3},{"damage":22,"enemies":"2 Thieves","floor":20,"turns":4},{"damage":9,"enemies":"Sentry and Sphere","floor":21,"turns":5},{"damage":3,"enemies":"Centurion and Healer","floor":22,"turns":5},{"damage":16,"enemies":"Book of Stabbing","floor":23,"turns":4},{"damage":0,"enemies":"Cultist and Chosen","floor":24,"turns":5},{"damage":0,"enemies":"Slavers","floor":29,"turns":3},{"damage":0,"enemies":"Sentry and Sphere","floor":30,"turns":3},{"damage":8,"enemies":"Snake Plant","floor":31,"turns":4},{"damage":39,"enemies":"Collector","floor":33,"turns":6}],"seed_played":"-4956310742850450152","potions_obtained":[{"floor":10,"key":"Poison Potion"},{"floor":14,"key":"PowerPotion"}],"is_trial":false,"path_per_floor":["M","?","?","$","M","E","R","M","T","M","E","M","R","E","R","B",null,"M","$","M","M","M","E","M","R","T","$","R","E","M","M","R","B"],"character_chosen":"DEFECT","items_purchased":["Gash","AttackPotion","AttackPotion","Steam","Ball Lightning","Capacitor","Coolheaded","Runic Capacitor"],"campfire_rested":1,"item_purchase_floors":[4,4,4,19,19,27,27,27],"current_hp_per_floor":[68,68,68,68,61,47,47,47,61,56,42,41,41,40,40,20,67,63,63,41,32,29,13,13,37,37,37,37,37,37,29,29,0],"gold":82,"neow_bonus":"TWO_FIFTY_GOLD","is_prod":false,"is_daily":false,"chose_seed":false,"campfire_upgraded":5,"win_rate":0,"timestamp":1555485470,"path_taken":["M","?","?","$","?","E","R","M","T","M","E","M","R","E","R","BOSS","M","$","M","?","M","E","M","R","T","$","R","E","M","M","R","BOSS"],"build_version":"2019-01-23","purchased_purges":2,"victory":false,"max_hp_per_floor":[68,68,68,68,68,68,68,68,82,82,82,82,82,82,82,82,82,82,82,82,82,82,82,82,82,82,82,82,82,82,82,82,82],"card_choices":[{"not_picked":["Leap","Compile Driver"],"picked":"Cold Snap","floor":1},{"not_picked":["Barrage","Force Field"],"picked":"BootSequence","floor":5},{"not_picked":["Beam Cell","Reprogram"],"picked":"Conserve Battery","floor":6},{"not_picked":["Creative AI","Rebound"],"picked":"Sunder","floor":8},{"not_picked":["Steam","Turbo","Self Repair"],"picked":"SKIP","floor":10},{"not_picked":["Streamline","Barrage"],"picked":"Ball Lightning","floor":11},{"not_picked":["Meteor Strike","Static Discharge"],"picked":"FTL","floor":12},{"not_picked":["Stack","Chill"],"picked":"All For One","floor":14},{"not_picked":["Amplify","Biased Cognition"],"picked":"Reboot","floor":16},{"not_picked":["Self Repair","Go for the Eyes"],"picked":"Sweeping Beam+1","floor":18},{"not_picked":["Chaos","Reprogram+1","Go for the Eyes"],"picked":"SKIP","floor":20},{"not_picked":["Fusion","Ball Lightning+1","Compile Driver"],"picked":"SKIP","floor":21},{"not_picked":["Loop","Turbo+1"],"picked":"White Noise","floor":22},{"not_picked":["Static Discharge","Coolheaded"],"picked":"BootSequence+1","floor":23},{"not_picked":["Static Discharge","Redo","Hello World"],"picked":"SKIP","floor":24},{"not_picked":["Skim","BootSequence"],"picked":"FTL","floor":29},{"not_picked":["Turbo","Beam Cell+1"],"picked":"Steam","floor":30},{"not_picked":["Conserve Battery","Stack"],"picked":"Seek","floor":31}],"player_experience":648944,"relics_obtained":[{"floor":6,"key":"Pocketwatch"},{"floor":9,"key":"Mango"},{"floor":11,"key":"Bag of Preparation"},{"floor":14,"key":"PreservedInsect"},{"floor":23,"key":"StoneCalendar"},{"floor":26,"key":"Boot"},{"floor":29,"key":"Gambling Chip"}],"event_choices":[{"damage_healed":0,"gold_gain":0,"player_choice":"Ignored","damage_taken":0,"max_hp_gain":0,"max_hp_loss":0,"event_name":"Shining Light","floor":2,"gold_loss":0},{"damage_healed":0,"gold_gain":0,"player_choice":"Upgraded","damage_taken":0,"max_hp_gain":0,"max_hp_loss":0,"event_name":"Upgrade Shrine","floor":3,"gold_loss":0,"cards_upgraded":["Zap"]}],"is_beta":false,"boss_relics":[{"not_picked":["Nuclear Battery","Busted Crown"],"picked":"Sozu"}],"items_purged_floors":[4,19],"is_endless":false,"potions_floor_spawned":[10,11,14,16,20,21,22,30],"killed_by":"Collector","ascension_level":10}