{"gold_per_floor":[109,109,109,28,40,68,68,124,193,213,231,66,66,66,66,140,140,160,176,176],"floor_reached":20,"playtime":597,"items_purged":[],"score":414,"play_id":"7b5b3664-97ce-4607-b676-e4f40bdeb80a","local_time":"20181226151500","is_ascension_mode":true,"campfire_choices":[{"data":"Noxious Fumes","floor":7,"key":"SMITH"},{"data":"Dagger Spray","floor":13,"key":"SMITH"},{"floor":15,"key":"REST"}],"neow_cost":"NONE","seed_source_timestamp":426445560411200,"circlet_count":0,"master_deck":["AscendersBane","Defend_G","Defend_G","Defend_G","Defend_G","Defend_G","Strike_G","Strike_G","Strike_G","Strike_G","Strike_G","Survivor","Neutralize","Dagger Spray+1","Regret","Noxious Fumes+1","Dodge and Roll","Dagger Throw","Accuracy","Blade Dance+1","Well Laid Plans","Leg Sweep","A Thousand Cuts","Prepared+1","Skewer"],"relics":["Ring of the Snake","NeowsBlessing","Shuriken","Lantern","Tingsha","Tiny Chest","Mummified Hand","Busted Crown"],"potions_floor_usage":[8,16,20],"damage_taken":[{"damage":0,"enemies":"Jaw Worm","floor":1,"turns":1},{"damage":0,"enemies":"Cultist","floor":5,"turns":1},{"damage":0,"enemies":"Gremlin Nob","floor":6,"turns":1},{"damage":27,"enemies":"Lagavulin","floor":8,"turns":6},{"damage":6,"enemies":"2 Louse","floor":10,"turns":2},{"damage":4,"enemies":"Red Slaver","floor":11,"turns":3},{"damage":24,"enemies":"Slime Boss","floor":16,"turns":11},{"damage":17,"enemies":"2 Thieves","floor":18,"turns":4},{"damage":17,"enemies":"Shell Parasite","floor":19,"turns":5},{"damage":22,"enemies":"Sentry and Sphere","floor":20,"turns":3}],"seed_played":"-1326463098158743247","potions_obtained":[{"floor":5,"key":"PowerPotion"},{"floor":11,"key":"Dexterity Potion"},{"floor":16,"key":"Fire Potion"}],"is_trial":false,"path_per_floor":["M","?","T","$","M","E","R","E","T","M","M","$","R","?","R","B",null,"M","M","M"],"character_chosen":"THE_SILENT","items_purchased":["Noxious Fumes","Well Laid Plans","Leg Sweep"],"campfire_rested":1,"item_purchase_floors":[4,12,12],"current_hp_per_floor":[59,59,59,59,59,59,59,32,32,26,22,22,22,22,41,17,54,37,20,0],"gold":176,"neow_bonus":"THREE_ENEMY_KILL","is_prod":false,"is_daily":false,"chose_seed":false,"campfire_upgraded":2,"win_rate":0,"timestamp":1545833700,"path_taken":["M","?","?","?","?","E","R","E","T","M","M","$","R","?","R","BOSS","M","?","M"],"build_version":"2018-12-20","purchased_purges":0,"victory":false,"max_hp_per_floor":[66,66,66,66,66,66,66,66,66,66,66,66,66,66,66,66,66,66,66,66],"card_choices":[{"not_picked":["PiercingWail","Poisoned Stab"],"picked":"Dagger Spray","floor":1},{"not_picked":["Flechettes","Expertise"],"picked":"Dodge and Roll","floor":5},{"not_picked":["Cloak And Dagger","Sucker Punch","Endless Agony"],"picked":"SKIP","floor":6},{"not_picked":["Dodge and Roll","Deflect"],"picked":"Dagger Throw","floor":8},{"not_picked":["Concentrate","Heel Hook"],"picked":"Accuracy","floor":10},{"not_picked":["Escape Plan","Caltrops"],"picked":"Blade Dance","floor":11},{"not_picked":["Bullet Time","Venomology"],"picked":"A Thousand Cuts","floor":16},{"not_picked":[],"picked":"Prepared+1","floor":18},{"not_picked":[],"picked":"Skewer","floor":19}],"player_experience":1030901,"relics_obtained":[{"floor":3,"key":"Lantern"},{"floor":6,"key":"Tingsha"},{"floor":8,"key":"Tiny Chest"},{"floor":9,"key":"Mummified Hand"}],"event_choices":[{"damage_healed":0,"gold_gain":0,"player_choice":"Box","damage_taken":0,"relics_obtained":["Shuriken"],"max_hp_gain":0,"max_hp_loss":0,"event_name":"Big Fish","floor":2,"gold_loss":0,"cards_obtained":["Regret"]},{"damage_healed":0,"gold_gain":0,"player_choice":"Forge","damage_taken":0,"max_hp_gain":0,"max_hp_loss":0,"event_name":"Accursed Blacksmith","floor":14,"gold_loss":0,"cards_upgraded":["Blade Dance"]}],"is_beta":false,"boss_relics":[{"not_picked":["Calling Bell","Empty Cage"],"picked":"Busted Crown"}],"items_purged_floors":[],"is_endless":false,"potions_floor_spawned":[5,11,16],"killed_by":"Sentry and Sphere","ascension_level":20}