{"gold_per_floor":[215,215,215,225,243,243,298,298,377,408,408,88,121,139,139,139],"floor_reached":16,"playtime":682,"items_purged":["Strike_G"],"score":207,"play_id":"5ee68f2c-0652-422b-9545-4246bafc6f47","local_time":"20190426183426","is_ascension_mode":true,"campfire_choices":[{"data":"Predator","floor":6,"key":"SMITH"},{"floor":11,"key":"REST"},{"data":"Neutralize","floor":15,"key":"SMITH"}],"neow_cost":"NONE","seed_source_timestamp":11502716228544,"circlet_count":0,"master_deck":["AscendersBane","Defend_G","Defend_G","Defend_G","Defend_G","Defend_G","Strike_G","Strike_G","Strike_G","Survivor","Neutralize+1","Dash","Predator+1","Well Laid Plans","Flying Knee","Cloak And Dagger","Deflect","Good Instincts","Flying Knee","Cloak And Dagger"],"relics":["Ring of the Snake","Tiny Chest","Bottled Flame","Frozen Egg 2","Dream Catcher"],"potions_floor_usage":[7,10,14],"damage_taken":[{"damage":0,"enemies":"Small Slimes","floor":1,"turns":3},{"damage":1,"enemies":"2 Louse","floor":4,"turns":3},{"damage":0,"enemies":"Cultist","floor":5,"turns":3},{"damage":29,"enemies":"Lagavulin","floor":7,"turns":9},{"damage":18,"enemies":"Gremlin Nob","floor":10,"turns":4},{"damage":9,"enemies":"3 Sentries","floor":13,"turns":8},{"damage":2,"enemies":"Large Slime","floor":14,"turns":7},{"damage":43,"enemies":"The Guardian","floor":16,"turns":13}],"seed_played":"7770981391715740180","potions_obtained":[{"floor":1,"key":"Block Potion"},{"floor":7,"key":"GamblersBrew"},{"floor":10,"key":"Swift Potion"}],"is_trial":false,"path_per_floor":["M","?","?","M","M","R","E","?","T","E","R","$","E","M","R","B"],"character_chosen":"THE_SILENT","items_purchased":["Flying Knee","Cloak And Dagger","Deflect","Good Instincts"],"campfire_rested":1,"item_purchase_floors":[12,12,12,12],"current_hp_per_floor":[59,59,59,58,58,58,29,29,29,11,30,30,21,19,19,0],"gold":139,"neow_bonus":"HUNDRED_GOLD","is_prod":false,"is_daily":false,"chose_seed":false,"campfire_upgraded":2,"win_rate":0,"timestamp":1556314466,"path_taken":["M","?","?","M","M","R","E","?","T","E","R","$","E","M","R","BOSS"],"build_version":"2019-01-23","purchased_purges":1,"victory":false,"max_hp_per_floor":[66,66,66,66,66,66,66,66,66,66,66,66,66,66,66,66],"card_choices":[{"not_picked":["Blade Dance","Dodge and Roll"],"picked":"Dash","floor":1},{"not_picked":["Prepared","Deflect"],"picked":"Predator","floor":4},{"not_picked":["Deadly Poison","Accuracy","Blade Dance"],"picked":"SKIP","floor":5},{"not_picked":["Bane","Caltrops"],"picked":"Well Laid Plans","floor":7},{"not_picked":["Acrobatics","Masterful Stab","Distraction"],"picked":"SKIP","floor":10},{"not_picked":["Bane","Quick Slash"],"picked":"Flying Knee","floor":13},{"not_picked":["Sucker Punch","All Out Attack"],"picked":"Cloak And Dagger","floor":14}],"player_experience":759350,"relics_obtained":[{"floor":7,"key":"Tiny Chest"},{"floor":9,"key":"Bottled Flame"},{"floor":10,"key":"Frozen Egg 2"},{"floor":13,"key":"Dream Catcher"}],"event_choices":[{"damage_healed":0,"gold_gain":0,"player_choice":"Ignored","damage_taken":0,"max_hp_gain":0,"max_hp_loss":0,"event_name":"Liars Game","floor":2,"gold_loss":0},{"damage_healed":0,"gold_gain":0,"player_choice":"Fled","damage_taken":0,"max_hp_gain":0,"max_hp_loss":0,"event_name":"Scrap Ooze","floor":3,"gold_loss":0},{"cards_removed":["Strike_G"],"damage_healed":0,"gold_gain":0,"player_choice":"Purged","damage_taken":0,"max_hp_gain":0,"max_hp_loss":0,"event_name":"Purifier","floor":8,"gold_loss":0}],"is_beta":false,"boss_relics":[],"items_purged_floors":[12],"is_endless":false,"potions_floor_spawned":[1,7,10],"killed_by":"The Guardian","ascension_level":15}