{"gold_per_floor":[118,118,118,130,55,55,80,90,113,113,129,129,164,164,164,164],"floor_reached":16,"playtime":758,"items_purged":["Pain"],"score":130,"play_id":"e9c256f9-bf3a-4032-9328-d604c865abaa","local_time":"20190206194541","is_ascension_mode":true,"campfire_choices":[{"floor":6,"key":"REST"},{"data":"Juggernaut","floor":10,"key":"SMITH"},{"floor":15,"key":"REST"}],"neow_cost":"CURSE","seed_source_timestamp":1965525831409800,"circlet_count":0,"master_deck":["Strike_R","Strike_R","Strike_R","Strike_R","Strike_R","Defend_R","Defend_R","Defend_R","Defend_R","Bash","Juggernaut+1","Pommel Strike","Whirlwind","Pommel Strike","Iron Wave"],"relics":["Burning Blood","Vajra","Bird Faced Urn","Blood Vial","Golden Idol","Anchor"],"potions_floor_usage":[7,11,16],"damage_taken":[{"damage":16,"enemies":"2 Louse","floor":1,"turns":3},{"damage":15,"enemies":"Jaw Worm","floor":4,"turns":3},{"damage":25,"enemies":"Lagavulin","floor":7,"turns":5},{"damage":10,"enemies":"Cultist","floor":8,"turns":4},{"damage":15,"enemies":"Large Slime","floor":11,"turns":5},{"damage":47,"enemies":"3 Sentries","floor":13,"turns":7},{"damage":49,"enemies":"Hexaghost","floor":16,"turns":9}],"seed_played":"-6544071046330128779","potions_obtained":[{"floor":1,"key":"Explosive Potion"},{"floor":3,"key":"FairyPotion"},{"floor":3,"key":"AttackPotion"},{"floor":13,"key":"Energy Potion"}],"is_trial":false,"path_per_floor":["M","?","?","M","$","R","E","M","T","R","M","?","E","?","R","B"],"character_chosen":"IRONCLAD","items_purchased":[],"campfire_rested":2,"item_purchase_floors":[],"current_hp_per_floor":[70,63,63,54,54,78,59,57,57,57,52,52,15,8,32,0],"gold":164,"neow_bonus":"THREE_RARE_CARDS","is_prod":false,"is_daily":false,"chose_seed":false,"campfire_upgraded":1,"win_rate":0,"timestamp":1549507541,"path_taken":["M","?","?","M","$","R","E","M","T","R","?","?","E","?","R","BOSS"],"build_version":"2019-01-23","purchased_purges":1,"victory":false,"max_hp_per_floor":[80,80,80,80,80,80,80,80,80,80,80,80,80,80,80,80],"card_choices":[{"not_picked":["Exhume","Dark Embrace"],"picked":"Juggernaut","floor":0},{"not_picked":["Infernal Blade","Corruption"],"picked":"Pommel Strike","floor":1},{"not_picked":["Perfected Strike","Thunderclap","Headbutt"],"picked":"SKIP","floor":4},{"not_picked":["Intimidate","Pommel Strike"],"picked":"Whirlwind","floor":7},{"not_picked":["Twin Strike","Burning Pact","Anger"],"picked":"SKIP","floor":8},{"not_picked":["Wild Strike","Clash"],"picked":"Pommel Strike","floor":11},{"not_picked":["Rampage","Searing Blow"],"picked":"Iron Wave","floor":13}],"player_experience":467089,"relics_obtained":[{"floor":7,"key":"Bird Faced Urn"},{"floor":9,"key":"Blood Vial"},{"floor":13,"key":"Anchor"}],"event_choices":[{"damage_healed":0,"gold_gain":0,"player_choice":"Success","damage_taken":7,"relics_obtained":["Vajra"],"max_hp_gain":0,"max_hp_loss":0,"event_name":"Scrap Ooze","floor":2,"gold_loss":0},{"damage_healed":0,"gold_gain":0,"player_choice":"Got Potions","damage_taken":0,"max_hp_gain":0,"max_hp_loss":0,"event_name":"Lab","floor":3,"gold_loss":0},{"damage_healed":0,"gold_gain":0,"player_choice":"Take Wound","damage_taken":0,"relics_obtained":["Golden Idol"],"max_hp_gain":0,"max_hp_loss":0,"event_name":"Golden Idol","floor":12,"gold_loss":0,"cards_obtained":["Injury"]},{"cards_removed":["Injury"],"damage_healed":0,"gold_gain":0,"player_choice":"Card Removal","damage_taken":7,"max_hp_gain":0,"max_hp_loss":0,"event_name":"Golden Wing","floor":14,"gold_loss":0}],"is_beta":true,"boss_relics":[],"items_purged_floors":[5],"is_endless":false,"potions_floor_spawned":[1,13],"killed_by":"Hexaghost","ascension_level":4}