{"gold_per_floor":[117,131,144,144,94,94,94,113,136,151,162,190,190,190],"floor_reached":14,"playtime":499,"items_purged":[],"score":156,"play_id":"1e418993-26c3-4ffe-b167-60ed48d5c824","local_time":"20190422184735","is_ascension_mode":true,"campfire_choices":[{"data":"Neutralize","floor":6,"key":"SMITH"}],"neow_cost":"TEN_PERCENT_HP_LOSS","seed_source_timestamp":25253617057411,"circlet_count":0,"master_deck":["AscendersBane","Defend_G+1","Defend_G","Defend_G","Defend_G","Defend_G","Strike_G","Strike_G","Strike_G","Survivor+1","Neutralize+1","PiercingWail","Flying Knee","Backflip","Endless Agony","Backstab","Skewer","Bouncing Flask","Tactician"],"relics":["Ring of the Snake","The Specimen","War Paint","Centennial Puzzle"],"potions_floor_usage":[2],"damage_taken":[{"damage":0,"enemies":"2 Louse","floor":1,"turns":3},{"damage":0,"enemies":"Small Slimes","floor":2,"turns":4},{"damage":2,"enemies":"Jaw Worm","floor":3,"turns":4},{"damage":4,"enemies":"Looter","floor":8,"turns":5},{"damage":11,"enemies":"Lots of Slimes","floor":10,"turns":6},{"damage":2,"enemies":"Red Slaver","floor":11,"turns":5},{"damage":24,"enemies":"Gremlin Nob","floor":12,"turns":5},{"damage":35,"enemies":"Lagavulin","floor":14,"turns":4}],"seed_played":"7289174557251948809","potions_obtained":[{"floor":1,"key":"Explosive Potion"},{"floor":2,"key":"SteroidPotion"},{"floor":10,"key":"SmokeBomb"},{"floor":12,"key":"AttackPotion"}],"is_trial":false,"path_per_floor":["M","M","M","?","?","R","?","M","T","M","M","E","?","E"],"character_chosen":"THE_SILENT","items_purchased":[],"campfire_rested":0,"item_purchase_floors":[],"current_hp_per_floor":[59,59,57,57,57,57,62,58,58,47,45,21,21,0],"gold":190,"neow_bonus":"ONE_RARE_RELIC","is_prod":false,"is_daily":false,"chose_seed":false,"campfire_upgraded":1,"win_rate":0,"timestamp":1555969655,"path_taken":["M","M","M","?","?","R","?","M","T","M","?","E","?","E"],"build_version":"2019-01-23","purchased_purges":0,"victory":false,"max_hp_per_floor":[60,60,60,60,60,60,65,65,65,65,65,65,65,65],"card_choices":[{"not_picked":["Expertise","Distraction"],"picked":"PiercingWail","floor":1},{"not_picked":["Dodge and Roll","Terror"],"picked":"Flying Knee","floor":2},{"not_picked":["Underhanded Strike","Distraction"],"picked":"Backflip","floor":3},{"not_picked":["Masterful Stab","Underhanded Strike"],"picked":"Endless Agony","floor":8},{"not_picked":["Reflex","Prepared"],"picked":"Backstab","floor":10},{"not_picked":["Heel Hook","Poisoned Stab"],"picked":"Skewer","floor":11},{"not_picked":["Slice","Well Laid Plans"],"picked":"Bouncing Flask","floor":12}],"player_experience":724905,"relics_obtained":[{"floor":9,"key":"War Paint"},{"floor":12,"key":"Centennial Puzzle"}],"event_choices":[{"damage_healed":0,"gold_gain":0,"player_choice":"Ignored","damage_taken":0,"max_hp_gain":0,"max_hp_loss":0,"event_name":"Liars Game","floor":4,"gold_loss":0},{"cards_removed":["Strike_G"],"damage_healed":0,"gold_gain":0,"player_choice":"Card Removal","damage_taken":0,"max_hp_gain":0,"max_hp_loss":0,"event_name":"The Cleric","floor":5,"gold_loss":50},{"damage_healed":0,"gold_gain":0,"player_choice":"Donut","damage_taken":0,"max_hp_gain":5,"max_hp_loss":0,"event_name":"Big Fish","floor":7,"gold_loss":0},{"damage_healed":0,"gold_gain":0,"cards_transformed":["Strike_G"],"player_choice":"Transformed","damage_taken":0,"max_hp_gain":0,"max_hp_loss":0,"event_name":"Transmorgrifier","floor":13,"gold_loss":0,"cards_obtained":["Tactician"]}],"is_beta":false,"boss_relics":[],"items_purged_floors":[],"is_endless":false,"potions_floor_spawned":[1,2,10,12],"killed_by":"Lagavulin","ascension_level":14}