{"gold_per_floor":[116,116,116,135,148,148,40,59,83,95,108,140,90,90,90,166,166,181,196,196,4,22,52,52,62,142,161,110,125,158,168,168,168],"floor_reached":33,"playtime":1748,"items_purged":[],"score":480,"play_id":"4cfcc6c4-69c0-4608-ac6e-2f65bc3fe7b7","local_time":"20181016170554","is_ascension_mode":true,"campfire_choices":[{"data":"Backstab","floor":6,"key":"SMITH"},{"data":"Cloak And Dagger","floor":15,"key":"SMITH"},{"floor":24,"key":"REST"},{"floor":32,"key":"REST"}],"neow_cost":"","seed_source_timestamp":348434753304022,"circlet_count":0,"master_deck":["Defend_G","Defend_G","Defend_G","Defend_G","Strike_G","Strike_G","Survivor","Neutralize+1","AscendersBane","Accuracy","Dagger Throw","Backstab+1","Backstab","Deadly Poison","Backstab","Cloak And Dagger+1","Dash","Tools of the Trade","Blade Dance+1","Blur+1","Expertise+1","Poisoned Stab","Deadly Poison","Deadly Poison","Prepared+1","Bane","Catalyst+1"],"relics":["Ring of the Snake","Snake Skull","Boot","Pantograph","Astrolabe","TwistedFunnel","Meat on the Bone","Matryoshka"],"potions_floor_usage":[12,12,30,31],"damage_taken":[{"damage":1,"enemies":"Jaw Worm","floor":1,"turns":4},{"damage":0,"enemies":"Small Slimes","floor":4,"turns":3},{"damage":1,"enemies":"2 Louse","floor":5,"turns":3},{"damage":2,"enemies":"Exordium Thugs","floor":8,"turns":3},{"damage":1,"enemies":"Exordium Wildlife","floor":10,"turns":2},{"damage":0,"enemies":"3 Louse","floor":11,"turns":2},{"damage":2,"enemies":"Gremlin Nob","floor":12,"turns":3},{"damage":11,"enemies":"The Guardian","floor":16,"turns":11},{"damage":2,"enemies":"2 Thieves","floor":18,"turns":4},{"damage":0,"enemies":"Chosen","floor":19,"turns":3},{"damage":14,"enemies":"Centurion and Healer","floor":22,"turns":7},{"damage":21,"enemies":"Slavers","floor":23,"turns":5},{"damage":13,"enemies":"Snake Plant","floor":25,"turns":3},{"damage":0,"enemies":"Snecko","floor":27,"turns":3},{"damage":15,"enemies":"Cultist and Chosen","floor":29,"turns":4},{"damage":29,"enemies":"Book of Stabbing","floor":30,"turns":5},{"damage":7,"enemies":"3 Cultists","floor":31,"turns":6},{"damage":96,"enemies":"Champ","floor":33,"turns":10}],"seed_played":"-7162761594640335536","potions_obtained":[{"floor":1,"key":"Poison Potion"},{"floor":10,"key":"Weak Potion"},{"floor":11,"key":"Regen Potion"},{"floor":18,"key":"SpeedPotion"},{"floor":22,"key":"Swift Potion"},{"floor":23,"key":"AttackPotion"}],"is_trial":false,"path_per_floor":["M","?","?","M","M","R","$","M","T","M","M","E","?","?","R","B",null,"M","M","?","$","M","E","R","M","T","M","$","M","E","M","R"],"character_chosen":"THE_SILENT","items_purchased":["Backstab","Deadly Poison","TwistedFunnel","Bane"],"campfire_rested":2,"item_purchase_floors":[7,7,21,28],"current_hp_per_floor":[62,37,37,37,36,36,36,34,34,33,33,40,40,45,45,59,71,69,69,55,55,41,20,44,31,31,43,43,40,23,28,52,0],"gold":168,"neow_bonus":"","is_prod":false,"is_daily":false,"chose_seed":false,"campfire_upgraded":2,"win_rate":0,"timestamp":1539702354,"path_taken":["M","?","?","M","M","R","$","?","T","M","M","E","?","?","R","BOSS","M","M","?","$","M","E","R","M","T","M","$","M","E","M","R","BOSS"],"build_version":"2018-10-11","purchased_purges":0,"victory":false,"max_hp_per_floor":[70,70,70,70,70,70,70,70,70,70,70,70,70,75,75,75,75,75,75,80,80,80,80,80,80,80,80,80,80,80,80,80,80],"card_choices":[{"not_picked":["Endless Agony","Sucker Punch"],"picked":"Accuracy","floor":1},{"not_picked":["Slice","PiercingWail"],"picked":"Dagger Throw","floor":4},{"not_picked":["Grand Finale","Deadly Poison"],"picked":"Backstab","floor":5},{"not_picked":["Flying Knee","Expertise","Finisher"],"picked":"SKIP","floor":8},{"not_picked":["Dagger Spray","Riddle With Holes"],"picked":"Backstab","floor":10},{"not_picked":["Underhanded Strike","Concentrate"],"picked":"Cloak And Dagger","floor":11},{"not_picked":["Underhanded Strike","Backflip"],"picked":"Dash","floor":12},{"not_picked":["Doppelganger","Storm of Steel"],"picked":"Tools of the Trade","floor":16},{"not_picked":["PiercingWail","Deflect"],"picked":"Poisoned Stab","floor":18},{"not_picked":["Sucker Punch","Quick Slash","Escape Plan"],"picked":"SKIP","floor":19},{"not_picked":["Dash","Finisher"],"picked":"Deadly Poison","floor":22},{"not_picked":["Prepared","Slice"],"picked":"Deadly Poison","floor":23},{"not_picked":["PiercingWail","A Thousand Cuts","Setup"],"picked":"SKIP","floor":25},{"not_picked":["Dodge and Roll","Deflect"],"picked":"Prepared+1","floor":27},{"not_picked":["Venomology","Blade Dance","Underhanded Strike"],"picked":"SKIP","floor":29},{"not_picked":["Sucker Punch","Outmaneuver"],"picked":"Catalyst+1","floor":30},{"not_picked":["Dagger Throw+1","Flechettes","Tactician"],"picked":"SKIP","floor":31}],"player_experience":566138,"relics_obtained":[{"floor":9,"key":"Boot"},{"floor":12,"key":"Pantograph"},{"floor":26,"key":"Meat on the Bone"},{"floor":30,"key":"Matryoshka"}],"event_choices":[{"event_name":"Scrap Ooze","player_choice":"success","floor":2,"damage_taken":25},{"event_name":"Living Wall","player_choice":"Grow","floor":3,"damage_taken":0},{"event_name":"The Cleric","player_choice":"Card Removal","floor":13,"damage_taken":0},{"event_name":"Big Fish","player_choice":"Donut","floor":14,"damage_taken":0},{"event_name":"Forgotten Altar","player_choice":"Shed Blood","floor":20,"damage_taken":0}],"is_beta":false,"boss_relics":[{"not_picked":["Runic Pyramid","Tiny House"],"picked":"Astrolabe"}],"items_purged_floors":[],"is_endless":false,"potions_floor_spawned":[1,10,11,18,22,23,27],"killed_by":"Champ","ascension_level":13}