{"gold_per_floor":[359,376,395,67,67,67,84,84,110,110,141,141,141],"floor_reached":13,"playtime":341,"items_purged":[],"score":149,"play_id":"4295401f-791e-4a02-8946-652daf77e89c","local_time":"20181212130924","is_ascension_mode":true,"campfire_choices":[{"data":"Hemokinesis","floor":6,"key":"SMITH"},{"data":"Havoc","floor":8,"key":"SMITH"},{"floor":10,"key":"REST"}],"neow_cost":"PERCENT_DAMAGE","seed_source_timestamp":180213513164924,"circlet_count":0,"master_deck":["AscendersBane","Strike_R","Strike_R","Strike_R","Strike_R","Strike_R","Defend_R","Defend_R","Defend_R","Defend_R","Bash","Body Slam+1","Thunderclap","Hemokinesis+1","Demon Form","Offering","Havoc+1","Ghostly Armor"],"relics":["Burning Blood","Oddly Smooth Stone","Smiling Mask"],"potions_floor_usage":[],"damage_taken":[{"damage":6,"enemies":"Cultist","floor":1,"turns":4},{"damage":9,"enemies":"2 Louse","floor":2,"turns":3},{"damage":18,"enemies":"Jaw Worm","floor":3,"turns":4},{"damage":11,"enemies":"3 Louse","floor":7,"turns":3},{"damage":34,"enemies":"Lagavulin","floor":11,"turns":6},{"damage":26,"enemies":"Gremlin Gang","floor":13,"turns":2}],"seed_played":"406366385808683550","potions_obtained":[{"floor":3,"key":"Ancient Potion"}],"is_trial":false,"path_per_floor":["M","M","M","$","?","R","M","R","T","R","E","?","M"],"character_chosen":"IRONCLAD","items_purchased":["Demon Form","Offering"],"campfire_rested":1,"item_purchase_floors":[4,4],"current_hp_per_floor":[50,47,35,35,35,35,30,30,30,52,24,24,0],"gold":141,"neow_bonus":"TWO_FIFTY_GOLD","is_prod":false,"is_daily":false,"chose_seed":false,"campfire_upgraded":2,"win_rate":0,"timestamp":1544616564,"path_taken":["M","M","M","$","?","R","M","R","T","R","E","?","M"],"build_version":"2018-12-06","purchased_purges":0,"victory":false,"max_hp_per_floor":[75,75,75,75,75,75,75,75,75,75,75,75,75],"card_choices":[{"not_picked":["Corruption","Warcry"],"picked":"Body Slam","floor":1},{"not_picked":["Anger","Clash"],"picked":"Thunderclap","floor":2},{"not_picked":["Fire Breathing","Iron Wave"],"picked":"Hemokinesis","floor":3},{"not_picked":["Combust","Power Through"],"picked":"Havoc","floor":7},{"not_picked":["Wild Strike","Blood for Blood"],"picked":"Ghostly Armor","floor":11}],"player_experience":944672,"relics_obtained":[{"floor":9,"key":"Oddly Smooth Stone"},{"floor":11,"key":"Smiling Mask"}],"event_choices":[{"damage_healed":0,"gold_gain":0,"player_choice":"Grow","damage_taken":0,"max_hp_gain":0,"max_hp_loss":0,"event_name":"Living Wall","floor":5,"gold_loss":0,"cards_upgraded":["Body Slam"]},{"damage_healed":0,"gold_gain":0,"player_choice":"Ignored","damage_taken":0,"max_hp_gain":0,"max_hp_loss":0,"event_name":"Golden Idol","floor":12,"gold_loss":0}],"is_beta":false,"boss_relics":[],"items_purged_floors":[],"is_endless":false,"potions_floor_spawned":[3],"killed_by":"Gremlin Gang","ascension_level":16}