{"gold_per_floor":[114,289,36,36,48,75,32,32,56,56,56,101,130,150,150,253,253,267,267,280,280,292,292,318,318,318,345,361,396,414,414],"floor_reached":31,"playtime":5285,"items_purged":["Doubt"],"score":421,"play_id":"06883328-3fe6-4236-88a4-cd76b86595fb","local_time":"20190206193252","is_ascension_mode":true,"campfire_choices":[{"data":"Bash","floor":11,"key":"SMITH"},{"data":"Pommel Strike","floor":15,"key":"SMITH"},{"data":"Seeing Red","floor":23,"key":"SMITH"}],"neow_cost":"NONE","seed_source_timestamp":1960227782196100,"circlet_count":0,"master_deck":["Strike_R","Strike_R+1","Strike_R","Strike_R","Defend_R","Defend_R","Defend_R","Defend_R","Bash+1","Dropkick","Shrug It Off","Whirlwind","Uppercut+1","Shrug It Off","Fiend Fire+1","Pommel Strike+1","Impervious","True Grit","Seeing Red+1","Intimidate","Pummel","Clothesline+1","Dark Embrace","Body Slam+1"],"relics":["Burning Blood","NeowsBlessing","Juzu Bracelet","WarpedTongs","Vajra","Self Forming Clay","Black Star","Nloth\u0027s Gift","Boot","Lantern","Shuriken","Regal Pillow","Whetstone","Question Card","Happy Flower"],"potions_floor_usage":[13,24,24,27,27,29,30,31],"damage_taken":[{"damage":0,"enemies":"2 Louse","floor":1,"turns":1},{"damage":0,"enemies":"Jaw Worm","floor":5,"turns":1},{"damage":0,"enemies":"3 Sentries","floor":6,"turns":2},{"damage":16,"enemies":"Lagavulin","floor":13,"turns":5},{"damage":2,"enemies":"Cultist","floor":14,"turns":3},{"damage":18,"enemies":"The Guardian","floor":16,"turns":9},{"damage":24,"enemies":"2 Thieves","floor":18,"turns":3},{"damage":1,"enemies":"Chosen","floor":20,"turns":7},{"damage":8,"enemies":"Centurion and Healer","floor":22,"turns":7},{"damage":22,"enemies":"Slavers","floor":24,"turns":5},{"damage":19,"enemies":"Book of Stabbing","floor":27,"turns":6},{"damage":2,"enemies":"Snake Plant","floor":28,"turns":3},{"damage":0,"enemies":"Gremlin Leader","floor":29,"turns":5},{"damage":0,"enemies":"Snecko","floor":30,"turns":2},{"damage":58,"enemies":"Slavers","floor":31,"turns":5}],"seed_played":"6682307195956418901","potions_obtained":[{"floor":1,"key":"SteroidPotion"},{"floor":5,"key":"Block Potion"},{"floor":16,"key":"Block Potion"},{"floor":25,"key":"SneckoOil"},{"floor":25,"key":"Block Potion"},{"floor":25,"key":"LiquidBronze"},{"floor":27,"key":"EssenceOfSteel"},{"floor":29,"key":"FearPotion"},{"floor":30,"key":"SpeedPotion"}],"is_trial":false,"path_per_floor":["M","?","$","?","M","E","$","?","T","?","R","T","E","M","R","B",null,"M","?","M","?","M","R","E","?","T","E","M","E","M","E"],"character_chosen":"IRONCLAD","items_purchased":["Juzu Bracelet","Shrug It Off","Shrug It Off"],"campfire_rested":0,"item_purchase_floors":[3,3,7],"current_hp_per_floor":[80,80,80,80,80,80,80,80,80,80,80,80,70,74,74,62,80,62,62,67,67,65,65,49,49,49,36,40,46,52,0],"gold":414,"neow_bonus":"THREE_ENEMY_KILL","is_prod":false,"is_daily":false,"chose_seed":false,"campfire_upgraded":3,"win_rate":0,"timestamp":1549506772,"path_taken":["M","?","$","?","M","E","?","?","T","?","R","?","E","M","R","BOSS","M","?","M","?","M","R","E","?","T","E","M","E","M","E"],"build_version":"2019-01-23","purchased_purges":1,"victory":false,"max_hp_per_floor":[80,80,80,80,80,80,80,80,80,80,80,80,80,80,80,80,80,80,80,80,80,80,80,80,80,80,80,80,80,80,80],"card_choices":[{"not_picked":["Rampage","Body Slam"],"picked":"Dropkick","floor":1},{"not_picked":["Reckless Charge","Dual Wield"],"picked":"Whirlwind","floor":5},{"not_picked":["Anger","Warcry"],"picked":"Uppercut","floor":6},{"not_picked":["Iron Wave","Cleave"],"picked":"Fiend Fire","floor":13},{"not_picked":["Flex","Thunderclap"],"picked":"Pommel Strike","floor":14},{"not_picked":["Fiend Fire","Offering"],"picked":"Impervious","floor":16},{"not_picked":["Burning Pact","Heavy Blade"],"picked":"True Grit","floor":18},{"not_picked":["Pommel Strike","Warcry"],"picked":"Seeing Red","floor":20},{"not_picked":["Double Tap","Perfected Strike","Cleave"],"picked":"SKIP","floor":22},{"not_picked":["Perfected Strike+1","Impervious"],"picked":"Intimidate","floor":24},{"not_picked":["Body Slam","Twin Strike"],"picked":"Pummel","floor":27},{"not_picked":["Iron Wave","Headbutt+1"],"picked":"Clothesline+1","floor":28},{"not_picked":["Thunderclap","Entrench"],"picked":"Dark Embrace","floor":29},{"not_picked":["Clash","Thunderclap","Clothesline+1"],"picked":"Body Slam+1","floor":30}],"player_experience":461804,"relics_obtained":[{"floor":6,"key":"The Courier"},{"floor":12,"key":"Vajra"},{"floor":13,"key":"Self Forming Clay"},{"floor":24,"key":"Boot"},{"floor":24,"key":"Lantern"},{"floor":26,"key":"Shuriken"},{"floor":27,"key":"Regal Pillow"},{"floor":27,"key":"Whetstone"},{"floor":29,"key":"Question Card"},{"floor":29,"key":"Happy Flower"}],"event_choices":[{"damage_healed":0,"gold_gain":175,"player_choice":"AGREE","damage_taken":0,"max_hp_gain":0,"max_hp_loss":0,"event_name":"Liars Game","floor":2,"gold_loss":0,"cards_obtained":["Doubt"]},{"cards_removed":["Strike_R"],"damage_healed":0,"gold_gain":0,"player_choice":"Forget","damage_taken":0,"max_hp_gain":0,"max_hp_loss":0,"event_name":"Living Wall","floor":4,"gold_loss":0},{"damage_healed":0,"gold_gain":0,"player_choice":"Upgraded","damage_taken":0,"max_hp_gain":0,"max_hp_loss":0,"event_name":"Upgrade Shrine","floor":8,"gold_loss":0,"cards_upgraded":["Uppercut"]},{"damage_healed":0,"gold_gain":0,"player_choice":"Rummage","damage_taken":0,"relics_obtained":["WarpedTongs"],"max_hp_gain":0,"max_hp_loss":0,"event_name":"Accursed Blacksmith","floor":10,"gold_loss":0,"cards_obtained":["Pain"]},{"cards_removed":["Pain"],"damage_healed":0,"gold_gain":0,"player_choice":"Elegance","damage_taken":0,"max_hp_gain":0,"max_hp_loss":0,"event_name":"Back to Basics","floor":19,"gold_loss":0},{"damage_healed":0,"gold_gain":0,"player_choice":"Traded Relic","damage_taken":0,"relics_obtained":["Nloth\u0027s Gift"],"max_hp_gain":0,"max_hp_loss":0,"event_name":"N\u0027loth","floor":21,"relics_lost":["The Courier"],"gold_loss":0},{"damage_healed":0,"gold_gain":0,"player_choice":"Got Potions","damage_taken":0,"max_hp_gain":0,"max_hp_loss":0,"event_name":"Lab","floor":25,"gold_loss":0}],"is_beta":true,"boss_relics":[{"not_picked":["Tiny House","Runic Cube"],"picked":"Black Star"}],"items_purged_floors":[3],"is_endless":false,"potions_floor_spawned":[1,5,16,27,29,30],"killed_by":"Slavers","ascension_level":4}