{"path_per_floor":["M","M","M","M","$","E","M","R","T","R","M","R","M","E","R","B",null,"M"],"character_chosen":"THE_SILENT","items_purchased":["Catalyst"],"gold_per_floor":[115,135,153,172,18,47,57,57,57,57,75,75,90,124,124,227,227,243,243],"floor_reached":19,"campfire_rested":4,"playtime":3047,"current_hp_per_floor":[64,64,62,45,45,22,20,41,41,62,54,70,58,33,69,54,70,12,0],"items_purged":["Defend_G"],"gold":243,"score":190,"play_id":"9fce7b3c-f192-4185-80e1-72862be870eb","local_time":"20180515202552","is_prod":false,"is_daily":false,"chose_seed":false,"is_ascension_mode":true,"campfire_upgraded":0,"timestamp":1526441152,"path_taken":["M","M","M","M","$","E","?","R","T","R","M","R","?","E","R","BOSS","M","?"],"build_version":"2018-05-10","seed_source_timestamp":240984568282899,"purchased_purges":1,"victory":false,"master_deck":["Survivor","Neutralize","Distraction","Dodge and Roll","Wraith Form v2","Flechettes","Catalyst","Catalyst","Cloak And Dagger","Outmaneuver","Deadly Poison","Dodge and Roll","Skewer","Bullet Time","Escape Plan","Reflex","Accuracy","Heel Hook","Reflex","Quick Slash","Heel Hook","Dagger Throw","Deadly Poison+1"],"max_hp_per_floor":[70,70,70,70,70,70,70,70,70,70,70,70,70,70,70,70,70,70,70],"relics":["Ring of the Snake","Bronze Scales","Question Card","Regal Pillow","Pandora\u0027s Box"],"card_choices":[{"not_picked":["Malaise","Poisoned Stab"],"picked":"Dodge and Roll","floor":1},{"not_picked":["Backflip","Dagger Throw"],"picked":"Wraith Form v2","floor":2},{"not_picked":["Dash","Bane"],"picked":"Flechettes","floor":3},{"not_picked":["Dagger Spray","Distraction"],"picked":"Catalyst","floor":4},{"not_picked":["Deflect","Blade Dance"],"picked":"Cloak And Dagger","floor":6},{"not_picked":["Dagger Throw","Flying Knee"],"picked":"Outmaneuver","floor":7},{"not_picked":["Cloak And Dagger","Flying Knee","Poisoned Stab"],"picked":"Deadly Poison","floor":11},{"not_picked":["Grand Finale","Poisoned Stab","Dash"],"picked":"Dodge and Roll","floor":13},{"not_picked":["All Out Attack","Leg Sweep","Cloak And Dagger"],"picked":"Skewer","floor":14},{"not_picked":["Venomology","Burst","Glass Knife"],"picked":"Bullet Time","floor":16},{"not_picked":["Blade Dance","Outmaneuver","Eviscerate"],"picked":"Deadly Poison","floor":18}],"player_experience":380828,"potions_floor_usage":[14,16,16],"damage_taken":[{"damage":6,"enemies":"Cultist","floor":1,"turns":7},{"damage":0,"enemies":"2 Louse","floor":2,"turns":3},{"damage":2,"enemies":"Small Slimes","floor":3,"turns":7},{"damage":17,"enemies":"3 Louse","floor":4,"turns":8},{"damage":23,"enemies":"3 Sentries","floor":6,"turns":15},{"damage":2,"enemies":"Gremlin Gang","floor":7,"turns":5},{"damage":8,"enemies":"Large Slime","floor":11,"turns":10},{"damage":12,"enemies":"Blue Slaver","floor":13,"turns":3},{"damage":25,"enemies":"Lagavulin","floor":14,"turns":10},{"damage":15,"enemies":"The Guardian","floor":16,"turns":9},{"damage":58,"enemies":"Chosen","floor":18,"turns":9},{"damage":20,"enemies":"Masked Bandits","floor":19,"turns":2}],"event_choices":[{"event_name":"Masked Bandits","player_choice":"Fought over 243 gold","floor":19,"damage_taken":0}],"boss_relics":[{"not_picked":["Runic Pyramid","Tiny House"],"picked":"Pandora\u0027s Box"}],"potions_floor_spawned":[1,3,4,11,14],"seed_played":"-111471068763609573","killed_by":"Masked Bandits","ascension_level":1,"is_trial":false}