{"gold_per_floor":[115,129,54,66,66,66,96,111,111,123,141,141,141,167,167,242,242,257,273,323,323,323],"floor_reached":22,"playtime":866,"items_purged":[],"score":392,"play_id":"b6c8113e-522b-4f7d-a9e5-eb9a595be778","local_time":"20181227153430","is_ascension_mode":true,"campfire_choices":[{"data":"Echo Form","floor":6.0,"key":"SMITH"},{"floor":15.0,"key":"REST"}],"neow_cost":"NONE","seed_source_timestamp":0,"circlet_count":0,"master_deck":["AscendersBane","Strike_B","Strike_B","Strike_B","Defend_B","Defend_B","Defend_B","Defend_B","Zap+1","Dualcast","Ball Lightning","Leap","Echo Form+1","Melter","FTL","Parasite","Self Repair+1","Electrodynamics+1","Self Repair+1"],"special_seed":0,"relics":["Cracked Core","Blood Vial","Boot","Frozen Egg 2","Inserter","FaceOfCleric"],"potions_floor_usage":[22],"damage_taken":[{"damage":1.0,"enemies":"Cultist","floor":1.0,"turns":3.0},{"damage":7.0,"enemies":"Small Slimes","floor":2.0,"turns":2.0},{"damage":1.0,"enemies":"2 Louse","floor":4.0,"turns":3.0},{"damage":30.0,"enemies":"3 Sentries","floor":7.0,"turns":7.0},{"damage":4.0,"enemies":"Red Slaver","floor":8.0,"turns":3.0},{"damage":14.0,"enemies":"Exordium Thugs","floor":10.0,"turns":4.0},{"damage":3.0,"enemies":"Blue Slaver","floor":11.0,"turns":4.0},{"damage":8.0,"enemies":"Gremlin Nob","floor":14.0,"turns":3.0},{"damage":38.0,"enemies":"The Guardian","floor":16.0,"turns":12.0},{"damage":38.0,"enemies":"Chosen","floor":18.0,"turns":4.0},{"damage":14.0,"enemies":"3 Byrds","floor":19.0,"turns":3.0},{"damage":56,"enemies":"Cultist and Chosen","floor":22,"turns":3}],"seed_played":"-3947337660991834482","potions_obtained":[{"floor":2.0,"key":"LiquidBronze"},{"floor":4.0,"key":"FearPotion"},{"floor":7.0,"key":"Explosive Potion"},{"floor":11.0,"key":"AttackPotion"},{"floor":19.0,"key":"SteroidPotion"}],"is_trial":false,"path_per_floor":["M","M","?","M","?","R","E","M","T","M","M","$","?","E","R","B",null,"M","M","?","?","M"],"character_chosen":"DEFECT","items_purchased":[],"campfire_rested":1,"item_purchase_floors":[],"current_hp_per_floor":[63,56,56,55,55,55,25,23,23,11,10,10,27,21,42,16,57,41,39,39,39,0],"gold":323,"neow_bonus":"UPGRADE_CARD","is_prod":false,"is_daily":false,"chose_seed":false,"campfire_upgraded":1,"win_rate":0,"timestamp":1545921270,"path_taken":["M","M","?","M","?","R","E","M","T","M","M","$","?","E","R","BOSS","M","M","?","?","M"],"build_version":"2018-12-20","purchased_purges":0,"victory":false,"max_hp_per_floor":[71,71,71,71,71,71,71,71,71,71,71,71,71,71,71,71,71,71,71,71,71,71],"card_choices":[{"not_picked":["Compile Driver","Undo"],"picked":"Ball Lightning","floor":1.0},{"not_picked":["Stack","Turbo"],"picked":"Leap","floor":2.0},{"not_picked":["Compile Driver","Conserve Battery"],"picked":"Echo Form","floor":4.0},{"not_picked":["Chill","Leap","Hologram"],"picked":"SKIP","floor":7.0},{"not_picked":["Barrage","Redo"],"picked":"Melter","floor":8.0},{"not_picked":["Leap","Turbo"],"picked":"FTL","floor":10.0},{"not_picked":["Reinforced Body","Aggregate","Lockon"],"picked":"SKIP","floor":11.0},{"not_picked":["Hologram","Rainbow"],"picked":"Self Repair","floor":14.0},{"not_picked":["Echo Form+1","Rainbow"],"picked":"Electrodynamics+1","floor":16.0},{"not_picked":["Streamline+1","Sweeping Beam","Scrape"],"picked":"SKIP","floor":18.0},{"not_picked":["Heatsinks+1","Tempest"],"picked":"Self Repair+1","floor":19.0}],"player_experience":1047468,"relics_obtained":[{"floor":7.0,"key":"Blood Vial"},{"floor":9.0,"key":"Boot"},{"floor":14.0,"key":"Frozen Egg 2"}],"event_choices":[{"cards_removed":["Strike_B"],"damage_healed":0.0,"max_hp_gain":0.0,"max_hp_loss":0.0,"gold_gain":0.0,"event_name":"The Cleric","player_choice":"Card Removal","floor":3.0,"gold_loss":75.0,"damage_taken":0.0},{"damage_healed":0.0,"max_hp_gain":0.0,"max_hp_loss":0.0,"gold_gain":0.0,"event_name":"Golden Wing","player_choice":"Ignored","floor":5.0,"gold_loss":0.0,"damage_taken":0.0},{"damage_healed":17.0,"max_hp_gain":0.0,"max_hp_loss":0.0,"gold_gain":0.0,"event_name":"Mushrooms","player_choice":"Healed and dodged fight","floor":13.0,"gold_loss":0.0,"damage_taken":0.0,"cards_obtained":["Parasite"]},{"damage_healed":0.0,"max_hp_gain":0.0,"max_hp_loss":0.0,"gold_gain":50.0,"event_name":"Nest","player_choice":"Stole From Cult","floor":20.0,"gold_loss":0.0,"damage_taken":0.0},{"damage_healed":0.0,"max_hp_gain":0.0,"max_hp_loss":0.0,"gold_gain":0.0,"event_name":"FaceTrader","player_choice":"Trade","floor":21.0,"gold_loss":0.0,"damage_taken":0.0,"relics_obtained":["FaceOfCleric"]}],"is_beta":false,"boss_relics":[{"not_picked":["Nuclear Battery","Runic Dome"],"picked":"Inserter"}],"items_purged_floors":[],"is_endless":false,"potions_floor_spawned":[2,4,7,11,19],"killed_by":"Cultist and Chosen","ascension_level":20}