{"gold_per_floor":[114,114,114,125,75,109,109,109,180,180,210,108,144,168,168,287,287,311,226,241,141,155,155,186,204,204,243,266,281,320,343,343,469,469,488,821,836,848,415,415,445,464,464,314,325,340,21,39,39,39],"floor_reached":51,"playtime":1766,"items_purged":["Strike_R","Strike_R","Defend_R","Defend_R","Defend_R"],"score":911,"play_id":"7cb8333c-9bfc-4bb7-9335-6b73449cd5db","local_time":"20190218221726","is_ascension_mode":true,"campfire_choices":[{"data":"Searing Blow","floor":7,"key":"SMITH"},{"data":"Searing Blow+1","floor":10,"key":"SMITH"},{"data":"Searing Blow+2","floor":15,"key":"SMITH"},{"data":"Searing Blow+3","floor":23,"key":"SMITH"},{"data":"Searing Blow+4","floor":32,"key":"SMITH"},{"data":"Armaments","floor":40,"key":"SMITH"},{"data":"Searing Blow+5","floor":49,"key":"SMITH"}],"neow_cost":"NONE","seed_source_timestamp":2591204521365,"circlet_count":0,"master_deck":["Defend_R","Bash","Searing Blow+6","Armaments+1","True Grit","Offering","True Grit","Dual Wield"],"relics":["Burning Blood","Champion Belt","Juzu Bracelet","Singing Bowl","Girya","Runic Pyramid","Shuriken","Meat on the Bone","PreservedInsect","Dodecahedron","Bottled Flame","Busted Crown","Thread and Needle","Darkstone Periapt","Ginger","Ancient Tea Set"],"potions_floor_usage":[13,16,16,24,24,24,24,25,33,33,37,50,50,50],"damage_taken":[{"damage":6,"enemies":"Jaw Worm","floor":1,"turns":6},{"damage":5,"enemies":"Small Slimes","floor":4,"turns":4},{"damage":31,"enemies":"Gremlin Nob","floor":6,"turns":5},{"damage":19,"enemies":"Lagavulin","floor":13,"turns":5},{"damage":1,"enemies":"2 Louse","floor":14,"turns":3},{"damage":35,"enemies":"Hexaghost","floor":16,"turns":10},{"damage":24,"enemies":"Spheric Guardian","floor":18,"turns":5},{"damage":6,"enemies":"Chosen","floor":20,"turns":4},{"damage":6,"enemies":"Snecko","floor":22,"turns":3},{"damage":17,"enemies":"Gremlin Leader","floor":24,"turns":3},{"damage":17,"enemies":"3 Cultists","floor":25,"turns":5},{"damage":9,"enemies":"Book of Stabbing","floor":27,"turns":3},{"damage":6,"enemies":"Centurion and Healer","floor":28,"turns":4},{"damage":14,"enemies":"Cultist and Chosen","floor":29,"turns":4},{"damage":28,"enemies":"Gremlin Leader","floor":30,"turns":2},{"damage":6,"enemies":"Snecko","floor":31,"turns":2},{"damage":65,"enemies":"Champ","floor":33,"turns":7},{"damage":6,"enemies":"3 Shapes","floor":35,"turns":6},{"damage":6,"enemies":"3 Darklings","floor":37,"turns":4},{"damage":7,"enemies":"Jaw Worm Horde","floor":38,"turns":3},{"damage":6,"enemies":"Nemesis","floor":41,"turns":3},{"damage":24,"enemies":"Writhing Mass","floor":42,"turns":6},{"damage":6,"enemies":"Maw","floor":45,"turns":4},{"damage":6,"enemies":"Transient","floor":46,"turns":5},{"damage":6,"enemies":"Writhing Mass","floor":48,"turns":4},{"damage":11,"enemies":"Awakened One","floor":50,"turns":9}],"seed_played":"5774313459053876187","potions_obtained":[{"floor":6,"key":"EssenceOfSteel"},{"floor":13,"key":"Weak Potion"},{"floor":14,"key":"BloodPotion"},{"floor":16,"key":"Strength Potion"},{"floor":20,"key":"EntropicBrew"},{"floor":22,"key":"FearPotion"},{"floor":28,"key":"Swift Potion"},{"floor":29,"key":"Regen Potion"},{"floor":33,"key":"EssenceOfSteel"},{"floor":37,"key":"Strength Potion"},{"floor":38,"key":"Swift Potion"}],"is_trial":false,"path_per_floor":["M","?","?","M","?","E","R","?","T","R","?","$","E","M","R","B",null,"M","?","M","$","M","R","E","M","T","E","M","M","E","M","R","B",null,"M","?","M","M","$","R","E","M","T","$","M","M","$","M","R","B",null],"character_chosen":"IRONCLAD","items_purchased":["Armaments","Thread and Needle","Ancient Tea Set"],"campfire_rested":0,"item_purchase_floors":[12,39,47],"current_hp_per_floor":[80,73,66,67,67,42,42,42,42,42,42,42,31,36,36,14,76,60,60,60,60,62,62,51,56,56,55,57,63,55,57,57,26,94,96,96,98,99,99,99,101,85,85,85,87,89,89,91,91,86],"gold":39,"neow_bonus":"REMOVE_CARD","is_prod":false,"is_daily":false,"chose_seed":false,"campfire_upgraded":7,"win_rate":0,"timestamp":1550553446,"path_taken":["M","?","?","M","?","E","R","?","T","R","?","$","E","M","R","BOSS","M","?","M","$","M","R","E","M","T","E","M","M","E","M","R","BOSS","M","?","M","M","$","R","E","M","T","$","M","M","$","M","R","BOSS"],"build_version":"2019-01-23","purchased_purges":5,"victory":true,"max_hp_per_floor":[80,80,80,80,80,80,80,74,74,74,74,74,76,76,76,76,76,78,78,78,78,80,80,80,82,82,84,86,88,90,92,92,94,94,96,96,98,100,100,100,102,104,104,104,106,108,108,110,110,110],"card_choices":[{"not_picked":["Clash","True Grit"],"picked":"Searing Blow","floor":1},{"not_picked":["Perfected Strike","Sword Boomerang","Combust"],"picked":"SKIP","floor":4},{"not_picked":["Clash","Exhume","Anger"],"picked":"SKIP","floor":6},{"not_picked":["Combust","Flex","Corruption"],"picked":"Singing Bowl","floor":13},{"not_picked":["Iron Wave","Headbutt"],"picked":"True Grit","floor":14},{"not_picked":["Impervious","Reaper"],"picked":"Offering","floor":16},{"not_picked":["Clash","Blood for Blood","Wild Strike"],"picked":"Singing Bowl","floor":18},{"not_picked":["Clothesline","Wild Strike"],"picked":"True Grit","floor":20},{"not_picked":["Evolve+1","Flame Barrier","Corruption"],"picked":"Singing Bowl","floor":22},{"not_picked":["Pummel","Pommel Strike"],"picked":"Dual Wield","floor":24},{"not_picked":["Pummel","Heavy Blade","True Grit"],"picked":"Singing Bowl","floor":25},{"not_picked":["Wild Strike","Cleave+1","Carnage"],"picked":"Singing Bowl","floor":27},{"not_picked":["Havoc+1","Body Slam","Reckless Charge"],"picked":"Singing Bowl","floor":28},{"not_picked":["Flex+1","Power Through","Clash"],"picked":"Singing Bowl","floor":29},{"not_picked":["Wild Strike","Clash+1","Pommel Strike"],"picked":"Singing Bowl","floor":30},{"not_picked":["Brutality","Pommel Strike","Second Wind"],"picked":"Singing Bowl","floor":31},{"not_picked":["Dark Embrace","Barricade","Demon Form"],"picked":"Singing Bowl","floor":33},{"not_picked":["True Grit+1"],"picked":"Singing Bowl","floor":35},{"not_picked":["Power Through+1"],"picked":"Singing Bowl","floor":37},{"not_picked":["Dual Wield"],"picked":"Singing Bowl","floor":38},{"not_picked":["Wild Strike"],"picked":"Singing Bowl","floor":41},{"not_picked":["Ghostly Armor"],"picked":"Singing Bowl","floor":42},{"not_picked":["Clothesline"],"picked":"Singing Bowl","floor":45},{"not_picked":["Combust"],"picked":"Singing Bowl","floor":46},{"not_picked":["Infernal Blade+1"],"picked":"Singing Bowl","floor":48}],"player_experience":765299,"relics_obtained":[{"floor":6,"key":"Juzu Bracelet"},{"floor":9,"key":"Singing Bowl"},{"floor":13,"key":"Girya"},{"floor":24,"key":"Meat on the Bone"},{"floor":26,"key":"PreservedInsect"},{"floor":27,"key":"Dodecahedron"},{"floor":30,"key":"Bottled Flame"},{"floor":41,"key":"Darkstone Periapt"},{"floor":43,"key":"Ginger"}],"event_choices":[{"cards_removed":["Strike_R"],"damage_healed":0,"gold_gain":0,"player_choice":"Card Removal","damage_taken":7,"max_hp_gain":0,"max_hp_loss":0,"event_name":"Golden Wing","floor":2,"gold_loss":0},{"damage_healed":0,"gold_gain":0,"player_choice":"Success","damage_taken":7,"relics_obtained":["Champion Belt"],"max_hp_gain":0,"max_hp_loss":0,"event_name":"Scrap Ooze","floor":3,"gold_loss":0},{"cards_removed":["Strike_R"],"damage_healed":0,"gold_gain":0,"player_choice":"Card Removal","damage_taken":0,"max_hp_gain":0,"max_hp_loss":0,"event_name":"The Cleric","floor":5,"gold_loss":50},{"damage_healed":0,"gold_gain":0,"player_choice":"Lose Max HP","damage_taken":0,"relics_obtained":["Golden Idol"],"max_hp_gain":0,"max_hp_loss":6,"event_name":"Golden Idol","floor":8,"gold_loss":0},{"damage_healed":0,"gold_gain":30,"player_choice":"Searched \u00272\u0027 times","damage_taken":0,"max_hp_gain":0,"max_hp_loss":0,"event_name":"Dead Adventurer","floor":11,"gold_loss":0},{"damage_healed":0,"gold_gain":0,"player_choice":"Obtained Relic","damage_taken":0,"relics_obtained":["Shuriken"],"max_hp_gain":0,"max_hp_loss":0,"event_name":"Addict","floor":19,"gold_loss":85},{"damage_healed":0,"gold_gain":333,"player_choice":"Gave Idol","damage_taken":0,"max_hp_gain":0,"max_hp_loss":0,"event_name":"The Moai Head","floor":36,"relics_lost":["Golden Idol"],"gold_loss":0}],"is_beta":false,"boss_relics":[{"not_picked":["Tiny House","Orrery"],"picked":"Runic Pyramid"},{"not_picked":["Astrolabe","Philosopher\u0027s Stone"],"picked":"Busted Crown"}],"items_purged_floors":[12,21,39,44,47],"is_endless":false,"potions_floor_spawned":[6,13,14,16,20,22,28,29,33,37,38,41,48],"ascension_level":1}