{"gold_per_floor":[111,111,111,136,151,151,162,162,209,209,229,284,295,1,1,97,97,111,125,48,48,48],"floor_reached":22,"playtime":1133,"items_purged":[],"score":184,"play_id":"a89e720c-b6cb-4a0b-8376-ec7bf365cb00","local_time":"20180710083843","is_ascension_mode":false,"campfire_choices":[{"data":"Zap","floor":6,"key":"SMITH"},{"data":"Fusion","floor":8,"key":"SMITH"},{"data":"Loop","floor":10,"key":"SMITH"},{"data":"Redo","floor":15,"key":"SMITH"}],"neow_cost":"","seed_source_timestamp":660769072515195,"circlet_count":0,"master_deck":["Strike_B","Strike_B","Strike_B","Strike_B","Defend_B","Defend_B+1","Defend_B+1","Defend_B+1","Zap+1","Dualcast","Beam Cell","Thunder Strike+1","Deep Breath","Loop+1","Fusion+1","White Noise","Hologram","Melter","Self Repair","Redo+1","Buffer","Darkness","Conserve Battery","BootSequence","Stack","Compile Driver","Consume+1","Lockon","J.A.X.","Normality"],"relics":["Cracked Core","Pen Nib","War Paint","Tiny Chest","Bag of Marbles","Orrery","Meat on the Bone"],"potions_floor_usage":[12,12,13,16,16,19],"damage_taken":[{"damage":6,"enemies":"Jaw Worm","floor":1,"turns":3},{"damage":1,"enemies":"Cultist","floor":5,"turns":3},{"damage":2,"enemies":"2 Louse","floor":7,"turns":3},{"damage":5,"enemies":"Looter","floor":11,"turns":3},{"damage":4,"enemies":"Gremlin Nob","floor":12,"turns":3},{"damage":15,"enemies":"Exordium Thugs","floor":13,"turns":4},{"damage":8,"enemies":"Hexaghost","floor":16,"turns":7},{"damage":11,"enemies":"3 Byrds","floor":18,"turns":5},{"damage":21,"enemies":"Shell Parasite","floor":19,"turns":6},{"damage":71,"enemies":"3 Cultists","floor":22,"turns":5}],"seed_played":"-4233166208287610217","potions_obtained":[{"floor":5,"key":"AttackPotion"},{"floor":11,"key":"AttackPotion"},{"floor":12,"key":"Explosive Potion"},{"floor":13,"key":"FocusPotion"},{"floor":18,"key":"FocusPotion"},{"floor":19,"key":"Ancient Potion"}],"is_trial":false,"path_per_floor":["M","?","?","T","M","R","M","R","T","R","M","E","M","$","R","B",null,"M","M","?","?"],"character_chosen":"DEFECT","items_purchased":["Bag of Marbles","Self Repair","Redo","Block Potion"],"campfire_rested":0,"item_purchase_floors":[14,14,14,14],"current_hp_per_floor":[69,69,54,54,53,53,51,51,51,51,46,42,27,27,27,33,75,64,57,57,57,0],"gold":48,"neow_bonus":"","is_prod":false,"is_daily":false,"chose_seed":false,"campfire_upgraded":4,"win_rate":0,"timestamp":1531204723,"path_taken":["M","?","?","?","M","R","?","R","T","R","M","E","?","?","R","BOSS","M","M","?","?","M"],"build_version":"2018-07-05","purchased_purges":0,"victory":false,"max_hp_per_floor":[75,75,75,75,75,75,75,75,75,75,75,75,75,75,75,75,75,75,75,75,75,75],"card_choices":[{"not_picked":["Cold Snap","Blizzard"],"picked":"Beam Cell","floor":1},{"not_picked":["Cold Snap","Gash"],"picked":"Loop","floor":5},{"not_picked":["Steam","Loop"],"picked":"Fusion","floor":7},{"not_picked":["Glacier","Genetic Algorithm"],"picked":"White Noise","floor":11},{"not_picked":["Beam Cell","Sweeping Beam"],"picked":"Hologram","floor":12},{"not_picked":["Gash","Streamline"],"picked":"Melter","floor":13},{"not_picked":["Echo Form","Biased Cognition"],"picked":"Buffer","floor":16},{"not_picked":["Ball Lightning","Fusion"],"picked":"Darkness","floor":17},{"not_picked":["Leap","Steam"],"picked":"Conserve Battery","floor":17},{"not_picked":["Leap","Beam Cell"],"picked":"BootSequence","floor":17},{"not_picked":["Streamline","Ball Lightning"],"picked":"Stack","floor":17},{"not_picked":["Tempest","Cold Snap"],"picked":"Compile Driver","floor":17},{"not_picked":["Undo","Glacier"],"picked":"Consume+1","floor":18},{"not_picked":["Redo","Hologram"],"picked":"Lockon","floor":19}],"player_experience":66164,"relics_obtained":[{"floor":4,"key":"Pen Nib"},{"floor":9,"key":"War Paint"},{"floor":12,"key":"Tiny Chest"}],"event_choices":[{"event_name":"Match and Keep!","player_choice":"2 cards matched","floor":2,"damage_taken":0},{"event_name":"Shining Light","player_choice":"Entered Light","floor":3,"damage_taken":0},{"event_name":"Drug Dealer","player_choice":"Got JAXXED","floor":20,"damage_taken":0},{"event_name":"Accursed Blacksmith","player_choice":"Rummage","floor":21,"damage_taken":0}],"boss_relics":[{"not_picked":["Ectoplasm","Runic Dome"],"picked":"Orrery"}],"items_purged_floors":[],"is_endless":false,"potions_floor_spawned":[5,11,12,13,18,19],"killed_by":"3 Cultists","ascension_level":0}