{"gold_per_floor":[109,123,123,139,139,139,178,192,192,192,265,300,320,336,336,435,435,459,384,384,84,84,122,67,67,90,90,105,105,146,146,146,237,237,258,277,345,345,678,709,334,366,366,96,131,155,170,183,183,183,183,183,183,11,45,45],"floor_reached":56,"playtime":8354,"items_purged":["Writhe","Strike_B","Injury"],"score":2183,"play_id":"c16fc89d-f09a-498e-9d24-21e3192d5490","local_time":"20190428165233","is_ascension_mode":true,"campfire_choices":[{"data":"Zap","floor":6.0,"key":"SMITH"},{"data":"Defragment","floor":10.0,"key":"SMITH"},{"data":"Hologram","floor":15.0,"key":"SMITH"},{"data":"Defragment","floor":25.0,"key":"SMITH"},{"data":"Seek","floor":27.0,"key":"SMITH"},{"data":"Seek","floor":29.0,"key":"SMITH"},{"floor":32.0,"key":"REST"},{"floor":49.0,"key":"RECALL"},{"data":"Static Discharge","floor":53.0,"key":"SMITH"}],"neow_cost":"NONE","seed_source_timestamp":0,"circlet_count":0,"master_deck":["AscendersBane","Strike_B","Strike_B","Defend_B+1","Defend_B","Defend_B","Defend_B","Zap+1","Dualcast","Glacier","Compile Driver","Gash+1","Defragment+1","Seek+1","Hologram+1","Seek+1","Skim+1","Defragment+1","Beam Cell+1","Static Discharge+1","RitualDagger","Reboot","Hologram+1","Creative AI","Steam","Consume"],"special_seed":0,"relics":["Cracked Core","Smiling Mask","Whetstone","Kunai","Vajra","Busted Crown","Turnip","PreservedInsect","Centennial Puzzle","Tiny Chest","DataDisk","War Paint","Cursed Key","Gambling Chip","Boot","Oddly Smooth Stone","Ancient Tea Set","Bag of Preparation","Omamori","Strawberry","Bronze Scales","Art of War"],"potions_floor_usage":[55,56],"damage_taken":[{"damage":5.0,"enemies":"Small Slimes","floor":1.0,"turns":3.0},{"damage":2.0,"enemies":"2 Louse","floor":2.0,"turns":3.0},{"damage":2.0,"enemies":"Jaw Worm","floor":4.0,"turns":3.0},{"damage":26.0,"enemies":"Gremlin Nob","floor":7.0,"turns":4.0},{"damage":0.0,"enemies":"Looter","floor":8.0,"turns":2.0},{"damage":7.0,"enemies":"3 Sentries","floor":11.0,"turns":7.0},{"damage":9.0,"enemies":"3 Sentries","floor":12.0,"turns":7.0},{"damage":0.0,"enemies":"3 Louse","floor":13.0,"turns":3.0},{"damage":3.0,"enemies":"Exordium Wildlife","floor":14.0,"turns":3.0},{"damage":0.0,"enemies":"The Guardian","floor":16.0,"turns":12.0},{"damage":7.0,"enemies":"Spheric Guardian","floor":18.0,"turns":4.0},{"damage":10.0,"enemies":"Gremlin Leader","floor":23.0,"turns":6.0},{"damage":3.0,"enemies":"Shell Parasite","floor":28.0,"turns":4.0},{"damage":18.0,"enemies":"Slavers","floor":30.0,"turns":4.0},{"damage":0.0,"enemies":"Champ","floor":33.0,"turns":20.0},{"damage":0.0,"enemies":"Orb Walker","floor":35.0,"turns":3.0},{"damage":0.0,"enemies":"3 Shapes","floor":36.0,"turns":2.0},{"damage":13.0,"enemies":"2 Orb Walkers","floor":37.0,"turns":5.0},{"damage":14.0,"enemies":"Nemesis","floor":40.0,"turns":5.0},{"damage":14.0,"enemies":"Giant Head","floor":42.0,"turns":10.0},{"damage":0.0,"enemies":"Nemesis","floor":45.0,"turns":12.0},{"damage":0.0,"enemies":"Writhing Mass","floor":47.0,"turns":14.0},{"damage":0.0,"enemies":"Jaw Worm Horde","floor":48.0,"turns":5.0},{"damage":3.0,"enemies":"Time Eater","floor":50.0,"turns":39.0},{"damage":3.0,"enemies":"Donu and Deca","floor":51.0,"turns":16.0},{"damage":20,"enemies":"Shield and Spear","floor":55,"turns":5},{"damage":75,"enemies":"The Heart","floor":56,"turns":6}],"seed_played":"3931417687923586545","potions_obtained":[{"floor":1.0,"key":"Strength Potion"},{"floor":8.0,"key":"SpeedPotion"},{"floor":11.0,"key":"PowerPotion"},{"floor":12.0,"key":"GamblersBrew"},{"floor":14.0,"key":"SpeedPotion"},{"floor":23.0,"key":"SteroidPotion"},{"floor":36.0,"key":"Strength Potion"},{"floor":55,"key":"Dexterity Potion"}],"is_trial":false,"path_per_floor":["M","M","?","M","?","R","E","M","T","R","?","E","M","M","R","B",null,"M","?","?","$","?","E","?","R","T","R","M","R","E","?","R","B",null,"M","M","?","?","?","E","$","E","T","$","E","T","M","M","R","B","B",null,"R","$","E","B"],"character_chosen":"DEFECT","items_purchased":["PreservedInsect","Defragment","Creative AI","Oddly Smooth Stone","Regen Potion","Bag of Preparation","SkillPotion","Bronze Scales"],"campfire_rested":1,"item_purchase_floors":[21,21,41,41,41,44,44,54],"current_hp_per_floor":[66,64,69,67,67,67,41,41,41,41,34,25,25,22,22,22,62,55,55,55,55,55,45,45,45,45,45,42,42,24,18,40,40,66,66,66,53,53,53,39,39,40,40,40,40,47,47,47,47,44,41,72,72,72,52,0],"gold":45,"neow_bonus":"TEN_PERCENT_HP_BONUS","is_prod":false,"is_daily":false,"chose_seed":false,"campfire_upgraded":7,"win_rate":0,"timestamp":1556463153,"path_taken":["M","M","?","M","?","R","E","M","T","R","?","E","?","M","R","BOSS","M","?","?","$","?","E","?","R","T","R","?","R","E","?","R","BOSS","M","M","?","?","?","E","$","E","T","$","E","?","M","M","R","BOSS","BOSS","R","$","E","BOSS"],"build_version":"2019-01-23","purchased_purges":3,"victory":false,"max_hp_per_floor":[78,78,83,83,75,75,75,75,75,75,75,75,75,75,75,75,75,75,75,75,75,75,75,75,75,75,75,75,75,75,75,75,75,75,75,75,75,75,75,75,75,75,75,75,75,82,82,82,82,82,82,82,82,82,82,82],"card_choices":[{"not_picked":["Blizzard","Gash"],"picked":"Glacier","floor":1.0},{"not_picked":["Consume","Darkness"],"picked":"Compile Driver","floor":2.0},{"not_picked":["Coolheaded","Compile Driver"],"picked":"Gash","floor":4.0},{"not_picked":["Steam Power","Rebound"],"picked":"Ball Lightning","floor":7.0},{"not_picked":["Melter","Streamline"],"picked":"Defragment","floor":8.0},{"not_picked":["Coolheaded","Cold Snap"],"picked":"Seek","floor":12.0},{"not_picked":["Blizzard","Redo","White Noise"],"picked":"SKIP","floor":13.0},{"not_picked":["Coolheaded","Compile Driver"],"picked":"Hologram","floor":14.0},{"not_picked":["Meteor Strike","Reboot"],"picked":"Seek","floor":16.0},{"not_picked":[],"picked":"Skim","floor":18.0},{"not_picked":[],"picked":"Beam Cell+1","floor":23.0},{"not_picked":["Conserve Battery"],"picked":"SKIP","floor":28.0},{"not_picked":["Conserve Battery"],"picked":"SKIP","floor":28.0},{"not_picked":[],"picked":"Static Discharge","floor":30.0},{"not_picked":[],"picked":"Reboot","floor":33.0},{"not_picked":[],"picked":"Hologram+1","floor":35.0},{"not_picked":["Leap"],"picked":"SKIP","floor":36.0},{"not_picked":["Multi-Cast"],"picked":"SKIP","floor":40.0},{"not_picked":[],"picked":"Steam","floor":42.0},{"not_picked":["Conserve Battery+1"],"picked":"SKIP","floor":45.0},{"not_picked":["Doom and Gloom"],"picked":"SKIP","floor":47.0},{"not_picked":["Conserve Battery"],"picked":"SKIP","floor":48.0},{"not_picked":[],"picked":"Consume","floor":55}],"player_experience":860287,"relics_obtained":[{"floor":7.0,"key":"Smiling Mask"},{"floor":9.0,"key":"Whetstone"},{"floor":11.0,"key":"Kunai"},{"floor":12.0,"key":"Vajra"},{"floor":23.0,"key":"Centennial Puzzle"},{"floor":26.0,"key":"DataDisk"},{"floor":30.0,"key":"War Paint"},{"floor":37.0,"key":"Gambling Chip"},{"floor":40.0,"key":"Boot"},{"floor":42.0,"key":"Ancient Tea Set"},{"floor":45.0,"key":"Omamori"},{"floor":46.0,"key":"Strawberry"},{"floor":55,"key":"Art of War"}],"event_choices":[{"damage_healed":0.0,"max_hp_gain":5.0,"max_hp_loss":0.0,"gold_gain":0.0,"event_name":"Big Fish","player_choice":"Donut","floor":3.0,"gold_loss":0.0,"damage_taken":0.0},{"damage_healed":0.0,"max_hp_gain":0.0,"max_hp_loss":8.0,"gold_gain":0.0,"event_name":"Golden Idol","player_choice":"Lose Max HP","floor":5.0,"gold_loss":0.0,"damage_taken":0.0,"relics_obtained":["Golden Idol"]},{"damage_healed":0.0,"max_hp_gain":0.0,"max_hp_loss":0.0,"gold_gain":0.0,"event_name":"Dead Adventurer","player_choice":"Searched \u00271\u0027 times","floor":11.0,"gold_loss":0.0,"damage_taken":0.0},{"cards_removed":["Strike_B"],"damage_healed":0.0,"max_hp_gain":0.0,"max_hp_loss":0.0,"gold_gain":0.0,"event_name":"Beggar","player_choice":"Gave Gold","floor":19.0,"gold_loss":75.0,"damage_taken":0.0},{"damage_healed":0.0,"max_hp_gain":0.0,"max_hp_loss":0.0,"gold_gain":0.0,"event_name":"The Mausoleum","player_choice":"Opened","floor":20.0,"gold_loss":0.0,"damage_taken":0.0,"relics_obtained":["Turnip"],"cards_obtained":["Writhe"]},{"damage_healed":0.0,"max_hp_gain":0.0,"max_hp_loss":0.0,"gold_gain":0.0,"event_name":"Ghosts","player_choice":"Ignored","floor":22.0,"gold_loss":0.0,"damage_taken":0.0},{"damage_healed":0.0,"max_hp_gain":0.0,"max_hp_loss":0.0,"gold_gain":0.0,"event_name":"Addict","player_choice":"Obtained Relic","floor":24.0,"gold_loss":85.0,"damage_taken":0.0,"relics_obtained":["Tiny Chest"]},{"damage_healed":0.0,"max_hp_gain":0.0,"max_hp_loss":0.0,"gold_gain":0.0,"event_name":"Nest","player_choice":"Joined the Cult","floor":31.0,"gold_loss":0.0,"damage_taken":6.0,"cards_obtained":["RitualDagger"]},{"damage_healed":0.0,"max_hp_gain":0.0,"max_hp_loss":0.0,"gold_gain":0.0,"event_name":"Mysterious Sphere","player_choice":"Fight","floor":37.0,"gold_loss":0.0,"damage_taken":0.0},{"cards_removed":["Ball Lightning"],"damage_healed":0.0,"max_hp_gain":0.0,"max_hp_loss":0.0,"gold_gain":0.0,"event_name":"Falling","player_choice":"Removed Attack","floor":38.0,"gold_loss":0.0,"damage_taken":0.0},{"damage_healed":0.0,"max_hp_gain":0.0,"max_hp_loss":0.0,"gold_gain":333.0,"event_name":"The Moai Head","player_choice":"Gave Idol","floor":39.0,"relics_lost":["Golden Idol"],"gold_loss":0.0,"damage_taken":0.0}],"is_beta":false,"boss_relics":[{"not_picked":["White Beast Statue","Coffee Dripper"],"picked":"Busted Crown"},{"not_picked":["Runic Dome","FrozenCore"],"picked":"Cursed Key"}],"items_purged_floors":[21,41,44],"is_endless":false,"potions_floor_spawned":[1,8,11,12,14,23,30,35,36,45,48,55],"killed_by":"The Heart","ascension_level":20}