{"gold_per_floor":[118,118,167,179,204,243,255,293,305,337,274,274,287,297,297,400,400,415,415,315,346,221,221,221],"floor_reached":24,"playtime":658,"items_purged":["Defend_R","Strike_R+1","Strike_R+1"],"score":212,"play_id":"68384a2a-9741-4995-b429-e9449c69963c","local_time":"20190324150928","is_ascension_mode":true,"campfire_choices":[{"data":"Flame Barrier","floor":7,"key":"SMITH"},{"data":"Dual Wield","floor":15,"key":"SMITH"},{"data":"Bash","floor":23,"key":"SMITH"}],"neow_cost":"CURSE","seed_source_timestamp":495598049630100,"circlet_count":0,"master_deck":["Defend_R","Defend_R","Defend_R","Bash+1","Flame Barrier+1","Dropkick","Dual Wield+1"],"relics":["Burning Blood","MawBank","Bird Faced Urn","Bottled Lightning","Whetstone","Sozu","Red Mask"],"potions_floor_usage":[6,8,14],"damage_taken":[{"damage":1,"enemies":"2 Louse","floor":1,"turns":3},{"damage":1,"enemies":"Jaw Worm","floor":5,"turns":4},{"damage":37,"enemies":"Lagavulin","floor":6,"turns":6},{"damage":41,"enemies":"3 Sentries","floor":8,"turns":15},{"damage":0,"enemies":"Small Slimes","floor":10,"turns":4},{"damage":0,"enemies":"Exordium Thugs","floor":13,"turns":4},{"damage":0,"enemies":"Looter","floor":14,"turns":4},{"damage":18,"enemies":"Hexaghost","floor":16,"turns":8},{"damage":0,"enemies":"Chosen","floor":18,"turns":3},{"damage":49,"enemies":"Masked Bandits","floor":21,"turns":6},{"damage":40,"enemies":"Slavers","floor":24,"turns":4}],"seed_played":"4395822644453352557","potions_obtained":[{"floor":1,"key":"Explosive Potion"},{"floor":6,"key":"BloodPotion"},{"floor":13,"key":"Swift Potion"}],"is_trial":false,"path_per_floor":["M","?","T","?","M","E","R","E","T","M","$","?","M","M","R","B",null,"M","?","$","?","$","R","E"],"character_chosen":"IRONCLAD","items_purchased":[],"campfire_rested":0,"item_purchase_floors":[],"current_hp_per_floor":[80,80,80,73,78,47,47,20,20,26,26,26,32,38,38,26,80,80,80,80,37,37,37,0],"gold":221,"neow_bonus":"TRANSFORM_TWO_CARDS","is_prod":false,"is_daily":false,"chose_seed":false,"campfire_upgraded":3,"win_rate":0,"timestamp":1553465368,"path_taken":["M","?","?","?","M","E","R","E","T","?","$","?","M","M","R","BOSS","M","?","$","?","$","R","E"],"build_version":"2019-01-23","purchased_purges":3,"victory":false,"max_hp_per_floor":[80,80,80,80,80,80,80,80,80,80,80,80,80,80,80,80,80,80,80,80,80,80,80,80],"card_choices":[{"not_picked":["Pommel Strike","Sword Boomerang","Clothesline"],"picked":"SKIP","floor":1},{"not_picked":["Bloodletting","Cleave","Clash"],"picked":"SKIP","floor":5},{"not_picked":["Havoc","Corruption","Perfected Strike"],"picked":"SKIP","floor":6},{"not_picked":["Demon Form","Feed","Metallicize"],"picked":"SKIP","floor":8},{"not_picked":["Clothesline","Uppercut","Thunderclap"],"picked":"SKIP","floor":10},{"not_picked":["Body Slam","Headbutt","Iron Wave"],"picked":"SKIP","floor":13},{"not_picked":["Bloodletting","Armaments"],"picked":"Dual Wield","floor":14},{"not_picked":["Seeing Red","Shrug It Off","Reckless Charge+1"],"picked":"SKIP","floor":18}],"player_experience":824407,"relics_obtained":[{"floor":3,"key":"MawBank"},{"floor":6,"key":"Bird Faced Urn"},{"floor":8,"key":"Bottled Lightning"},{"floor":9,"key":"Whetstone"},{"floor":21,"key":"Red Mask"}],"event_choices":[{"cards_removed":["Shame"],"damage_healed":0,"gold_gain":0,"player_choice":"Forget","damage_taken":0,"max_hp_gain":0,"max_hp_loss":0,"event_name":"Living Wall","floor":2,"gold_loss":0},{"cards_removed":["Strike_R"],"damage_healed":0,"gold_gain":0,"player_choice":"Card Removal","damage_taken":7,"max_hp_gain":0,"max_hp_loss":0,"event_name":"Golden Wing","floor":4,"gold_loss":0},{"damage_healed":0,"gold_gain":0,"player_choice":"0 cards matched","damage_taken":0,"max_hp_gain":0,"max_hp_loss":0,"event_name":"Match and Keep!","floor":12,"gold_loss":0,"cards_obtained":[]},{"damage_healed":0,"gold_gain":0,"player_choice":"Ignored","damage_taken":0,"max_hp_gain":0,"max_hp_loss":0,"event_name":"The Mausoleum","floor":19,"gold_loss":0},{"damage_healed":0,"gold_gain":0,"player_choice":"Fought Bandits","damage_taken":0,"max_hp_gain":0,"max_hp_loss":0,"event_name":"Masked Bandits","floor":21,"gold_loss":0}],"is_beta":false,"boss_relics":[{"not_picked":["Runic Cube","Snecko Eye"],"picked":"Sozu"}],"items_purged_floors":[11,20,22],"is_endless":false,"potions_floor_spawned":[1,6,13],"killed_by":"Slavers","ascension_level":1}