{"gold_per_floor":[112,37,112,123,141,171,185,185,185,185,185,217,217,63,63,160,160,180,206,132,150,169,169,194,194,194,194,21,46,46,58,58,58],"floor_reached":33,"playtime":1274,"items_purged":["Pain","Strike_R"],"score":428,"play_id":"bcc05c32-a1dd-4b30-acee-10e368743c4c","local_time":"20190331010343","is_ascension_mode":true,"campfire_choices":[{"data":"Clothesline","floor":8,"key":"SMITH"},{"data":"Bash","floor":11,"key":"SMITH"},{"data":"Inflame","floor":13,"key":"SMITH"},{"data":"Pummel","floor":15,"key":"SMITH"},{"data":"Uppercut","floor":23,"key":"SMITH"},{"floor":27,"key":"REST"},{"data":"Inflame","floor":30,"key":"SMITH"},{"floor":32,"key":"REST"}],"neow_cost":"CURSE","seed_source_timestamp":33832017560935,"circlet_count":0,"master_deck":["Strike_R","Strike_R","Strike_R","Strike_R","Defend_R","Defend_R","Defend_R","Defend_R","Bash+1","Pommel Strike","Clothesline+1","Shrug It Off","Feed","Inflame+1","Disarm+1","Pummel+1","Headbutt","Offering","Headbutt","Uppercut+1","Inflame+1","Battle Trance+1","Immolate","Pommel Strike"],"relics":["Burning Blood","Centennial Puzzle","Oddly Smooth Stone","WingedGreaves","Velvet Choker","Art of War","Bag of Marbles","Champion Belt","Ancient Tea Set"],"potions_floor_usage":[24,29,31,33],"damage_taken":[{"damage":13,"enemies":"Jaw Worm","floor":1,"turns":5},{"damage":6,"enemies":"Cultist","floor":4,"turns":3},{"damage":0,"enemies":"Small Slimes","floor":5,"turns":3},{"damage":15,"enemies":"Gremlin Nob","floor":6,"turns":4},{"damage":13,"enemies":"Exordium Wildlife","floor":7,"turns":4},{"damage":22,"enemies":"3 Sentries","floor":12,"turns":9},{"damage":12,"enemies":"Slime Boss","floor":16,"turns":10},{"damage":22,"enemies":"Shell Parasite","floor":18,"turns":4},{"damage":9,"enemies":"3 Byrds","floor":21,"turns":5},{"damage":18,"enemies":"Snake Plant","floor":22,"turns":3},{"damage":60,"enemies":"Slavers","floor":24,"turns":8},{"damage":31,"enemies":"Book of Stabbing","floor":29,"turns":5},{"damage":15,"enemies":"Sentry and Sphere","floor":31,"turns":5},{"damage":62,"enemies":"Champ","floor":33,"turns":10}],"seed_played":"-8233804916891699363","potions_obtained":[{"floor":5,"key":"Poison Potion"},{"floor":12,"key":"BloodPotion"},{"floor":29,"key":"AttackPotion"},{"floor":31,"key":"SkillPotion"}],"is_trial":false,"path_per_floor":["M","$","?","M","M","E","M","R","T","T","R","E","R","$","R","B",null,"M","T","$","M","M","R","E","?","T","R","$","E","R","M","R","B"],"character_chosen":"IRONCLAD","items_purchased":["Disarm","Pummel","Headbutt","Uppercut","Immolate"],"campfire_rested":2,"item_purchase_floors":[14,14,14,20,28],"current_hp_per_floor":[81,81,72,72,78,69,65,65,65,65,65,52,52,52,52,49,91,75,75,75,72,60,60,19,19,19,51,51,26,26,20,53,0],"gold":58,"neow_bonus":"TWENTY_PERCENT_HP_BONUS","is_prod":false,"is_daily":false,"chose_seed":false,"campfire_upgraded":6,"win_rate":0,"timestamp":1554005023,"path_taken":["M","$","?","M","M","E","?","R","T","?","R","E","R","$","R","BOSS","M","?","$","M","M","R","E","?","T","R","$","E","R","?","R","BOSS"],"build_version":"2019-01-23","purchased_purges":2,"victory":false,"max_hp_per_floor":[96,96,96,96,96,96,99,99,99,99,99,102,102,102,102,105,105,105,105,105,105,105,105,108,108,108,108,108,108,108,111,111,111],"card_choices":[{"not_picked":["Dual Wield","Rampage"],"picked":"Pommel Strike","floor":1},{"not_picked":["True Grit","Havoc"],"picked":"Clothesline","floor":4},{"not_picked":["Metallicize","Clash"],"picked":"Shrug It Off","floor":5},{"not_picked":["Sword Boomerang","Flex"],"picked":"Feed","floor":6},{"not_picked":["Perfected Strike","Thunderclap","Wild Strike"],"picked":"SKIP","floor":7},{"not_picked":["Blood for Blood","Intimidate"],"picked":"Inflame","floor":12},{"not_picked":["Feed","Fiend Fire"],"picked":"Offering","floor":16},{"not_picked":["Perfected Strike","Wild Strike"],"picked":"Headbutt","floor":18},{"not_picked":["Pummel+1","Warcry"],"picked":"Inflame","floor":21},{"not_picked":["Searing Blow+1","Body Slam","Evolve"],"picked":"SKIP","floor":22},{"not_picked":["Infernal Blade","Evolve"],"picked":"Battle Trance+1","floor":24},{"not_picked":["Iron Wave","Twin Strike+1","Anger"],"picked":"SKIP","floor":29},{"not_picked":["Sword Boomerang","Juggernaut"],"picked":"Pommel Strike","floor":31}],"player_experience":430226,"relics_obtained":[{"floor":6,"key":"Centennial Puzzle"},{"floor":10,"key":"Oddly Smooth Stone"},{"floor":12,"key":"WingedGreaves"},{"floor":19,"key":"Art of War"},{"floor":24,"key":"Bag of Marbles"},{"floor":26,"key":"Champion Belt"},{"floor":29,"key":"Ancient Tea Set"}],"event_choices":[{"damage_healed":0,"gold_gain":75,"player_choice":"Touch","damage_taken":9,"max_hp_gain":0,"max_hp_loss":0,"event_name":"FaceTrader","floor":3,"gold_loss":0},{"damage_healed":0,"gold_gain":0,"player_choice":"Upgraded","damage_taken":0,"max_hp_gain":0,"max_hp_loss":0,"event_name":"Upgrade Shrine","floor":25,"gold_loss":0,"cards_upgraded":["Disarm"]}],"is_beta":false,"boss_relics":[{"not_picked":["Coffee Dripper","Empty Cage"],"picked":"Velvet Choker"}],"items_purged_floors":[2,28],"is_endless":false,"potions_floor_spawned":[5,12,29,31],"killed_by":"Champ","ascension_level":6}