{"gold_per_floor":[113,132,10,29,44,44,119,154,154,168,168,24,24,42,42,143,143,156,156,169,119,119],"floor_reached":22,"playtime":1323,"items_purged":["Strike_G","Strike_G"],"score":260,"play_id":"58ffff3b-d7d4-4497-823f-8a6d7c207fbd","local_time":"20190419222655","is_ascension_mode":true,"campfire_choices":[{"data":"Envenom","floor":6,"key":"SMITH"},{"floor":11,"key":"REST"},{"floor":15,"key":"REST"}],"neow_cost":"NONE","seed_source_timestamp":278869576218990,"circlet_count":0,"master_deck":["Defend_G","Defend_G","Defend_G","Defend_G","Defend_G","Strike_G","Strike_G","Strike_G","Survivor","Neutralize","Envenom+1","Footwork","Crippling Poison","Blade Dance","Cloak And Dagger","Bullet Time","Deadly Poison","Dodge and Roll","Catalyst","Well Laid Plans","Night Terror","Catalyst","Noxious Fumes"],"relics":["Ring of the Snake","Smiling Mask","Blood Vial","Singing Bowl","Sozu"],"potions_floor_usage":[10,20],"damage_taken":[{"damage":0,"enemies":"Cultist","floor":1,"turns":5},{"damage":0,"enemies":"Small Slimes","floor":2,"turns":5},{"damage":11,"enemies":"Jaw Worm","floor":4,"turns":5},{"damage":8,"enemies":"Exordium Thugs","floor":5,"turns":6},{"damage":14,"enemies":"Lagavulin","floor":8,"turns":10},{"damage":6,"enemies":"Blue Slaver","floor":10,"turns":4},{"damage":13,"enemies":"3 Louse","floor":14,"turns":4},{"damage":39,"enemies":"Slime Boss","floor":16,"turns":18},{"damage":13,"enemies":"3 Byrds","floor":18,"turns":6},{"damage":0,"enemies":"Shell Parasite","floor":20,"turns":6},{"damage":42,"enemies":"Cultist and Chosen","floor":22,"turns":6}],"seed_played":"-7831052014443306364","potions_obtained":[{"floor":2,"key":"Swift Potion"},{"floor":4,"key":"FearPotion"},{"floor":8,"key":"SkillPotion"},{"floor":14,"key":"LiquidBronze"},{"floor":16,"key":"Block Potion"}],"is_trial":false,"path_per_floor":["$","?","?","?"],"character_chosen":"THE_SILENT","items_purchased":["Blade Dance","Catalyst","Well Laid Plans"],"campfire_rested":2,"item_purchase_floors":[3,12,12],"current_hp_per_floor":[63,63,63,52,44,44,33,19,19,15,36,36,36,27,48,11,57,46,33,35,35,0],"gold":119,"neow_bonus":"ONE_RANDOM_RARE_CARD","is_prod":false,"is_daily":false,"chose_seed":false,"campfire_upgraded":1,"win_rate":0,"timestamp":1555687615,"path_taken":["M","M","?","M","M","R","?","E","T","M","R","$","?","M","R","BOSS","M","?","M","$","M"],"build_version":"2019-01-23","purchased_purges":2,"victory":false,"max_hp_per_floor":[70,70,70,70,70,70,70,70,70,70,70,70,70,72,72,72,72,72,77,77,77,77],"card_choices":[{"not_picked":["Bane","Choke"],"picked":"Footwork","floor":1},{"not_picked":["Slice","Noxious Fumes"],"picked":"Crippling Poison","floor":2},{"not_picked":["Slice","Prepared"],"picked":"Cloak And Dagger","floor":4},{"not_picked":["Slice","Predator"],"picked":"Bullet Time","floor":5},{"not_picked":["Acrobatics","Quick Slash"],"picked":"Deadly Poison","floor":8},{"not_picked":["Dagger Throw","Flechettes"],"picked":"Dodge and Roll","floor":10},{"not_picked":["Eviscerate","Poisoned Stab","Finisher"],"picked":"Singing Bowl","floor":14},{"not_picked":["Venomology","Envenom"],"picked":"Night Terror","floor":16},{"not_picked":["Quick Slash","Acrobatics"],"picked":"Catalyst","floor":18},{"not_picked":["Choke","Skewer"],"picked":"Noxious Fumes","floor":20}],"player_experience":274426,"relics_obtained":[{"floor":8,"key":"Smiling Mask"},{"floor":9,"key":"Blood Vial"}],"event_choices":[{"damage_healed":0,"gold_gain":75,"player_choice":"Gather Gold","damage_taken":11,"max_hp_gain":0,"max_hp_loss":0,"event_name":"World of Goop","floor":7,"gold_loss":0},{"damage_healed":0,"gold_gain":0,"player_choice":"Gave Potion","damage_taken":0,"relics_obtained":["Singing Bowl"],"max_hp_gain":0,"max_hp_loss":0,"event_name":"WeMeetAgain","floor":13,"gold_loss":0},{"damage_healed":0,"gold_gain":0,"player_choice":"Shed Blood","damage_taken":18,"max_hp_gain":5,"max_hp_loss":0,"event_name":"Forgotten Altar","floor":19,"gold_loss":0}],"is_beta":false,"boss_relics":[{"not_picked":["Tiny House","White Beast Statue"],"picked":"Sozu"}],"items_purged_floors":[3,21],"is_endless":false,"potions_floor_spawned":[2,4,8,14,16],"killed_by":"Cultist and Chosen","ascension_level":8}