{"gold_per_floor":[114,125,125,143,156,187,187,215,215,215,230,246,396,268,268,342,342,361,276,276,294,244,244,269,282,282,282,298,82,114,114,114,190,190,201,601,601,619,632,632,651,661,661,94,94,108,108,108,108,108],"floor_reached":50,"playtime":2142,"items_purged":["Doubt","Strike_B"],"score":1059,"play_id":"64be0ab0-9c00-4efa-923c-c7f59eefe44b","local_time":"20181228171711","is_ascension_mode":true,"campfire_choices":[{"floor":7,"key":"REST"},{"data":"Hologram","floor":10,"key":"SMITH"},{"data":"Zap","floor":15,"key":"SMITH"},{"data":"Doom and Gloom","floor":23,"key":"SMITH"},{"data":"Loop","floor":27,"key":"SMITH"},{"data":"Glacier","floor":32,"key":"SMITH"},{"floor":40,"key":"RECALL"},{"floor":47,"key":"REST"},{"floor":49,"key":"REST"}],"neow_cost":"NONE","seed_source_timestamp":82857749887291,"circlet_count":0,"master_deck":["AscendersBane","Strike_B","Defend_B+1","Defend_B","Defend_B+1","Defend_B","Zap+1","Dualcast","Ball Lightning","Doom and Gloom+1","Self Repair","Hologram+1","Melter","Ball Lightning","Writhe","Cold Snap","Loop+1","Beam Cell+1","Glacier+1","Echo Form","BootSequence","Go for the Eyes+1","Static Discharge","Leap+1","Gash+1","Hologram+1","Apotheosis","Stack+1"],"relics":["Cracked Core","Ginger","Meat on the Bone","Du-Vu Doll","White Beast Statue","Torii","Letter Opener","Happy Flower","War Paint","ClockworkSouvenir","Unceasing Top","Fusion Hammer","Old Coin","Mercury Hourglass","Bag of Preparation"],"potions_floor_usage":[6,6,12,16,18,24,28,30,33,33,38,42,50,50,50],"damage_taken":[{"damage":14,"enemies":"Jaw Worm","floor":1,"turns":4},{"damage":0,"enemies":"Cultist","floor":2,"turns":2},{"damage":9,"enemies":"2 Louse","floor":4,"turns":3},{"damage":6,"enemies":"Looter","floor":5,"turns":4},{"damage":21,"enemies":"Gremlin Nob","floor":6,"turns":4},{"damage":45,"enemies":"3 Sentries","floor":8,"turns":7},{"damage":3,"enemies":"2 Fungi Beasts","floor":11,"turns":4},{"damage":6,"enemies":"Lots of Slimes","floor":12,"turns":2},{"damage":16,"enemies":"Slime Boss","floor":16,"turns":6},{"damage":27,"enemies":"Shell Parasite","floor":18,"turns":3},{"damage":0,"enemies":"Spheric Guardian","floor":21,"turns":2},{"damage":20,"enemies":"Slavers","floor":24,"turns":2},{"damage":17,"enemies":"Snake Plant","floor":25,"turns":3},{"damage":16,"enemies":"3 Cultists","floor":28,"turns":4},{"damage":23,"enemies":"Gremlin Leader","floor":30,"turns":5},{"damage":40,"enemies":"Champ","floor":33,"turns":11},{"damage":16,"enemies":"Orb Walker","floor":35,"turns":3},{"damage":4,"enemies":"Mind Bloom Boss Battle","floor":36,"turns":8},{"damage":17,"enemies":"3 Darklings","floor":38,"turns":5},{"damage":21,"enemies":"Jaw Worm Horde","floor":39,"turns":5},{"damage":22,"enemies":"Transient","floor":41,"turns":6},{"damage":26,"enemies":"Spire Growth","floor":42,"turns":5},{"damage":30,"enemies":"4 Shapes","floor":46,"turns":3},{"damage":73,"enemies":"Donu and Deca","floor":50,"turns":8}],"seed_played":"1053012837787035102","potions_obtained":[{"floor":0,"key":"Energy Potion"},{"floor":0,"key":"SpeedPotion"},{"floor":4,"key":"PowerPotion"},{"floor":11,"key":"Swift Potion"},{"floor":16,"key":"AttackPotion"},{"floor":18,"key":"PowerPotion"},{"floor":21,"key":"FocusPotion"},{"floor":24,"key":"Regen Potion"},{"floor":28,"key":"Ancient Potion"},{"floor":30,"key":"AttackPotion"},{"floor":33,"key":"LiquidBronze"},{"floor":35,"key":"Explosive Potion"},{"floor":36,"key":"AttackPotion"},{"floor":38,"key":"GamblersBrew"},{"floor":39,"key":"Swift Potion"},{"floor":42,"key":"GamblersBrew"},{"floor":46,"key":"AttackPotion"}],"is_trial":false,"path_per_floor":["M","M","?","M","M","E","R","E","T","R","M","M","?","$","R","B",null,"M","?","?","M","?","R","E","M","T","R","M","$","E","?","R","B",null,"M","?","?","M","M","R","M","M","T","$","?","M","R","?","R","B"],"character_chosen":"DEFECT","items_purchased":["Block Potion","ClockworkSouvenir","Apotheosis","Bag of Preparation","EntropicBrew"],"campfire_rested":3,"item_purchase_floors":[14,29,44,44,44],"current_hp_per_floor":[50,50,50,41,42,28,49,11,11,11,27,40,40,40,40,43,64,44,44,44,44,44,44,36,31,31,31,46,46,42,42,42,21,59,50,53,48,50,41,41,38,31,31,31,31,13,34,58,58,0],"gold":108,"neow_bonus":"THREE_SMALL_POTIONS","is_prod":false,"is_daily":false,"chose_seed":false,"campfire_upgraded":5,"win_rate":0,"timestamp":1546013831,"path_taken":["M","M","?","M","M","E","R","E","T","R","M","?","?","$","R","BOSS","M","?","?","M","?","R","E","?","T","R","M","$","E","?","R","BOSS","M","?","?","M","M","R","M","M","T","?","?","?","R","?","R","BOSS"],"build_version":"2018-12-20","purchased_purges":2,"victory":false,"max_hp_per_floor":[71,71,71,71,71,71,71,71,71,71,71,71,71,71,71,71,71,71,71,71,71,71,71,71,71,71,71,71,71,71,71,71,71,71,71,71,71,71,71,71,71,71,71,71,71,71,71,58,58,58],"card_choices":[{"not_picked":["Redo","Hologram"],"picked":"Ball Lightning","floor":1},{"not_picked":["Barrage","Streamline"],"picked":"Doom and Gloom","floor":2},{"not_picked":["Stack","Coolheaded"],"picked":"Self Repair","floor":4},{"not_picked":["Hello World","Amplify"],"picked":"Hologram","floor":5},{"not_picked":["Turbo","Recycle","Storm"],"picked":"SKIP","floor":6},{"not_picked":["Rebound","Thunder Strike"],"picked":"Melter","floor":8},{"not_picked":["Streamline","Chill","Turbo"],"picked":"SKIP","floor":11},{"not_picked":["Cold Snap","Reprogram","Turbo"],"picked":"SKIP","floor":12},{"not_picked":["Hologram+1","Barrage"],"picked":"Ball Lightning","floor":18},{"not_picked":["Turbo","Ball Lightning"],"picked":"Cold Snap","floor":21},{"not_picked":["Consume","Conserve Battery"],"picked":"Loop","floor":24},{"not_picked":["Gash","Reprogram"],"picked":"Beam Cell+1","floor":25},{"not_picked":["Beam Cell","Compile Driver","Genetic Algorithm"],"picked":"SKIP","floor":28},{"not_picked":["Melter","Stack+1"],"picked":"Glacier","floor":30},{"not_picked":["Creative AI","All For One"],"picked":"Echo Form","floor":33},{"not_picked":["Ball Lightning","Force Field"],"picked":"BootSequence","floor":35},{"not_picked":["Barrage","Reprogram"],"picked":"Go for the Eyes+1","floor":36},{"not_picked":["Beam Cell","Redo"],"picked":"Static Discharge","floor":38},{"not_picked":["Go for the Eyes+1","Thunder Strike"],"picked":"Leap+1","floor":39},{"not_picked":["Steam","Hello World"],"picked":"Gash+1","floor":41},{"not_picked":["Force Field+1","Coolheaded"],"picked":"Hologram+1","floor":42},{"not_picked":["Conserve Battery","Force Field"],"picked":"Stack+1","floor":46}],"player_experience":1056843,"relics_obtained":[{"floor":6,"key":"Ginger"},{"floor":8,"key":"Meat on the Bone"},{"floor":9,"key":"Du-Vu Doll"},{"floor":24,"key":"Happy Flower"},{"floor":26,"key":"War Paint"},{"floor":30,"key":"Unceasing Top"},{"floor":36,"key":"Old Coin"},{"floor":43,"key":"Mercury Hourglass"}],"event_choices":[{"cards_removed":["Strike_B"],"damage_healed":0,"gold_gain":0,"player_choice":"Offered Basic","damage_taken":0,"max_hp_gain":0,"max_hp_loss":0,"event_name":"Bonfire Elementals","floor":3,"gold_loss":0},{"damage_healed":0,"gold_gain":150,"player_choice":"AGREE","damage_taken":0,"max_hp_gain":0,"max_hp_loss":0,"event_name":"Liars Game","floor":13,"gold_loss":0,"cards_obtained":["Doubt"]},{"damage_healed":0,"gold_gain":0,"player_choice":"Obtained Relic","damage_taken":0,"relics_obtained":["Torii"],"max_hp_gain":0,"max_hp_loss":0,"event_name":"Addict","floor":19,"gold_loss":85},{"damage_healed":0,"gold_gain":0,"player_choice":"Opened","damage_taken":0,"relics_obtained":["Letter Opener"],"max_hp_gain":0,"max_hp_loss":0,"event_name":"The Mausoleum","floor":20,"gold_loss":0,"cards_obtained":["Writhe"]},{"damage_healed":0,"gold_gain":0,"player_choice":"Bet on Owner","damage_taken":0,"max_hp_gain":0,"max_hp_loss":0,"event_name":"The Joust","floor":22,"gold_loss":50},{"damage_healed":0,"gold_gain":0,"player_choice":"Ignored","damage_taken":0,"max_hp_gain":0,"max_hp_loss":0,"event_name":"Ghosts","floor":31,"gold_loss":0},{"damage_healed":0,"gold_gain":0,"player_choice":"Fight","damage_taken":0,"max_hp_gain":0,"max_hp_loss":0,"event_name":"MindBloom","floor":36,"gold_loss":0},{"damage_healed":0,"gold_gain":0,"player_choice":"Memory 2","damage_taken":5,"max_hp_gain":0,"max_hp_loss":0,"event_name":"SensoryStone","floor":37,"gold_loss":0},{"cards_removed":["Strike_B"],"damage_healed":0,"gold_gain":0,"player_choice":"Purged","damage_taken":0,"max_hp_gain":0,"max_hp_loss":0,"event_name":"Purifier","floor":45,"gold_loss":0},{"damage_healed":58,"gold_gain":0,"player_choice":"Heal","damage_taken":0,"max_hp_gain":0,"max_hp_loss":13,"event_name":"The Moai Head","floor":48,"gold_loss":0}],"is_beta":false,"boss_relics":[{"not_picked":["Velvet Choker","Tiny House"],"picked":"White Beast Statue"},{"not_picked":["Calling Bell","Pandora\u0027s Box"],"picked":"Fusion Hammer"}],"items_purged_floors":[14,44],"is_endless":false,"potions_floor_spawned":[1,4,11,16,18,21,24,25,28,30,33,35,36,38,39,41,42,46],"killed_by":"Donu and Deca","ascension_level":20}