{"gold_per_floor":[114,114,114,114,114,152,152,152,152,190,228,228,28,28,28,28],"floor_reached":16,"playtime":336,"items_purged":[],"score":112,"play_id":"292afe7d-3eb3-4f49-b6a3-9158909c1a02","local_time":"20190421223523","daily_mods":["Chimera","Flight","Elite Swarm"],"is_ascension_mode":false,"campfire_choices":[{"data":"Burst","floor":7,"key":"SMITH"},{"data":"Blade Dance","floor":8,"key":"SMITH"},{"data":"Glass Knife","floor":12,"key":"SMITH"},{"floor":15,"key":"REST"}],"neow_cost":"","seed_source_timestamp":0,"circlet_count":0,"master_deck":["Bash","Survivor","Zap+1","Strike_R","Strike_G","Strike_B","Defend_R","Defend_G","Defend_B","Blade Dance+1","Burst+1","Burst+1","Glass Knife+1"],"special_seed":18008,"relics":["Ring of the Snake","Golden Idol","Snake Skull","PreservedInsect","Art of War","Boot","Membership Card"],"potions_floor_usage":[10,11],"damage_taken":[{"damage":0,"enemies":"Jaw Worm","floor":1,"turns":7},{"damage":27,"enemies":"Gremlin Nob","floor":6,"turns":5},{"damage":2,"enemies":"3 Sentries","floor":10,"turns":6},{"damage":8,"enemies":"Lagavulin","floor":11,"turns":3},{"damage":0,"enemies":"The Guardian","floor":16,"turns":3}],"seed_played":"-8235107950217577772","potions_obtained":[{"floor":1,"key":"Dexterity Potion"},{"floor":10,"key":"Weak Potion"}],"is_trial":false,"path_per_floor":["M","$","$","?","?","E","R","R","T","E","E","R","$","?","R","B"],"character_chosen":"THE_SILENT","items_purchased":["Membership Card"],"campfire_rested":1,"item_purchase_floors":[13],"current_hp_per_floor":[70,70,70,70,53,26,26,26,26,24,16,16,16,16,37,37],"gold":28,"neow_bonus":"","is_prod":false,"is_daily":true,"chose_seed":false,"campfire_upgraded":3,"win_rate":0,"timestamp":1555911323,"path_taken":["M","$","$","?","?","E","R","R","T","E","E","R","$","?","R","BOSS"],"build_version":"2019-01-23","purchased_purges":0,"victory":false,"max_hp_per_floor":[70,70,70,70,70,70,70,70,70,70,70,70,70,70,70,70],"card_choices":[{"not_picked":["Eviscerate","Dodge and Roll"],"picked":"Blade Dance","floor":1},{"not_picked":["Envenom","Tools of the Trade"],"picked":"Burst","floor":6},{"not_picked":["Corpse Explosion","Unload"],"picked":"Burst","floor":10},{"not_picked":["Wraith Form v2","Bullet Time"],"picked":"Glass Knife","floor":11}],"player_experience":935908,"relics_obtained":[{"floor":6,"key":"Snake Skull"},{"floor":9,"key":"PreservedInsect"},{"floor":10,"key":"Art of War"},{"floor":11,"key":"Boot"}],"event_choices":[{"damage_healed":0,"gold_gain":0,"player_choice":"Grow","damage_taken":0,"max_hp_gain":0,"max_hp_loss":0,"event_name":"Living Wall","floor":4,"gold_loss":0,"cards_upgraded":["Zap"]},{"damage_healed":0,"gold_gain":0,"player_choice":"Take Damage","damage_taken":17,"relics_obtained":["Golden Idol"],"max_hp_gain":0,"max_hp_loss":0,"event_name":"Golden Idol","floor":5,"gold_loss":0},{"damage_healed":0,"gold_gain":0,"player_choice":"Forge","damage_taken":0,"max_hp_gain":0,"max_hp_loss":0,"event_name":"Accursed Blacksmith","floor":14,"gold_loss":0,"cards_upgraded":["Burst"]}],"is_beta":false,"boss_relics":[],"items_purged_floors":[],"is_endless":false,"potions_floor_spawned":[1,10],"killed_by":"The Guardian","ascension_level":0}