{"gold_per_floor":[218,49,64,82,92,92,108,108,154,183,183,183,22,22,22,22],"floor_reached":16,"playtime":487,"items_purged":[],"score":200,"play_id":"8301ef52-cd71-45cf-b8ee-f2a81b7983ca","local_time":"20190409134030","is_ascension_mode":true,"campfire_choices":[{"data":"Dagger Spray","floor":6,"key":"SMITH"},{"data":"Neutralize","floor":8,"key":"SMITH"},{"floor":15,"key":"REST"}],"neow_cost":"NONE","seed_source_timestamp":0,"circlet_count":0,"master_deck":["AscendersBane","Defend_G","Defend_G","Defend_G","Defend_G","Defend_G","Strike_G","Strike_G","Strike_G","Strike_G","Strike_G","Survivor","Neutralize+1","Dagger Spray+1","Well Laid Plans","Deadly Poison+1","Parasite","Adrenaline"],"special_seed":0,"relics":["Ring of the Snake","PreservedInsect","Centennial Puzzle","Frozen Egg 2","Vajra"],"potions_floor_usage":[10,16],"damage_taken":[{"damage":1.0,"enemies":"Jaw Worm","floor":1.0,"turns":6.0},{"damage":0.0,"enemies":"2 Louse","floor":3.0,"turns":4.0},{"damage":4.0,"enemies":"Small Slimes","floor":4.0,"turns":4.0},{"damage":44,"enemies":"Gremlin Gang","floor":5,"turns":4},{"damage":0,"enemies":"Looter","floor":7,"turns":4},{"damage":5,"enemies":"Lagavulin","floor":10,"turns":5},{"damage":40,"enemies":"Slime Boss","floor":16,"turns":10}],"seed_played":"8642509592380519994","potions_obtained":[{"floor":5,"key":"Poison Potion"},{"floor":10,"key":"Dexterity Potion"}],"is_trial":false,"path_per_floor":["M","$","M","M","M","R","M","R","T","E","?","?","$","?","R","B"],"character_chosen":"THE_SILENT","items_purchased":["PreservedInsect","Adrenaline"],"campfire_rested":1,"item_purchase_floors":[2,13],"current_hp_per_floor":[58,58,58,54,10,10,10,10,10,5,21,16,16,16,35,0],"gold":22,"neow_bonus":"HUNDRED_GOLD","is_prod":false,"is_daily":false,"chose_seed":false,"campfire_upgraded":2,"win_rate":0,"timestamp":1554810030,"path_taken":["M","$","M","M","M","R","M","R","T","E","?","?","$","?","R","BOSS"],"build_version":"2019-01-23","purchased_purges":0,"victory":false,"max_hp_per_floor":[66,66,66,66,66,66,66,66,66,66,66,66,66,66,66,66],"card_choices":[{"not_picked":["Skewer","Outmaneuver"],"picked":"Dagger Spray","floor":1.0},{"not_picked":["Accuracy","Slice"],"picked":"Well Laid Plans","floor":3.0},{"not_picked":["Dodge and Roll","Riddle With Holes","All Out Attack"],"picked":"SKIP","floor":4.0},{"not_picked":["Choke","Acrobatics","Blade Dance"],"picked":"SKIP","floor":5},{"not_picked":["Infinite Blades","Outmaneuver","Acrobatics"],"picked":"SKIP","floor":7},{"not_picked":["Deflect","Outmaneuver"],"picked":"Deadly Poison","floor":10}],"player_experience":1428031,"relics_obtained":[{"floor":9,"key":"Centennial Puzzle"},{"floor":10,"key":"Frozen Egg 2"}],"event_choices":[{"damage_healed":16,"gold_gain":0,"player_choice":"Healed and dodged fight","damage_taken":0,"max_hp_gain":0,"max_hp_loss":0,"event_name":"Mushrooms","floor":11,"gold_loss":0,"cards_obtained":["Parasite"]},{"damage_healed":0,"gold_gain":0,"player_choice":"Success","damage_taken":5,"relics_obtained":["Vajra"],"max_hp_gain":0,"max_hp_loss":0,"event_name":"Scrap Ooze","floor":12,"gold_loss":0},{"damage_healed":0,"gold_gain":0,"player_choice":"Forge","damage_taken":0,"max_hp_gain":0,"max_hp_loss":0,"event_name":"Accursed Blacksmith","floor":14,"gold_loss":0,"cards_upgraded":["Deadly Poison"]}],"is_beta":false,"boss_relics":[],"items_purged_floors":[],"is_endless":false,"potions_floor_spawned":[5,10],"killed_by":"Slime Boss","ascension_level":20}