{"gold_per_floor":[119,21,21,21,37,76,101,101,101,101,125,165,181,205,205,301,301,301,201,201,201,201,201,201,201,201,201,201],"floor_reached":28,"playtime":1103,"items_purged":["Decay","Strike_R"],"score":438,"play_id":"31d26c83-84cb-424c-a524-ca1741155c2d","local_time":"20190429035409","is_ascension_mode":true,"campfire_choices":[{"floor":8,"key":"REST"},{"data":"Bash","floor":10,"key":"SMITH"},{"data":"Carnage","floor":15,"key":"SMITH"},{"floor":25,"key":"REST"}],"neow_cost":"CURSE","seed_source_timestamp":15156400778834,"circlet_count":0,"master_deck":["AscendersBane","Strike_R","Strike_R","Strike_R","Strike_R","Defend_R","Defend_R+1","Defend_R","Defend_R+1","Bash+1","Double Tap+1","Sword Boomerang+1","Shrug It Off+1","Iron Wave","Headbutt","Pummel","Metallicize+1","Carnage+1","Barricade+1","Shrug It Off","True Grit","Inflame+1"],"relics":["Burning Blood","Golden Idol","Ice Cream","Frozen Egg 2","War Paint","Ectoplasm","WingedGreaves","Old Coin"],"potions_floor_usage":[12,13,23],"damage_taken":[{"damage":11,"enemies":"Jaw Worm","floor":1,"turns":4},{"damage":8,"enemies":"2 Louse","floor":5,"turns":3},{"damage":34,"enemies":"Gremlin Nob","floor":6,"turns":4},{"damage":0,"enemies":"Cultist","floor":7,"turns":2},{"damage":9,"enemies":"3 Louse","floor":11,"turns":4},{"damage":26,"enemies":"3 Sentries","floor":12,"turns":10},{"damage":5,"enemies":"Gremlin Gang","floor":13,"turns":4},{"damage":6,"enemies":"Exordium Thugs","floor":14,"turns":3},{"damage":8,"enemies":"The Guardian","floor":16,"turns":11},{"damage":7,"enemies":"Chosen","floor":18,"turns":6},{"damage":0,"enemies":"Spheric Guardian","floor":21,"turns":4},{"damage":1,"enemies":"Snecko","floor":22,"turns":6},{"damage":61,"enemies":"Slavers","floor":23,"turns":11},{"damage":14,"enemies":"Centurion and Healer","floor":27,"turns":5},{"damage":2,"enemies":"Gremlin Leader","floor":28,"turns":2}],"seed_played":"-4171793798765656936","potions_obtained":[{"floor":7,"key":"BloodPotion"},{"floor":11,"key":"Regen Potion"},{"floor":12,"key":"SteroidPotion"},{"floor":14,"key":"Strength Potion"}],"is_trial":false,"path_per_floor":["M","$","?","?","M","E","M","R","T","R","M","E","M","M","R","B",null,"M","$","?","M","M","E","?","R","T","M","E"],"character_chosen":"IRONCLAD","items_purchased":["Shrug It Off"],"campfire_rested":2,"item_purchase_floors":[2],"current_hp_per_floor":[63,63,63,43,41,13,19,39,39,39,36,30,31,31,31,29,58,57,57,57,63,68,19,19,39,39,31,29],"gold":201,"neow_bonus":"THREE_RARE_CARDS","is_prod":false,"is_daily":false,"chose_seed":false,"campfire_upgraded":2,"win_rate":0,"timestamp":1556520849,"path_taken":["M","$","?","?","M","E","M","R","T","R","M","E","?","M","R","BOSS","M","$","?","M","?","E","?","R","T","M","E"],"build_version":"2019-01-23","purchased_purges":2,"victory":false,"max_hp_per_floor":[75,75,68,68,68,68,68,68,68,68,68,68,68,68,68,68,68,68,68,68,68,68,68,68,68,68,68,68],"card_choices":[{"not_picked":["Berserk","Dark Embrace"],"picked":"Double Tap","floor":0},{"not_picked":["Power Through","Armaments"],"picked":"Sword Boomerang","floor":1},{"not_picked":["Power Through","Infernal Blade"],"picked":"Iron Wave","floor":5},{"not_picked":["Wild Strike","Searing Blow"],"picked":"Headbutt","floor":6},{"not_picked":["Infernal Blade","Havoc"],"picked":"Pummel","floor":7},{"not_picked":["Bloodletting","Ghostly Armor","Havoc"],"picked":"SKIP","floor":11},{"not_picked":["Iron Wave","Shockwave"],"picked":"Metallicize+1","floor":12},{"not_picked":["Clash","Battle Trance"],"picked":"Carnage","floor":13},{"not_picked":["Sever Soul","Sentinel"],"picked":"Barricade+1","floor":14},{"not_picked":["Intimidate","Iron Wave"],"picked":"Shrug It Off","floor":18},{"not_picked":["Burning Pact","Searing Blow"],"picked":"True Grit","floor":21},{"not_picked":["Burning Pact","Dropkick"],"picked":"Inflame+1","floor":22},{"not_picked":["Clothesline","Heavy Blade","Burning Pact"],"picked":"SKIP","floor":23},{"not_picked":["Uppercut","Power Through","Flex+1"],"picked":"SKIP","floor":27}],"player_experience":785100,"relics_obtained":[{"floor":6,"key":"Ice Cream"},{"floor":9,"key":"Frozen Egg 2"},{"floor":12,"key":"War Paint"},{"floor":23,"key":"WingedGreaves"},{"floor":26,"key":"Old Coin"}],"event_choices":[{"damage_healed":0,"gold_gain":0,"player_choice":"Lose Max HP","damage_taken":0,"relics_obtained":["Golden Idol"],"max_hp_gain":0,"max_hp_loss":7,"event_name":"Golden Idol","floor":3,"gold_loss":0},{"damage_healed":0,"gold_gain":0,"player_choice":"Entered Light","damage_taken":20,"max_hp_gain":0,"max_hp_loss":0,"event_name":"Shining Light","floor":4,"gold_loss":0,"cards_upgraded":["Sword Boomerang","Defend_R"]},{"damage_healed":0,"gold_gain":0,"player_choice":"Upgraded","damage_taken":0,"max_hp_gain":0,"max_hp_loss":0,"event_name":"Upgrade Shrine","floor":20,"gold_loss":0,"cards_upgraded":["Double Tap"]},{"damage_healed":0,"gold_gain":50,"player_choice":"Pray","damage_taken":0,"max_hp_gain":0,"max_hp_loss":0,"event_name":"Golden Shrine","floor":24,"gold_loss":0}],"is_beta":false,"boss_relics":[{"not_picked":["Calling Bell","Runic Cube"],"picked":"Ectoplasm"}],"items_purged_floors":[2,19],"is_endless":false,"potions_floor_spawned":[7,11,12,14,21,22],"killed_by":"Gremlin Leader","ascension_level":15}