{"path_per_floor":["M","?","M","$","?","R","?","R","T","M","M","M","E","M","R","B",null,"M","?","M","?","?","M"],"character_chosen":"DEFECT","items_purchased":[],"gold_per_floor":[110,110,123,48,48,48,123,123,123,138,153,177,211,230,230,356,356,370,370,385,385,385,403,403],"floor_reached":24,"campfire_rested":1,"playtime":2381,"item_purchase_floors":[],"current_hp_per_floor":[68,50,54,54,54,54,43,43,43,50,55,52,57,51,73,54,75,54,5,3,3,3,32,0],"items_purged":["Strike_B"],"gold":403,"score":263,"play_id":"d06df290-488a-42e3-86f5-c94cf820c8f5","local_time":"20180622220939","is_prod":false,"is_daily":false,"chose_seed":false,"is_ascension_mode":true,"campfire_upgraded":2,"win_rate":0,"timestamp":1529719779,"campfire_choices":[{"data":"Zap","floor":6,"key":"SMITH"},{"data":"Self Repair","floor":8,"key":"SMITH"},{"floor":15,"key":"REST"}],"path_taken":["M","?","M","$","?","R","?","R","T","M","M","M","E","M","R","BOSS","M","?","M","?","?","M","E"],"build_version":"2018-06-21","seed_source_timestamp":748417624449436,"purchased_purges":1,"circlet_count":0,"victory":false,"master_deck":["Strike_B","Strike_B","Strike_B","Defend_B","Defend_B","Defend_B","Defend_B","Zap+1","Dualcast","Thunder Strike","Self Repair+1","Coolheaded","Regret","Sunder","Hologram","Biased Cognition","Fusion","Echo Form","Sunder","Finesse","Bandage Up","Swift Strike","Jack Of All Trades","Swift Strike","Dramatic Entrance","Ghostly","Ghostly","Ghostly","Ghostly","Ghostly"],"max_hp_per_floor":[75,75,75,75,75,75,75,75,75,75,75,75,75,75,75,75,75,75,75,75,75,37,37,37],"relics":["Cracked Core","Golden Idol","Pen Nib","Ice Cream","Ancient Tea Set","Lizard Tail"],"card_choices":[{"not_picked":["Doom and Gloom","Redo"],"picked":"Self Repair","floor":1},{"not_picked":["Barrage","Conserve Battery"],"picked":"Coolheaded","floor":3},{"not_picked":["Leap","Streamline"],"picked":"Sunder","floor":10},{"not_picked":["Sweeping Beam","Barrage"],"picked":"Hologram","floor":11},{"not_picked":["Streamline","Tempest"],"picked":"Biased Cognition","floor":12},{"not_picked":["Lockon","Steam","Thunder Strike"],"picked":"SKIP","floor":13},{"not_picked":["Turbo","Sweeping Beam"],"picked":"Fusion","floor":14},{"not_picked":["Creative AI","Hyperbeam"],"picked":"Echo Form","floor":16},{"not_picked":["Hologram+1","Coolheaded"],"picked":"Sunder","floor":18},{"not_picked":["Undo","Gash","Leap"],"picked":"SKIP","floor":20},{"not_picked":["Melter+1","Ball Lightning","Barrage"],"picked":"SKIP","floor":23}],"player_experience":545372,"potions_floor_usage":[13,13,18,20,23],"damage_taken":[{"damage":7,"enemies":"Small Slimes","floor":1,"turns":3},{"damage":3,"enemies":"2 Louse","floor":3,"turns":2},{"damage":3,"enemies":"Jaw Worm","floor":10,"turns":3},{"damage":5,"enemies":"2 Fungi Beasts","floor":11,"turns":3},{"damage":3,"enemies":"Exordium Wildlife","floor":12,"turns":2},{"damage":5,"enemies":"Lagavulin","floor":13,"turns":6},{"damage":6,"enemies":"Looter","floor":14,"turns":2},{"damage":29,"enemies":"The Guardian","floor":16,"turns":10},{"damage":41,"enemies":"3 Byrds","floor":18,"turns":4},{"damage":6,"enemies":"Spheric Guardian","floor":20,"turns":3},{"damage":3,"enemies":"Snecko","floor":23,"turns":6},{"damage":38,"enemies":"Book of Stabbing","floor":24,"turns":5}],"relics_obtained":[{"floor":9,"key":"Ice Cream"},{"floor":13,"key":"Ancient Tea Set"}],"event_choices":[{"event_name":"Golden Idol","player_choice":"Take Damage","floor":2,"damage_taken":0},{"event_name":"Big Fish","player_choice":"Box","floor":5,"damage_taken":0},{"event_name":"World of Goop","player_choice":"Gather Gold","floor":7,"damage_taken":0},{"event_name":"Knowing Skull","player_choice":"CARD CARD CARD CARD CARD CARD ","floor":19,"damage_taken":0},{"event_name":"Cursed Tome","player_choice":"Ignored","floor":21,"damage_taken":0},{"event_name":"Ghosts","player_choice":"Became a Ghost","floor":22,"damage_taken":0}],"boss_relics":[{"not_picked":["Calling Bell","Eternal Feather"],"picked":"Lizard Tail"}],"items_purged_floors":[4],"is_endless":false,"potions_floor_spawned":[1,11,12,14,20],"seed_played":"2521008691119236230","killed_by":"Book of Stabbing","ascension_level":4,"potions_obtained":[{"floor":1,"key":"Block Potion"},{"floor":11,"key":"Energy Potion"},{"floor":12,"key":"Weak Potion"},{"floor":14,"key":"Energy Potion"},{"floor":20,"key":"SkillPotion"}],"is_trial":false}