{"gold_per_floor":[366,380,394,394,409,443,456,467,493,493,493,503,503,50,50,148,148,166,133,43,143,143,168,168,267,290,290,305,332,344,344,344,440,440,450,243,343,129,149,168,200,200,271,271,271,286,319,336,336,336],"floor_reached":50,"playtime":10254,"items_purged":[],"score":834,"play_id":"07d50b96-f7fe-412a-8420-8bc5c4deb853","local_time":"20190331155133","is_ascension_mode":true,"campfire_choices":[{"data":"Body Slam","floor":10,"key":"SMITH"},{"data":"True Grit","floor":15,"key":"SMITH"},{"data":"Uppercut","floor":24,"key":"SMITH"},{"floor":27,"key":"REST"},{"floor":32,"key":"REST"},{"data":"Sword Boomerang","floor":42,"key":"SMITH"},{"data":"True Grit","floor":45,"key":"SMITH"},{"floor":49,"key":"REST"}],"neow_cost":"PERCENT_DAMAGE","seed_source_timestamp":1933774201227,"circlet_count":0,"master_deck":["Strike_R+1","Strike_R+1","Strike_R+1","Strike_R+1","Defend_R+1","Defend_R+1","Defend_R+1","Defend_R+1","Headbutt","Shrug It Off","Body Slam+1","Iron Wave","Evolve","Impervious","True Grit+1","Armaments","Inflame","Pommel Strike","Impervious","Disarm","Uppercut+1","Pummel","True Grit+1","Spot Weakness","Clothesline","Shrug It Off+1","Sentinel","Cleave+1","Disarm","Secret Technique","Sword Boomerang+1","Heavy Blade+1","Sentinel","Seeing Red+1","Armaments+1","True Grit+1"],"relics":["Black Blood","Red Skull","Strawberry","Pear","Sozu","FossilizedHelix","Darkstone Periapt","Calipers","Oddly Smooth Stone","Juzu Bracelet","Lee\u0027s Waffle","Incense Burner","Happy Flower","Shuriken","The Courier"],"potions_floor_usage":[6,33,35,41],"damage_taken":[{"damage":5,"enemies":"Small Slimes","floor":1,"turns":3},{"damage":8,"enemies":"Jaw Worm","floor":2,"turns":5},{"damage":1,"enemies":"Cultist","floor":3,"turns":3},{"damage":3,"enemies":"3 Louse","floor":5,"turns":6},{"damage":34,"enemies":"Gremlin Nob","floor":6,"turns":5},{"damage":8,"enemies":"Large Slime","floor":7,"turns":5},{"damage":3,"enemies":"Blue Slaver","floor":8,"turns":3},{"damage":8,"enemies":"3 Louse","floor":12,"turns":4},{"damage":56,"enemies":"Hexaghost","floor":16,"turns":15},{"damage":5,"enemies":"3 Byrds","floor":18,"turns":8},{"damage":21,"enemies":"2 Thieves","floor":19,"turns":5},{"damage":11,"enemies":"Colosseum Slavers","floor":21,"turns":5},{"damage":22,"enemies":"Colosseum Nobs","floor":21,"turns":6},{"damage":7,"enemies":"Book of Stabbing","floor":23,"turns":8},{"damage":5,"enemies":"Snake Plant","floor":28,"turns":4},{"damage":56,"enemies":"Slavers","floor":29,"turns":9},{"damage":0,"enemies":"Centurion and Healer","floor":30,"turns":5},{"damage":58,"enemies":"Collector","floor":33,"turns":13},{"damage":28,"enemies":"3 Darklings","floor":35,"turns":10},{"damage":0,"enemies":"Mind Bloom Boss Battle","floor":37,"turns":9},{"damage":0,"enemies":"Orb Walker","floor":39,"turns":4},{"damage":0,"enemies":"Transient","floor":40,"turns":5},{"damage":44,"enemies":"Reptomancer","floor":41,"turns":7},{"damage":29,"enemies":"Spire Growth","floor":46,"turns":8},{"damage":43,"enemies":"Giant Head","floor":47,"turns":10},{"damage":11,"enemies":"Sphere and 2 Shapes","floor":48,"turns":8},{"damage":53,"enemies":"Time Eater","floor":50,"turns":14}],"seed_played":"-8167314880348824401","potions_obtained":[{"floor":1,"key":"SkillPotion"},{"floor":5,"key":"Energy Potion"},{"floor":6,"key":"Swift Potion"},{"floor":12,"key":"Explosive Potion"}],"is_trial":false,"path_per_floor":["M","M","M","$","M","E","M","M","T","R","?","M","?","$","R","B",null,"M","M","$","?","$","E","R","?","T","R","M","E","M","?","R","B",null,"M","$","?","$","M","M","E","R","T","?","R","M","E","M","R","B"],"character_chosen":"IRONCLAD","items_purchased":["True Grit","Armaments","Inflame","Pommel Strike","Pear","Pummel","True Grit","Lee\u0027s Waffle","Secret Technique","Sword Boomerang"],"campfire_rested":3,"item_purchase_floors":[14,14,14,14,14,20,20,36,38,38],"current_hp_per_floor":[52,50,55,55,58,30,28,31,38,38,31,29,87,97,97,47,85,86,71,71,50,50,49,49,49,49,78,79,29,35,35,64,12,76,58,104,104,104,104,104,70,70,70,70,70,51,18,17,48,0],"gold":336,"neow_bonus":"TWO_FIFTY_GOLD","is_prod":false,"is_daily":false,"chose_seed":false,"campfire_upgraded":5,"win_rate":0,"timestamp":1554058293,"path_taken":["M","M","M","$","M","E","M","M","T","R","?","M","?","$","R","BOSS","M","M","$","?","$","E","R","?","T","R","M","E","M","?","R","BOSS","M","$","?","$","M","M","E","R","T","?","R","M","E","M","R","BOSS"],"build_version":"2019-01-23","purchased_purges":0,"victory":false,"max_hp_per_floor":[80,80,80,80,80,80,80,80,87,87,87,87,87,97,97,97,97,97,97,97,97,97,97,97,97,97,97,97,97,97,97,97,97,97,97,104,104,104,104,104,104,104,104,104,104,104,104,104,104,104],"card_choices":[{"not_picked":["Infernal Blade","Body Slam","Clash"],"picked":"SKIP","floor":1},{"not_picked":["Pommel Strike","Warcry"],"picked":"Headbutt","floor":2},{"not_picked":["Uppercut","Pommel Strike"],"picked":"Shrug It Off","floor":3},{"not_picked":["Thunderclap","Second Wind"],"picked":"Body Slam","floor":5},{"not_picked":["Sword Boomerang","Intimidate"],"picked":"Iron Wave","floor":6},{"not_picked":["Intimidate","True Grit"],"picked":"Evolve","floor":7},{"not_picked":["Headbutt","Thunderclap"],"picked":"Impervious","floor":8},{"not_picked":["Perfected Strike","Dual Wield","Rampage"],"picked":"SKIP","floor":12},{"not_picked":["Juggernaut","Feed"],"picked":"Impervious","floor":16},{"not_picked":["Clothesline","Anger"],"picked":"Disarm","floor":18},{"not_picked":["Intimidate","Havoc"],"picked":"Uppercut","floor":19},{"not_picked":["Sword Boomerang","True Grit"],"picked":"Spot Weakness","floor":21},{"not_picked":["Sever Soul","Burning Pact"],"picked":"Clothesline","floor":23},{"not_picked":["Cleave","Sentinel"],"picked":"Shrug It Off+1","floor":28},{"not_picked":["Thunderclap+1","Intimidate"],"picked":"Sentinel","floor":29},{"not_picked":["True Grit","Clash","Cleave"],"picked":"SKIP","floor":30},{"not_picked":["Warcry+1","Havoc"],"picked":"Cleave+1","floor":35},{"not_picked":["Heavy Blade+1","Combust+1"],"picked":"Disarm","floor":37},{"not_picked":["Twin Strike","Flex+1","Reckless Charge+1"],"picked":"SKIP","floor":39},{"not_picked":["Headbutt","Uppercut+1"],"picked":"Heavy Blade+1","floor":40},{"not_picked":["Feed","Infernal Blade"],"picked":"Sentinel","floor":41},{"not_picked":["Flex","Wild Strike"],"picked":"Seeing Red+1","floor":46},{"not_picked":["Headbutt+1","Bloodletting"],"picked":"Armaments+1","floor":47},{"not_picked":["Anger","Body Slam"],"picked":"True Grit+1","floor":48}],"player_experience":440727,"relics_obtained":[{"floor":6,"key":"Red Skull"},{"floor":9,"key":"Strawberry"},{"floor":21,"key":"FossilizedHelix"},{"floor":21,"key":"Darkstone Periapt"},{"floor":23,"key":"Calipers"},{"floor":26,"key":"Oddly Smooth Stone"},{"floor":29,"key":"Juzu Bracelet"},{"floor":37,"key":"Incense Burner"},{"floor":41,"key":"Happy Flower"},{"floor":43,"key":"Shuriken"},{"floor":47,"key":"The Courier"}],"event_choices":[{"cards_removed":["Strike_R"],"damage_healed":0,"gold_gain":0,"player_choice":"Card Removal","damage_taken":7,"max_hp_gain":0,"max_hp_loss":0,"event_name":"Golden Wing","floor":11,"gold_loss":0},{"damage_healed":58,"gold_gain":0,"player_choice":"Full Heal","damage_taken":0,"max_hp_gain":0,"max_hp_loss":0,"event_name":"Wheel of Change","floor":13,"gold_loss":0},{"damage_healed":0,"gold_gain":0,"player_choice":"Fight","damage_taken":0,"max_hp_gain":0,"max_hp_loss":0,"event_name":"Colosseum","floor":21,"gold_loss":0},{"damage_healed":0,"gold_gain":0,"player_choice":"Fought Nobs","damage_taken":0,"max_hp_gain":0,"max_hp_loss":0,"event_name":"Colosseum","floor":21,"gold_loss":0},{"damage_healed":0,"gold_gain":99,"player_choice":"Stole From Cult","damage_taken":0,"max_hp_gain":0,"max_hp_loss":0,"event_name":"Nest","floor":25,"gold_loss":0},{"damage_healed":0,"gold_gain":0,"player_choice":"Simplicity","damage_taken":0,"max_hp_gain":0,"max_hp_loss":0,"event_name":"Back to Basics","floor":31,"gold_loss":0,"cards_upgraded":["Strike_R","Strike_R","Strike_R","Strike_R","Defend_R","Defend_R","Defend_R","Defend_R"]},{"damage_healed":0,"gold_gain":0,"player_choice":"Fight","damage_taken":0,"max_hp_gain":0,"max_hp_loss":0,"event_name":"MindBloom","floor":37,"gold_loss":0},{"cards_removed":["Bash"],"damage_healed":0,"gold_gain":0,"player_choice":"Removed Attack","damage_taken":0,"max_hp_gain":0,"max_hp_loss":0,"event_name":"Falling","floor":44,"gold_loss":0}],"is_beta":false,"boss_relics":[{"not_picked":["Mark of Pain","Cursed Key"],"picked":"Sozu"},{"not_picked":["Runic Pyramid","Eternal Feather"],"picked":"Black Blood"}],"items_purged_floors":[],"is_endless":false,"potions_floor_spawned":[1,5,6,12,19,21,29,39,40,46,48],"killed_by":"Time Eater","ascension_level":8}