{"gold_per_floor":[115,129,139,157,122,122,157,181,181,181,209,209,209],"floor_reached":13,"playtime":548,"items_purged":[],"score":153,"play_id":"ed28d733-2929-47fd-b4b5-0c9377a7a6e5","local_time":"20190422144110","is_ascension_mode":true,"campfire_choices":[{"data":"Defragment","floor":6,"key":"SMITH"},{"floor":10,"key":"REST"}],"neow_cost":"NONE","seed_source_timestamp":10420211859009,"circlet_count":0,"master_deck":["AscendersBane","Strike_B","Strike_B","Strike_B","Strike_B","Defend_B+1","Defend_B","Defend_B","Defend_B","Zap","Dualcast","Undo+1","Genetic Algorithm","Defragment+1","Cold Snap","Consume","Reinforced Body"],"relics":["Cracked Core","Pocketwatch","Odd Mushroom","Blue Candle","Molten Egg 2","War Paint"],"potions_floor_usage":[1],"damage_taken":[{"damage":1,"enemies":"Cultist","floor":1,"turns":3},{"damage":11,"enemies":"Small Slimes","floor":2,"turns":4},{"damage":7,"enemies":"Jaw Worm","floor":3,"turns":4},{"damage":8,"enemies":"2 Fungi Beasts","floor":4,"turns":4},{"damage":29,"enemies":"3 Sentries","floor":7,"turns":9},{"damage":24,"enemies":"The Mushroom Lair","floor":8,"turns":6},{"damage":22,"enemies":"Gremlin Nob","floor":11,"turns":5},{"damage":9,"enemies":"Gremlin Gang","floor":13,"turns":1}],"seed_played":"-4857952613235320682","potions_obtained":[{"floor":0,"key":"SteroidPotion"},{"floor":0,"key":"Poison Potion"},{"floor":1,"key":"SteroidPotion"},{"floor":8,"key":"Strength Potion"}],"is_trial":false,"path_per_floor":["M","M","M","M","?","R","E","?","T","R","E","?","M"],"character_chosen":"DEFECT","items_purchased":[],"campfire_rested":1,"item_purchase_floors":[],"current_hp_per_floor":[67,56,49,41,59,59,30,6,6,28,6,6,0],"gold":209,"neow_bonus":"THREE_SMALL_POTIONS","is_prod":false,"is_daily":false,"chose_seed":false,"campfire_upgraded":1,"win_rate":0,"timestamp":1555954870,"path_taken":["M","M","M","?","?","R","E","?","T","R","E","?","M"],"build_version":"2019-01-23","purchased_purges":0,"victory":false,"max_hp_per_floor":[75,75,75,75,75,75,75,75,75,75,75,75,75],"card_choices":[{"not_picked":["Hologram","Go for the Eyes","Storm"],"picked":"SKIP","floor":1},{"not_picked":["Chill","Turbo"],"picked":"Undo","floor":2},{"not_picked":["Tempest","Go for the Eyes"],"picked":"Genetic Algorithm","floor":3},{"not_picked":["Recycle","Undo"],"picked":"Defragment","floor":4},{"not_picked":["BootSequence","Chaos"],"picked":"Cold Snap","floor":7},{"not_picked":["White Noise","Double Energy"],"picked":"Consume","floor":8},{"not_picked":["Redo","Scrape"],"picked":"Reinforced Body","floor":11}],"player_experience":719415,"relics_obtained":[{"floor":7,"key":"Pocketwatch"},{"floor":8,"key":"Odd Mushroom"},{"floor":9,"key":"Blue Candle"},{"floor":11,"key":"Molten Egg 2"}],"event_choices":[{"damage_healed":18,"gold_gain":0,"player_choice":"Healed","damage_taken":0,"max_hp_gain":0,"max_hp_loss":0,"event_name":"The Cleric","floor":5,"gold_loss":35},{"damage_healed":0,"gold_gain":0,"player_choice":"Fought Mushrooms","damage_taken":0,"max_hp_gain":0,"max_hp_loss":0,"event_name":"Mushrooms","floor":8,"gold_loss":0},{"damage_healed":0,"gold_gain":0,"player_choice":"Gave Potion","damage_taken":0,"relics_obtained":["War Paint"],"max_hp_gain":0,"max_hp_loss":0,"event_name":"WeMeetAgain","floor":12,"gold_loss":0}],"is_beta":false,"boss_relics":[],"items_purged_floors":[],"is_endless":false,"potions_floor_spawned":[1,2,8],"killed_by":"Gremlin Gang","ascension_level":13}