{"gold_per_floor":[369,444,455,83,98,98,130,130,156,181,191,222,222,242,242,321,321,333,184,184,194,39,39,54,54,125,145,145,177,177,177,177,255,255,270,370,388,388,403,438,438,448,475,475,181,214,61,76,76,76],"floor_reached":51,"playtime":2055,"items_purged":["Strike_R","Defend_R","Defend_R"],"score":1253,"play_id":"35284b89-5dc8-41ab-ab69-61807a1c88f7","local_time":"20190428134525","is_ascension_mode":true,"campfire_choices":[{"data":"Whirlwind","floor":6.0,"key":"SMITH"},{"data":"Flame Barrier","floor":13.0,"key":"SMITH"},{"data":"Disarm","floor":15.0,"key":"SMITH"},{"data":"RitualDagger","floor":23.0,"key":"SMITH"},{"data":"Rage","floor":25.0,"key":"SMITH"},{"data":"Bash","floor":28.0,"key":"SMITH"},{"data":"Immolate","floor":32,"key":"SMITH"},{"floor":41,"key":"REST"},{"data":"Flame Barrier","floor":44,"key":"SMITH"},{"data":"Dropkick","floor":49,"key":"SMITH"}],"neow_cost":"PERCENT_DAMAGE","seed_source_timestamp":451346496129800,"circlet_count":0,"master_deck":["AscendersBane","Strike_R","Defend_R","Defend_R","Bash+1","Whirlwind+1","Headbutt","Pommel Strike","Clothesline","Body Slam+1","Rage+1","Headbutt","Flame Barrier+1","Disarm+1","Immolate+1","Shockwave+1","Warcry+1","Uppercut+1","Rage+1","Shrug It Off","RitualDagger+1","Flame Barrier+1","Reaper","Thunderclap","Disarm","Dropkick+1","Flame Barrier","Thunderclap","Disarm","Dropkick+1"],"special_seed":0,"relics":["Burning Blood","Lee\u0027s Waffle","Bag of Preparation","Anchor","Blood Vial","Lantern","Astrolabe","Vajra","Gremlin Horn","Omamori","MutagenicStrength","Orichalcum","Cursed Key","Champion Belt","Magic Flower","Centennial Puzzle","Frozen Egg 2","Bag of Marbles"],"potions_floor_usage":[33,50,50],"damage_taken":[{"damage":7.0,"enemies":"Jaw Worm","floor":1.0,"turns":6.0},{"damage":0.0,"enemies":"Small Slimes","floor":3.0,"turns":2.0},{"damage":6.0,"enemies":"Cultist","floor":5.0,"turns":4.0},{"damage":26.0,"enemies":"Gremlin Nob","floor":7.0,"turns":4.0},{"damage":39.0,"enemies":"Lagavulin","floor":10.0,"turns":8.0},{"damage":1.0,"enemies":"Blue Slaver","floor":11.0,"turns":4.0},{"damage":5.0,"enemies":"3 Sentries","floor":12.0,"turns":5.0},{"damage":0.0,"enemies":"Looter","floor":14.0,"turns":1.0},{"damage":26.0,"enemies":"Hexaghost","floor":16.0,"turns":11.0},{"damage":8.0,"enemies":"2 Thieves","floor":18.0,"turns":3.0},{"damage":8.0,"enemies":"Spheric Guardian","floor":21.0,"turns":3.0},{"damage":0.0,"enemies":"3 Cultists","floor":24.0,"turns":4.0},{"damage":5.0,"enemies":"Centurion and Healer","floor":27.0,"turns":6.0},{"damage":4.0,"enemies":"Book of Stabbing","floor":29.0,"turns":6.0},{"damage":47,"enemies":"Collector","floor":33,"turns":11},{"damage":0,"enemies":"3 Shapes","floor":35,"turns":1},{"damage":0,"enemies":"Mind Bloom Boss Battle","floor":36,"turns":5},{"damage":0,"enemies":"3 Darklings","floor":37,"turns":1},{"damage":28,"enemies":"Spire Growth","floor":39,"turns":5},{"damage":30,"enemies":"Nemesis","floor":40,"turns":5},{"damage":5,"enemies":"Maw","floor":42,"turns":11},{"damage":7,"enemies":"Reptomancer","floor":46,"turns":3},{"damage":0,"enemies":"4 Shapes","floor":48,"turns":1},{"damage":66,"enemies":"Awakened One","floor":50,"turns":18}],"seed_played":"4585721890413580258","potions_obtained":[{"floor":5.0,"key":"Ancient Potion"},{"floor":14.0,"key":"Dexterity Potion"},{"floor":16.0,"key":"PowerPotion"},{"floor":35,"key":"EntropicBrew"},{"floor":46,"key":"Strength Potion"}],"is_trial":false,"path_per_floor":["M","?","M","$","M","R","E","?","T","E","M","E","R","M","R","B",null,"M","$","?","M","$","R","M","R","T","M","R","E","?","?","R","B",null,"M","?","M","?","M","E","R","M","T","R","$","E","$","M","R","B",null],"character_chosen":"IRONCLAD","items_purchased":["Lee\u0027s Waffle","Pommel Strike","Explosive Potion","Shrug It Off","Vajra","Flame Barrier","Thunderclap","Disarm","Bag of Marbles"],"campfire_rested":1,"item_purchase_floors":[4,4,4,19,22,45,45,45,47],"current_hp_per_floor":[49,38,44,82,82,82,62,62,62,29,36,39,39,47,47,29,69,69,69,63,63,63,63,71,71,71,74,74,78,78,78,78,39,71,79,82,82,82,60,38,62,80,80,80,80,82,82,82,82,40],"gold":76,"neow_bonus":"TWO_FIFTY_GOLD","is_prod":false,"is_daily":false,"chose_seed":false,"campfire_upgraded":9,"win_rate":0,"timestamp":1556451925,"path_taken":["M","?","M","$","M","R","E","?","T","E","?","E","R","M","R","BOSS","M","$","?","M","$","R","M","R","T","M","R","E","?","?","R","BOSS","M","?","M","?","?","E","R","M","T","R","$","E","$","M","R","BOSS"],"build_version":"2019-01-23","purchased_purges":3,"victory":true,"max_hp_per_floor":[75,75,75,82,82,82,82,82,82,82,82,82,82,82,82,82,82,82,82,82,82,82,82,82,82,82,82,82,82,82,82,82,82,82,82,82,82,82,82,82,82,82,82,82,82,82,82,82,82,82],"card_choices":[{"not_picked":["Body Slam","Hemokinesis"],"picked":"Whirlwind","floor":1.0},{"not_picked":["Twin Strike","Flex"],"picked":"Headbutt","floor":3.0},{"not_picked":["Brutality","Hemokinesis"],"picked":"Clothesline","floor":5.0},{"not_picked":["Warcry","Perfected Strike"],"picked":"Body Slam","floor":7.0},{"not_picked":["Clash","Hemokinesis"],"picked":"Rage","floor":10.0},{"not_picked":["Intimidate","Rupture"],"picked":"Headbutt","floor":11.0},{"not_picked":["Brutality","Ghostly Armor"],"picked":"Flame Barrier","floor":12.0},{"not_picked":["Armaments","Burning Pact"],"picked":"Disarm","floor":14.0},{"not_picked":["Brutality","Fiend Fire"],"picked":"Immolate","floor":16.0},{"not_picked":["Flex","Searing Blow"],"picked":"Rage+1","floor":18.0},{"not_picked":["True Grit","Reckless Charge","Wild Strike"],"picked":"SKIP","floor":21.0},{"not_picked":["Entrench","Heavy Blade","Clash"],"picked":"SKIP","floor":24.0},{"not_picked":["Uppercut","Entrench","Wild Strike"],"picked":"SKIP","floor":27.0},{"not_picked":["Sword Boomerang","Dropkick"],"picked":"Flame Barrier","floor":29.0},{"not_picked":["Impervious","Dark Embrace"],"picked":"Reaper","floor":33},{"not_picked":["Armaments","Heavy Blade","Clothesline+1"],"picked":"SKIP","floor":35},{"not_picked":["Second Wind","Flex+1"],"picked":"Thunderclap","floor":37},{"not_picked":["Clash+1","Power Through+1","Sentinel"],"picked":"SKIP","floor":39},{"not_picked":["Anger","Combust"],"picked":"Disarm","floor":40},{"not_picked":["Shockwave+1","Heavy Blade+1"],"picked":"Dropkick+1","floor":42},{"not_picked":["Fire Breathing","Perfected Strike"],"picked":"Dropkick","floor":46},{"not_picked":["Pommel Strike","Armaments+1","Sentinel"],"picked":"SKIP","floor":48}],"player_experience":643059,"relics_obtained":[{"floor":7.0,"key":"Bag of Preparation"},{"floor":9.0,"key":"Anchor"},{"floor":10.0,"key":"Blood Vial"},{"floor":12.0,"key":"Lantern"},{"floor":26.0,"key":"Gremlin Horn"},{"floor":29.0,"key":"Omamori"},{"floor":36,"key":"Champion Belt"},{"floor":40,"key":"Magic Flower"},{"floor":43,"key":"Centennial Puzzle"},{"floor":46,"key":"Frozen Egg 2"}],"event_choices":[{"damage_healed":0.0,"max_hp_gain":0.0,"max_hp_loss":0.0,"gold_gain":75.0,"event_name":"World of Goop","player_choice":"Gather Gold","floor":2.0,"gold_loss":0.0,"damage_taken":11.0},{"damage_healed":0.0,"max_hp_gain":0.0,"max_hp_loss":0.0,"gold_gain":0.0,"event_name":"Accursed Blacksmith","player_choice":"Forge","floor":8.0,"gold_loss":0.0,"damage_taken":0.0,"cards_upgraded":["Body Slam"]},{"damage_healed":0.0,"max_hp_gain":0.0,"max_hp_loss":0.0,"gold_gain":0.0,"event_name":"Nest","player_choice":"Joined the Cult","floor":20.0,"gold_loss":0.0,"damage_taken":6.0,"cards_obtained":["RitualDagger"]},{"damage_healed":0.0,"max_hp_gain":0.0,"max_hp_loss":0.0,"gold_gain":0.0,"event_name":"Drug Dealer","player_choice":"Inject Mutagens","floor":30.0,"gold_loss":0.0,"damage_taken":0.0,"relics_obtained":["MutagenicStrength"]},{"damage_healed":0,"gold_gain":0,"player_choice":"Stole Relic","damage_taken":0,"relics_obtained":["Orichalcum"],"max_hp_gain":0,"max_hp_loss":0,"event_name":"Addict","floor":31,"gold_loss":0,"cards_obtained":["Shame"]},{"damage_healed":0,"gold_gain":0,"player_choice":"Fight","damage_taken":0,"max_hp_gain":0,"max_hp_loss":0,"event_name":"MindBloom","floor":36,"gold_loss":0},{"damage_healed":0,"gold_gain":0,"player_choice":"0 cards matched","damage_taken":0,"max_hp_gain":0,"max_hp_loss":0,"event_name":"Match and Keep!","floor":38,"gold_loss":0,"cards_obtained":[]}],"is_beta":false,"boss_relics":[{"not_picked":["Calling Bell","Coffee Dripper"],"picked":"Astrolabe"},{"not_picked":["Runic Cube","Orrery"],"picked":"Cursed Key"}],"items_purged_floors":[4,19,45],"is_endless":false,"potions_floor_spawned":[5,10,11,14,16,27,29,35,37,42,46,48],"ascension_level":14}