{"gold_per_floor":[113,113,113,123,134,163,163,163,245,245,256,256,127,161,161,235,235,253,271,271,271,289,289,309,309,309,309,323,340,353,14,14,14],"floor_reached":33,"playtime":1123,"items_purged":["Strike_G"],"score":514,"play_id":"ce436d55-8222-4874-8059-c29ebb1543a2","local_time":"20190226133617","is_ascension_mode":true,"campfire_choices":[{"data":"Crippling Poison","floor":7,"key":"SMITH"},{"data":"Bouncing Flask","floor":10,"key":"SMITH"},{"data":"Poisoned Stab","floor":12,"key":"SMITH"},{"data":"Neutralize","floor":15,"key":"SMITH"},{"floor":23,"key":"RECALL"},{"floor":25,"key":"REST"},{"floor":27,"key":"REST"},{"floor":32,"key":"REST"}],"neow_cost":"NONE","seed_source_timestamp":446250147442546,"circlet_count":0,"master_deck":["AscendersBane","Defend_G","Defend_G+1","Defend_G+1","Defend_G","Defend_G","Strike_G","Strike_G","Strike_G","Strike_G","Survivor","Neutralize+1","Crippling Poison+1","Bane","Poisoned Stab+1","Bouncing Flask+1","Dagger Spray","Night Terror","Ghostly","Ghostly","Ghostly","Leg Sweep","Catalyst","Blur","Leg Sweep"],"relics":["Ring of the Snake","NeowsBlessing","GremlinMask","Singing Bowl","Happy Flower","Meat on the Bone","Bird Faced Urn","Fusion Hammer","Bottled Lightning","Snake Skull"],"potions_floor_usage":[6,6,6,6,16,22,33,33],"damage_taken":[{"damage":0,"enemies":"Jaw Worm","floor":1,"turns":1},{"damage":0,"enemies":"2 Louse","floor":4,"turns":1},{"damage":0,"enemies":"Cultist","floor":5,"turns":1},{"damage":13,"enemies":"Lagavulin","floor":6,"turns":8},{"damage":9,"enemies":"Exordium Thugs","floor":11,"turns":4},{"damage":25,"enemies":"3 Sentries","floor":14,"turns":8},{"damage":18,"enemies":"The Guardian","floor":16,"turns":9},{"damage":6,"enemies":"3 Byrds","floor":18,"turns":4},{"damage":0,"enemies":"Chosen","floor":19,"turns":4},{"damage":0,"enemies":"Snake Plant","floor":22,"turns":4},{"damage":3,"enemies":"Centurion and Healer","floor":24,"turns":9},{"damage":0,"enemies":"Snecko","floor":28,"turns":6},{"damage":3,"enemies":"Snake Plant","floor":29,"turns":6},{"damage":13,"enemies":"Shelled Parasite and Fungi","floor":30,"turns":6},{"damage":41,"enemies":"Collector","floor":33,"turns":7}],"seed_played":"7711749543365069778","potions_obtained":[{"floor":1,"key":"EssenceOfSteel"},{"floor":5,"key":"EntropicBrew"},{"floor":14,"key":"SkillPotion"},{"floor":16,"key":"Swift Potion"},{"floor":18,"key":"GamblersBrew"},{"floor":22,"key":"Fire Potion"},{"floor":24,"key":"Poison Potion"},{"floor":29,"key":"AttackPotion"}],"is_trial":false,"path_per_floor":["M","?","?","M","M","E","R","T","T","R","M","R","$","E","R","B",null,"M","M","?","?","M","R","M","R","T","R","M","M","M","$","R","B"],"character_chosen":"THE_SILENT","items_purchased":["Dagger Spray","Snake Skull","Blur","Leg Sweep"],"campfire_rested":3,"item_purchase_floors":[13,31,31,31],"current_hp_per_floor":[59,39,39,39,39,26,26,26,26,26,31,31,31,20,20,14,56,52,54,54,37,37,37,36,39,39,39,41,40,27,27,39,0],"gold":14,"neow_bonus":"THREE_ENEMY_KILL","is_prod":false,"is_daily":false,"chose_seed":false,"campfire_upgraded":4,"win_rate":0,"timestamp":1551184577,"path_taken":["M","?","?","M","?","E","R","?","T","R","?","R","?","E","R","BOSS","M","M","?","?","M","R","M","R","T","R","M","M","M","$","R","BOSS"],"build_version":"2019-01-23","purchased_purges":1,"victory":false,"max_hp_per_floor":[66,66,66,66,66,66,66,66,66,66,68,68,68,70,70,70,70,72,74,74,37,37,37,39,39,39,39,41,43,43,43,43,43],"card_choices":[{"not_picked":["Flechettes","Distraction"],"picked":"Crippling Poison","floor":1},{"not_picked":["Slice","Predator"],"picked":"Bane","floor":4},{"not_picked":["Finisher","Backstab"],"picked":"Poisoned Stab","floor":5},{"not_picked":["Poisoned Stab","Quick Slash"],"picked":"Bouncing Flask","floor":6},{"not_picked":["Accuracy","Dagger Throw","Terror"],"picked":"Singing Bowl","floor":11},{"not_picked":["Masterful Stab","Sucker Punch","Poisoned Stab"],"picked":"Singing Bowl","floor":14},{"not_picked":["Tools of the Trade","Grand Finale"],"picked":"Night Terror","floor":16},{"not_picked":["Choke","Underhanded Strike","Expertise"],"picked":"Singing Bowl","floor":18},{"not_picked":["Cloak And Dagger","Sucker Punch","Blade Dance"],"picked":"Singing Bowl","floor":19},{"not_picked":["Bane","Eviscerate"],"picked":"Leg Sweep","floor":22},{"not_picked":["Deadly Poison","Finisher","Choke+1"],"picked":"Singing Bowl","floor":24},{"not_picked":["Deflect","Dagger Spray","Deadly Poison"],"picked":"Singing Bowl","floor":28},{"not_picked":["Dodge and Roll+1","Blade Dance","Flying Knee"],"picked":"Singing Bowl","floor":29},{"not_picked":["Acrobatics","Dagger Spray"],"picked":"Catalyst","floor":30}],"player_experience":1346695,"relics_obtained":[{"floor":6,"key":"Singing Bowl"},{"floor":8,"key":"Happy Flower"},{"floor":9,"key":"Meat on the Bone"},{"floor":14,"key":"Bird Faced Urn"},{"floor":26,"key":"Bottled Lightning"}],"event_choices":[{"damage_healed":0,"gold_gain":0,"player_choice":"Entered Light","damage_taken":20,"max_hp_gain":0,"max_hp_loss":0,"event_name":"Shining Light","floor":2,"gold_loss":0,"cards_upgraded":["Defend_G","Defend_G"]},{"damage_healed":0,"gold_gain":0,"player_choice":"Trade","damage_taken":0,"relics_obtained":["GremlinMask"],"max_hp_gain":0,"max_hp_loss":0,"event_name":"FaceTrader","floor":3,"gold_loss":0},{"damage_healed":0,"gold_gain":0,"player_choice":"Ignored","damage_taken":0,"max_hp_gain":0,"max_hp_loss":0,"event_name":"Vampires","floor":20,"gold_loss":0},{"damage_healed":0,"gold_gain":0,"player_choice":"Became a Ghost","damage_taken":0,"max_hp_gain":0,"max_hp_loss":37,"event_name":"Ghosts","floor":21,"gold_loss":0,"cards_obtained":["Ghostly","Ghostly","Ghostly"]}],"is_beta":false,"boss_relics":[{"not_picked":["Coffee Dripper","Tiny House"],"picked":"Fusion Hammer"}],"items_purged_floors":[13],"is_endless":false,"potions_floor_spawned":[1,5,14,16,18,22,24,29],"killed_by":"Collector","ascension_level":20}