{"gold_per_floor":[110,110,110,62,62,62,79,89,112,124,124,124,150,164,164,268,268,283,283,293,218,229,229,239,239,262,262,312,332,332,343,343,442,442,457,476,476,526,539,539,539],"floor_reached":41,"playtime":2000,"items_purged":[],"score":468,"play_id":"608246f7-2e83-4338-86a8-22515cda5fa2","local_time":"20180717143354","is_ascension_mode":false,"campfire_choices":[{"data":"Cleave","floor":6.0,"key":"SMITH"},{"data":"Sever Soul","floor":12.0,"key":"SMITH"},{"data":"Metallicize","floor":15,"key":"SMITH"},{"data":"Impervious","floor":23,"key":"SMITH"},{"data":"Power Through","floor":25,"key":"SMITH"},{"data":"Barricade","floor":32,"key":"SMITH"},{"data":"Entrench","floor":40,"key":"SMITH"}],"neow_cost":"","seed_source_timestamp":0,"circlet_count":0,"master_deck":["Strike_R+1","Strike_R+1","Defend_R+1","Defend_R+1","Defend_R+1","Defend_R+1","Bash","Body Slam","Sever Soul+1","Cleave+1","Iron Wave","Thunderclap","Entrench+1","Searing Blow","Power Through+1","Metallicize+1","Impervious+1","Evolve","Shrug It Off+1","Body Slam","Twin Strike+1","True Grit+1","Barricade+1","Impervious","Power Through+1"],"special_seed":0,"relics":["Black Blood","Mercury Hourglass","Art of War","Happy Flower","Lantern","Black Star","Champion Belt"],"potions_floor_usage":[16,16,16,35,38,38,41],"damage_taken":[{"damage":0.0,"enemies":"2 Louse","floor":1.0,"turns":3.0},{"damage":1.0,"enemies":"Jaw Worm","floor":7.0,"turns":3.0},{"damage":0.0,"enemies":"Cultist","floor":8.0,"turns":2.0},{"damage":9.0,"enemies":"2 Fungi Beasts","floor":10.0,"turns":3.0},{"damage":14.0,"enemies":"3 Sentries","floor":13.0,"turns":5.0},{"damage":8.0,"enemies":"Lots of Slimes","floor":14.0,"turns":3.0},{"damage":42,"enemies":"Hexaghost","floor":16,"turns":13},{"damage":0,"enemies":"Chosen","floor":18,"turns":3},{"damage":6,"enemies":"3 Byrds","floor":20,"turns":5},{"damage":21,"enemies":"3 Cultists","floor":22,"turns":6},{"damage":0,"enemies":"Centurion and Healer","floor":24,"turns":8},{"damage":4,"enemies":"Snecko","floor":29,"turns":6},{"damage":11,"enemies":"Snake Plant","floor":31,"turns":5},{"damage":0,"enemies":"Champ","floor":33,"turns":8},{"damage":26,"enemies":"3 Shapes","floor":35,"turns":6},{"damage":0,"enemies":"Orb Walker","floor":36,"turns":4},{"damage":30,"floor":38,"turns":7},{"damage":38,"enemies":"Sphere and 2 Shapes","floor":39,"turns":8},{"damage":32,"enemies":"Nemesis","floor":41,"turns":7}],"seed_played":"8458605495183717221","potions_obtained":[{"floor":1.0,"key":"Poison Potion"},{"floor":10.0,"key":"FearPotion"},{"floor":13.0,"key":"GamblersBrew"},{"floor":14.0,"key":"Regen Potion"},{"floor":20,"key":"FearPotion"},{"floor":22,"key":"GamblersBrew"},{"floor":24,"key":"Regen Potion"},{"floor":36,"key":"Strength Potion"}],"is_trial":false,"path_per_floor":["M","?","T","$","?","R","M","M","T","M","?","R","E","M","R","B",null,"M","?","M","?","M","R","M","R","T","?","?","M","?","M","R","B",null,"M","M","?","?","M","R"],"character_chosen":"IRONCLAD","items_purchased":["Cleave"],"campfire_rested":0,"item_purchase_floors":[4],"current_hp_per_floor":[80,80,80,80,80,80,80,80,80,77,77,77,69,67,67,43,80,80,80,80,80,69,69,79,79,79,79,79,80,80,79,79,80,80,74,80,80,60,32,32,0],"gold":539,"neow_bonus":"","is_prod":false,"is_daily":false,"chose_seed":false,"campfire_upgraded":7,"win_rate":0,"timestamp":1531830834,"path_taken":["M","?","?","$","?","R","M","M","T","?","?","R","E","M","R","BOSS","M","?","M","?","?","R","M","R","T","?","?","M","?","?","R","BOSS","M","M","?","?","M","R","E"],"build_version":"2018-07-12","purchased_purges":0,"victory":false,"max_hp_per_floor":[80,80,80,80,80,80,80,80,80,80,80,80,80,80,80,80,80,80,80,80,80,80,80,80,80,80,80,80,80,80,80,80,80,80,80,80,80,80,80,80,80],"card_choices":[{"not_picked":["Rage","Warcry"],"picked":"Body Slam","floor":1.0},{"not_picked":["Headbutt","True Grit"],"picked":"Iron Wave","floor":7.0},{"not_picked":["Flame Barrier","Shrug It Off"],"picked":"Thunderclap","floor":8.0},{"not_picked":["Perfected Strike","Evolve"],"picked":"Entrench","floor":10.0},{"not_picked":["Offering","Sword Boomerang"],"picked":"Power Through","floor":13.0},{"not_picked":["Clash","Entrench"],"picked":"Metallicize","floor":14.0},{"not_picked":["Barricade","Dark Embrace"],"picked":"Impervious","floor":16},{"not_picked":["Warcry","Flame Barrier"],"picked":"Evolve","floor":18},{"not_picked":["Iron Wave","Clash"],"picked":"Shrug It Off+1","floor":20},{"not_picked":["Perfected Strike+1","Cleave"],"picked":"Body Slam","floor":22},{"not_picked":["Cleave","Heavy Blade"],"picked":"Twin Strike+1","floor":24},{"not_picked":["Clothesline","Clash"],"picked":"True Grit+1","floor":29},{"not_picked":["Clash","True Grit","Shockwave"],"picked":"SKIP","floor":31},{"not_picked":["Double Tap","Feed"],"picked":"Impervious","floor":33},{"not_picked":["Cleave","Body Slam","Thunderclap+1"],"picked":"SKIP","floor":35},{"not_picked":["Carnage+1","Whirlwind"],"picked":"Power Through+1","floor":36},{"not_picked":["Rage+1","Clothesline","Anger+1"],"picked":"SKIP","floor":39}],"player_experience":115152,"relics_obtained":[{"floor":3.0,"key":"Mercury Hourglass"},{"floor":9.0,"key":"Art of War"},{"floor":13.0,"key":"Happy Flower"},{"floor":26,"key":"Lantern"},{"floor":38,"key":"Champion Belt"}],"event_choices":[{"event_name":"Living Wall","player_choice":"Change","floor":2.0,"damage_taken":0.0},{"event_name":"The Woman in Blue","player_choice":"Bought 0 Potions","floor":5.0,"damage_taken":0.0},{"event_name":"Match and Keep!","player_choice":"1 cards matched","floor":11.0,"damage_taken":0.0},{"event_name":"Ghosts","player_choice":"Ignored","floor":19,"damage_taken":0},{"event_name":"Beggar","player_choice":"Gave Gold","floor":21,"damage_taken":0},{"event_name":"Back to Basics","player_choice":"Simplicity","floor":27,"damage_taken":0},{"event_name":"The Joust","player_choice":"Bet on Murderer","floor":28,"damage_taken":0},{"event_name":"The Library","player_choice":"Read","floor":30,"damage_taken":0},{"event_name":"Falling","player_choice":"Removed Attack","floor":37,"damage_taken":0},{"event_name":"Mysterious Sphere","player_choice":"Fight","floor":38,"damage_taken":0}],"boss_relics":[{"not_picked":["Sozu","Lizard Tail"],"picked":"Black Blood"},{"not_picked":["Calling Bell","Velvet Choker"],"picked":"Black Star"}],"items_purged_floors":[],"is_endless":false,"potions_floor_spawned":[1,10,13,14,20,22,24,33,36],"killed_by":"Nemesis","ascension_level":0}