{"gold_per_floor":[111,9,9,9,22,50,50,82,82,82,115,80,98,118,118,247,247,266,541,560,2,15,15,31,31,61,61,61,61,97,196,196,196],"floor_reached":33,"playtime":1488,"items_purged":["Regret"],"score":398,"play_id":"959856a9-1b1e-4e13-89bc-63e143f2e7cb","local_time":"20190419025322","is_ascension_mode":true,"campfire_choices":[{"data":"Zap","floor":7,"key":"SMITH"},{"data":"Dualcast","floor":15,"key":"SMITH"},{"data":"Setup","floor":23,"key":"SMITH"},{"data":"Scrape","floor":25,"key":"SMITH"},{"data":"Genetic Algorithm","floor":27,"key":"SMITH"},{"data":"Sweeping Beam","floor":29,"key":"SMITH"},{"floor":32,"key":"REST"}],"neow_cost":"NONE","seed_source_timestamp":208258576254546,"circlet_count":0,"master_deck":["Strike_B","Strike_B","Strike_B","Defend_B","Defend_B","Defend_B","Defend_B","Zap+1","Dualcast+1","Sweeping Beam+1","Scrape+1","Ball Lightning","Genetic Algorithm+1","BootSequence","Echo Form","Hologram","Glacier","Setup+1","Decay","After Image"],"relics":["Cracked Core","NeowsBlessing","Sundial","Turnip","Bottled Flame","Golden Idol","Dodecahedron","Cursed Key","PrismaticShard","Ice Cream","Tiny Chest","Peace Pipe"],"potions_floor_usage":[2,16,16,16,20,30,33],"damage_taken":[{"damage":0,"enemies":"2 Louse","floor":1,"turns":1},{"damage":0,"enemies":"Cultist","floor":5,"turns":1},{"damage":0,"enemies":"3 Sentries","floor":6,"turns":1},{"damage":20,"enemies":"Lagavulin","floor":8,"turns":5},{"damage":35,"enemies":"Gremlin Nob","floor":11,"turns":4},{"damage":0,"enemies":"Small Slimes","floor":13,"turns":2},{"damage":1,"enemies":"2 Fungi Beasts","floor":14,"turns":3},{"damage":30,"enemies":"Hexaghost","floor":16,"turns":9},{"damage":0,"enemies":"Spheric Guardian","floor":18,"turns":4},{"damage":8,"enemies":"Shell Parasite","floor":20,"turns":4},{"damage":1,"enemies":"Snake Plant","floor":22,"turns":5},{"damage":10,"enemies":"Centurion and Healer","floor":24,"turns":9},{"damage":12,"enemies":"Colosseum Slavers","floor":28,"turns":4},{"damage":27,"enemies":"Book of Stabbing","floor":30,"turns":7},{"damage":32,"enemies":"Champ","floor":33,"turns":13}],"seed_played":"-7852971113910191042","potions_obtained":[{"floor":6,"key":"Poison Potion"},{"floor":11,"key":"Strength Potion"},{"floor":14,"key":"Regen Potion"},{"floor":18,"key":"Weak Potion"},{"floor":20,"key":"GamblersBrew"},{"floor":30,"key":"Block Potion"}],"is_trial":false,"path_per_floor":["?","$","?","?","M","?","M","?","?"],"character_chosen":"DEFECT","items_purchased":["Fruit Juice","PrismaticShard","Ice Cream"],"campfire_rested":1,"item_purchase_floors":[2,21,21],"current_hp_per_floor":[68,73,73,73,73,73,73,53,53,53,18,36,36,35,35,20,61,61,61,53,53,52,52,42,42,42,42,30,30,3,3,25,0],"gold":196,"neow_bonus":"THREE_ENEMY_KILL","is_prod":false,"is_daily":false,"chose_seed":false,"campfire_upgraded":6,"win_rate":0,"timestamp":1555617202,"path_taken":["M","$","?","?","M","E","R","E","T","?","E","?","?","M","R","BOSS","M","?","?","$","M","R","M","R","T","R","?","R","E","?","R","BOSS"],"build_version":"2019-01-23","purchased_purges":1,"victory":false,"max_hp_per_floor":[75,80,80,80,80,80,80,80,80,74,74,74,74,74,74,74,74,74,74,74,74,74,74,74,74,74,74,74,74,74,74,74,74],"card_choices":[{"not_picked":["Compile Driver","Aggregate"],"picked":"Sweeping Beam","floor":1},{"not_picked":["Static Discharge","Leap"],"picked":"Scrape","floor":5},{"not_picked":["Redo","Cold Snap"],"picked":"Ball Lightning","floor":6},{"not_picked":["Turbo","Recycle"],"picked":"Genetic Algorithm","floor":8},{"not_picked":["Multi-Cast","Sweeping Beam"],"picked":"BootSequence","floor":11},{"not_picked":["Darkness","Hello World","Sweeping Beam"],"picked":"SKIP","floor":13},{"not_picked":["Stack","Blizzard","Barrage"],"picked":"SKIP","floor":14},{"not_picked":["All For One","Buffer"],"picked":"Echo Form","floor":16},{"not_picked":["Ball Lightning","Beam Cell"],"picked":"Hologram","floor":18},{"not_picked":["Leap","FTL"],"picked":"Glacier","floor":20},{"not_picked":["Acrobatics","Trip"],"picked":"Setup","floor":22},{"not_picked":["Genetic Algorithm","Sucker Punch","Streamline"],"picked":"SKIP","floor":24},{"not_picked":["Choke","Dash"],"picked":"After Image","floor":30}],"player_experience":262159,"relics_obtained":[{"floor":6,"key":"Sundial"},{"floor":8,"key":"Turnip"},{"floor":9,"key":"Bottled Flame"},{"floor":11,"key":"Dodecahedron"},{"floor":26,"key":"Tiny Chest"},{"floor":30,"key":"Peace Pipe"}],"event_choices":[{"cards_removed":["Strike_B"],"damage_healed":0,"gold_gain":0,"player_choice":"Purged","damage_taken":0,"max_hp_gain":0,"max_hp_loss":0,"event_name":"Purifier","floor":3,"gold_loss":0},{"damage_healed":0,"gold_gain":0,"player_choice":"Lose Max HP","damage_taken":0,"relics_obtained":["Golden Idol"],"max_hp_gain":0,"max_hp_loss":6,"event_name":"Golden Idol","floor":10,"gold_loss":0},{"damage_healed":18,"gold_gain":0,"player_choice":"Healed","damage_taken":0,"max_hp_gain":0,"max_hp_loss":0,"event_name":"The Cleric","floor":12,"gold_loss":35},{"damage_healed":0,"gold_gain":275,"player_choice":"Desecrate","damage_taken":0,"max_hp_gain":0,"max_hp_loss":0,"event_name":"Golden Shrine","floor":19,"gold_loss":0,"cards_obtained":["Regret"]},{"damage_healed":0,"gold_gain":0,"player_choice":"Fight","damage_taken":0,"max_hp_gain":0,"max_hp_loss":0,"event_name":"Colosseum","floor":28,"gold_loss":0},{"damage_healed":0,"gold_gain":0,"player_choice":"Fled From Nobs","damage_taken":0,"max_hp_gain":0,"max_hp_loss":0,"event_name":"Colosseum","floor":28,"gold_loss":0},{"damage_healed":0,"gold_gain":99,"player_choice":"Stole From Cult","damage_taken":0,"max_hp_gain":0,"max_hp_loss":0,"event_name":"Nest","floor":31,"gold_loss":0}],"is_beta":false,"boss_relics":[{"not_picked":["Runic Pyramid","Black Star"],"picked":"Cursed Key"}],"items_purged_floors":[21],"is_endless":false,"potions_floor_spawned":[6,11,14,18,20,30],"killed_by":"Champ","ascension_level":6}