{"gold_per_floor":[362,154,166,166,17,17,49,60,83,83,83,106,119,155,155,155],"floor_reached":16,"playtime":495,"items_purged":["Doubt","Strike_R"],"score":193,"play_id":"195a38ed-0143-4da3-9f73-7b0aaa05dcb7","local_time":"20190410230209","is_ascension_mode":true,"campfire_choices":[{"data":"Rampage","floor":6,"key":"SMITH"},{"data":"True Grit","floor":10,"key":"SMITH"},{"data":"Bash","floor":15,"key":"SMITH"}],"neow_cost":"CURSE","seed_source_timestamp":26782967364489,"circlet_count":0,"master_deck":["AscendersBane","Strike_R","Strike_R","Strike_R","Defend_R","Defend_R","Defend_R","Defend_R","Bash+1","Inflame","Rampage+1","Headbutt","Twin Strike","Headbutt","True Grit+1","Limit Break","Power Through","Shrug It Off"],"relics":["Burning Blood","PreservedInsect","Omamori","Golden Idol","Blood Vial"],"potions_floor_usage":[7],"damage_taken":[{"damage":4,"enemies":"Small Slimes","floor":1,"turns":6},{"damage":4,"enemies":"2 Louse","floor":3,"turns":4},{"damage":40,"enemies":"3 Sentries","floor":7,"turns":8},{"damage":5,"enemies":"Jaw Worm","floor":8,"turns":3},{"damage":11,"enemies":"Blue Slaver","floor":12,"turns":4},{"damage":18,"enemies":"Exordium Wildlife","floor":13,"turns":5},{"damage":10,"enemies":"Gremlin Nob","floor":14,"turns":3},{"damage":28,"enemies":"The Guardian","floor":16,"turns":2}],"seed_played":"-5918081785593361863","potions_obtained":[{"floor":1,"key":"BloodPotion"},{"floor":14,"key":"SmokeBomb"}],"is_trial":false,"path_per_floor":["M","$","M","?","$","R","E","M","T","R","?","M","M","E","R","B"],"character_chosen":"IRONCLAD","items_purchased":["Rampage","Headbutt","Headbutt"],"campfire_rested":0,"item_purchase_floors":[2,2,5],"current_hp_per_floor":[70,70,72,65,65,65,38,39,39,39,39,34,22,18,18,0],"gold":155,"neow_bonus":"TWO_FIFTY_GOLD","is_prod":false,"is_daily":false,"chose_seed":false,"campfire_upgraded":3,"win_rate":0,"timestamp":1554948129,"path_taken":["M","$","M","?","$","R","E","M","T","R","?","M","?","E","R","BOSS"],"build_version":"2019-01-23","purchased_purges":2,"victory":false,"max_hp_per_floor":[75,75,75,75,75,75,75,75,75,75,75,75,75,75,75,75],"card_choices":[{"not_picked":["Perfected Strike","Sword Boomerang"],"picked":"Inflame","floor":1},{"not_picked":["Thunderclap","Havoc"],"picked":"Twin Strike","floor":3},{"not_picked":["Dual Wield","Perfected Strike"],"picked":"True Grit","floor":7},{"not_picked":["Carnage","Wild Strike"],"picked":"Limit Break","floor":8},{"not_picked":["Evolve","Corruption","Body Slam"],"picked":"SKIP","floor":12},{"not_picked":["Clash","Armaments"],"picked":"Power Through","floor":13},{"not_picked":["Heavy Blade","Flex"],"picked":"Shrug It Off","floor":14}],"player_experience":587044,"relics_obtained":[{"floor":7,"key":"PreservedInsect"},{"floor":9,"key":"Omamori"},{"floor":14,"key":"Blood Vial"}],"event_choices":[{"cards_removed":["Strike_R"],"damage_healed":0,"gold_gain":0,"player_choice":"Card Removal","damage_taken":7,"max_hp_gain":0,"max_hp_loss":0,"event_name":"Golden Wing","floor":4,"gold_loss":0},{"damage_healed":0,"gold_gain":0,"player_choice":"Take Wound","damage_taken":0,"relics_obtained":["Golden Idol"],"max_hp_gain":0,"max_hp_loss":0,"event_name":"Golden Idol","floor":11,"gold_loss":0,"cards_obtained":["Injury"]}],"is_beta":false,"boss_relics":[],"items_purged_floors":[2,5],"is_endless":false,"potions_floor_spawned":[1,14],"killed_by":"The Guardian","ascension_level":15}