{"gold_per_floor":[13,32,45,120,70,70,90,118,118,118,133,149,207,223,223,323,323,342,352,352,369,379,414,414,77,131,231,248,278,278,297,297,397,397,415,415,89,107,117,145,145],"floor_reached":41,"playtime":4059,"items_purged":[],"score":527,"play_id":"ae8a30fa-e446-4dff-a0ad-4cced543d1c1","local_time":"20181107145529","is_ascension_mode":false,"campfire_choices":[{"data":"Zap","floor":6,"key":"SMITH"},{"data":"Steam","floor":15,"key":"SMITH"},{"data":"Coolheaded","floor":30,"key":"SMITH"},{"data":"Dualcast","floor":32,"key":"SMITH"}],"neow_cost":"NO_GOLD","seed_source_timestamp":1201868156119368,"circlet_count":0,"master_deck":["Defend_B","Defend_B","Defend_B","Defend_B","Zap+1","Dualcast+1","Ball Lightning","Coolheaded+1","Go for the Eyes","Glacier","FTL","Ball Lightning","Steam+1","All For One","Double Energy+1","Streamline+1","Hyperbeam+1","Hologram+1","Ghostly","Ghostly+1","Ghostly+1","Ghostly","Ghostly","Darkness+1","Redo+1","Compile Driver+1","Scrape+1","Cold Snap+1","Rebound+1","Electrodynamics","Ball Lightning+1","Hello World","Hologram","Coolheaded","White Noise","Gash+1"],"relics":["Cracked Core","Du-Vu Doll","Nunchaku","Turnip","Meat on the Bone","Tiny Chest","Astrolabe","Potion Belt","Molten Egg 2","Kunai","Art of War","Ice Cream","Bottled Lightning","War Paint","Sozu","Pear","PreservedInsect"],"potions_floor_usage":[13,33,39],"damage_taken":[{"damage":1,"enemies":"2 Louse","floor":1,"turns":3},{"damage":1,"enemies":"Jaw Worm","floor":2,"turns":3},{"damage":13,"enemies":"Small Slimes","floor":3,"turns":3},{"damage":0,"enemies":"Blue Slaver","floor":7,"turns":3},{"damage":1,"enemies":"Lagavulin","floor":8,"turns":8},{"damage":0,"enemies":"2 Fungi Beasts","floor":11,"turns":3},{"damage":0,"enemies":"Exordium Thugs","floor":12,"turns":4},{"damage":20,"enemies":"Gremlin Nob","floor":13,"turns":5},{"damage":2,"enemies":"Lots of Slimes","floor":14,"turns":3},{"damage":36,"enemies":"Slime Boss","floor":16,"turns":14},{"damage":11,"enemies":"2 Thieves","floor":18,"turns":4},{"damage":3,"enemies":"Chosen","floor":19,"turns":4},{"damage":1,"enemies":"Snake Plant","floor":21,"turns":5},{"damage":0,"enemies":"Cultist and Chosen","floor":22,"turns":7},{"damage":6,"enemies":"Slavers","floor":23,"turns":4},{"damage":10,"enemies":"Colosseum Slavers","floor":27,"turns":5},{"damage":0,"enemies":"Colosseum Nobs","floor":27,"turns":6},{"damage":0,"enemies":"Sentry and Sphere","floor":28,"turns":6},{"damage":2,"enemies":"Gremlin Leader","floor":29,"turns":7},{"damage":0,"enemies":"Centurion and Healer","floor":31,"turns":5},{"damage":15,"enemies":"Automaton","floor":33,"turns":12},{"damage":12,"enemies":"3 Shapes","floor":35,"turns":4},{"damage":21,"enemies":"3 Darklings","floor":38,"turns":2},{"damage":10,"enemies":"Jaw Worm Horde","floor":39,"turns":3},{"damage":1,"enemies":"Nemesis","floor":40,"turns":7},{"damage":46,"enemies":"2 Orb Walkers","floor":41,"turns":4}],"seed_played":"101876127950961096","potions_obtained":[{"floor":1,"key":"SkillPotion"},{"floor":3,"key":"FairyPotion"},{"floor":7,"key":"FearPotion"},{"floor":11,"key":"SpeedPotion"},{"floor":13,"key":"FocusPotion"},{"floor":22,"key":"LiquidBronze"},{"floor":27,"key":"LiquidBronze"}],"is_trial":false,"path_per_floor":["M","M","M","?","?","R","M","E","T","?","M","M","E","M","R","B",null,"M","M","?","M","M","E","T","$","T","?","M","E","R","M","R","B",null,"M","?","$","M","M","E","?"],"character_chosen":"DEFECT","items_purchased":["Kunai","Scrape+1","Hello World","Hologram","Pear"],"campfire_rested":0,"item_purchase_floors":[25,25,37,37,37],"current_hp_per_floor":[74,73,60,49,49,49,49,48,48,45,45,45,37,47,47,23,75,64,61,37,36,36,30,30,30,30,20,20,30,30,30,30,27,37,25,25,35,26,28,27,0],"gold":145,"neow_bonus":"ONE_RARE_RELIC","is_prod":false,"is_daily":false,"chose_seed":false,"campfire_upgraded":4,"win_rate":0,"timestamp":1541598929,"path_taken":["M","M","M","?","?","R","M","E","T","?","M","M","E","M","R","BOSS","M","M","?","M","M","E","?","$","T","?","?","E","R","M","R","BOSS","M","?","$","M","M","E","?"],"build_version":"2018-11-06","purchased_purges":0,"victory":false,"max_hp_per_floor":[75,75,75,75,75,75,75,75,75,75,75,75,75,75,75,75,75,75,75,37,37,37,37,37,37,37,37,37,37,37,37,37,37,37,37,35,45,45,45,45,45],"card_choices":[{"not_picked":["Tempest","Reprogram"],"picked":"Ball Lightning","floor":1},{"not_picked":["Beam Cell","Steam"],"picked":"Coolheaded","floor":2},{"not_picked":["Reinforced Body","Hologram"],"picked":"Go for the Eyes","floor":3},{"not_picked":["Fusion","Consume"],"picked":"Glacier","floor":7},{"not_picked":["Chill","BootSequence"],"picked":"FTL","floor":8},{"not_picked":["Heatsinks","Lockon","Rebound"],"picked":"SKIP","floor":11},{"not_picked":["Consume","Scrape","Recycle"],"picked":"SKIP","floor":12},{"not_picked":["Leap","Streamline"],"picked":"Ball Lightning","floor":13},{"not_picked":["Machine Learning","Streamline"],"picked":"Steam","floor":14},{"not_picked":["Machine Learning","Rainbow"],"picked":"All For One","floor":16},{"not_picked":["Double Energy+1","Reinforced Body","Redo"],"picked":"SKIP","floor":18},{"not_picked":["Storm","Ball Lightning"],"picked":"Hologram+1","floor":19},{"not_picked":["Skim","Heatsinks"],"picked":"Darkness+1","floor":21},{"not_picked":["Turbo+1","Coolheaded"],"picked":"Redo+1","floor":22},{"not_picked":["Streamline+1","Reprogram"],"picked":"Compile Driver+1","floor":23},{"not_picked":["Barrage+1","Streamline+1","Static Discharge"],"picked":"SKIP","floor":28},{"not_picked":["Recycle","Stack"],"picked":"Cold Snap+1","floor":29},{"not_picked":["Self Repair","Barrage+1"],"picked":"Rebound+1","floor":31},{"not_picked":["All For One+1","Biased Cognition"],"picked":"Electrodynamics","floor":33},{"not_picked":["Darkness+1","Fusion+1"],"picked":"Ball Lightning+1","floor":35},{"not_picked":["Sunder+1","Turbo"],"picked":"Coolheaded","floor":38},{"not_picked":["Rebound+1","Rip and Tear+1"],"picked":"White Noise","floor":39},{"not_picked":["Biased Cognition","Tempest"],"picked":"Gash+1","floor":40}],"player_experience":727587,"relics_obtained":[{"floor":8,"key":"Nunchaku"},{"floor":9,"key":"Turnip"},{"floor":13,"key":"Tiny Chest"},{"floor":23,"key":"Potion Belt"},{"floor":24,"key":"Molten Egg 2"},{"floor":26,"key":"Art of War"},{"floor":27,"key":"Ice Cream"},{"floor":27,"key":"Bottled Lightning"},{"floor":29,"key":"War Paint"},{"floor":40,"key":"PreservedInsect"}],"event_choices":[{"damage_healed":0,"gold_gain":75,"player_choice":"Gather Gold","damage_taken":11,"max_hp_gain":0,"max_hp_loss":0,"event_name":"World of Goop","floor":4,"gold_loss":0},{"cards_removed":["Strike_B"],"damage_healed":0,"gold_gain":0,"player_choice":"Card Removal","damage_taken":0,"max_hp_gain":0,"max_hp_loss":0,"event_name":"The Cleric","floor":5,"gold_loss":50},{"damage_healed":0,"gold_gain":0,"player_choice":"Success","damage_taken":3,"relics_obtained":["Meat on the Bone"],"max_hp_gain":0,"max_hp_loss":0,"event_name":"Scrap Ooze","floor":10,"gold_loss":0},{"damage_healed":0,"gold_gain":0,"player_choice":"Became a Ghost","damage_taken":0,"max_hp_gain":0,"max_hp_loss":38,"event_name":"Ghosts","floor":20,"gold_loss":0,"cards_obtained":["Ghostly","Ghostly","Ghostly","Ghostly","Ghostly"]},{"damage_healed":0,"gold_gain":0,"player_choice":"Fight","damage_taken":0,"max_hp_gain":0,"max_hp_loss":0,"event_name":"Colosseum","floor":27,"gold_loss":0},{"damage_healed":0,"gold_gain":0,"player_choice":"Fought Nobs","damage_taken":0,"max_hp_gain":0,"max_hp_loss":0,"event_name":"Colosseum","floor":27,"gold_loss":0},{"damage_healed":0,"gold_gain":0,"player_choice":"Max HP","damage_taken":0,"max_hp_gain":0,"max_hp_loss":2,"event_name":"Winding Halls","floor":36,"gold_loss":0},{"damage_healed":0,"gold_gain":0,"player_choice":"Fight","damage_taken":0,"max_hp_gain":0,"max_hp_loss":0,"event_name":"Mysterious Sphere","floor":41,"gold_loss":0}],"is_beta":true,"boss_relics":[{"not_picked":["Runic Pyramid","Ectoplasm"],"picked":"Astrolabe"},{"not_picked":["Coffee Dripper","Velvet Choker"],"picked":"Sozu"}],"items_purged_floors":[],"is_endless":false,"potions_floor_spawned":[1,3,7,11,13,19,21,22,27,27,39,40],"killed_by":"2 Orb Walkers","ascension_level":0}