{"path_per_floor":["M","M","?","$","M","R","E","M","T","E","T","R","?","M","R","B",null,"M","$"],"character_chosen":"THE_SILENT","items_purchased":["Apotheosis"],"gold_per_floor":[119,139,314,48,62,62,89,104,104,138,138,138,138,153,153,255,255,268,168,108],"floor_reached":20,"campfire_rested":2,"playtime":1776,"item_purchase_floors":[],"current_hp_per_floor":[70,70,70,70,70,70,84,83,83,16,16,41,62,45,70,37,84,12,12,0],"items_purged":["Strike_G","Pain"],"gold":108,"score":338,"play_id":"f8fdc346-b0cb-42e0-a854-56d459f571d2","local_time":"20180528212017","is_prod":false,"is_daily":false,"chose_seed":false,"is_ascension_mode":true,"campfire_upgraded":1,"win_rate":0,"timestamp":1527567617,"campfire_choices":[{"data":"Apotheosis","floor":6.0,"key":"SMITH"},{"floor":12.0,"key":"REST"},{"floor":15.0,"key":"REST"}],"path_taken":["M","M","?","?","M","R","E","?","T","E","?","R","?","M","R","BOSS","M","$","M"],"build_version":"2018-05-24","seed_source_timestamp":101496064909565,"purchased_purges":2,"victory":false,"master_deck":["Defend_G","Defend_G","Defend_G","Defend_G","Defend_G","Strike_G","Strike_G","Strike_G","Strike_G","Survivor","Neutralize","Doubt","Apotheosis+1","Well Laid Plans","Regret","Blur","Writhe","Parasite","Well Laid Plans","Burst","Clumsy","Injury"],"max_hp_per_floor":[70,70,70,70,70,70,84,84,84,84,84,84,84,84,84,84,84,84,84,84],"relics":["Cursed Key","Mango","Unceasing Top","Gremlin Horn","Ancient Tea Set","Calling Bell","Blood Vial","Centennial Puzzle","Shovel"],"card_choices":[{"not_picked":["Setup","Prepared","Deflect"],"picked":"SKIP","floor":1.0},{"not_picked":["Sucker Punch","Dagger Throw","Dash"],"picked":"SKIP","floor":2.0},{"not_picked":["Dodge and Roll","Quick Slash","Dagger Throw"],"picked":"SKIP","floor":5.0},{"not_picked":["Deflect","Dagger Throw","Leg Sweep"],"picked":"SKIP","floor":7.0},{"not_picked":["Cloak And Dagger","Glass Knife"],"picked":"Well Laid Plans","floor":8.0},{"not_picked":["Underhanded Strike","Skewer"],"picked":"Blur","floor":10.0},{"not_picked":["Deadly Poison","Predator"],"picked":"Well Laid Plans","floor":14.0},{"not_picked":["Venomology","Doppelganger"],"picked":"Burst","floor":16},{"not_picked":["PiercingWail","Heel Hook","Quick Slash"],"picked":"SKIP","floor":18}],"player_experience":446109,"potions_floor_usage":[16,16,18],"damage_taken":[{"damage":0.0,"enemies":"2 Louse","floor":1.0,"turns":3.0},{"damage":0.0,"enemies":"Small Slimes","floor":2.0,"turns":3.0},{"damage":0.0,"enemies":"Cultist","floor":5.0,"turns":4.0},{"damage":0.0,"enemies":"3 Sentries","floor":7.0,"turns":8.0},{"damage":1.0,"enemies":"Exordium Thugs","floor":8.0,"turns":8.0},{"damage":67.0,"enemies":"Gremlin Nob","floor":10.0,"turns":7.0},{"damage":17.0,"enemies":"Blue Slaver","floor":14.0,"turns":6.0},{"damage":33,"enemies":"The Guardian","floor":16,"turns":18},{"damage":72,"enemies":"3 Byrds","floor":18,"turns":13},{"damage":22,"enemies":"2 Thieves","floor":20,"turns":2}],"relics_obtained":[{"floor":7.0,"key":"Mango"},{"floor":9.0,"key":"Unceasing Top"},{"floor":10.0,"key":"Gremlin Horn"},{"floor":11.0,"key":"Ancient Tea Set"},{"floor":17,"key":"Blood Vial"},{"floor":17,"key":"Centennial Puzzle"},{"floor":17,"key":"Shovel"}],"event_choices":[{"event_name":"Liars Game","player_choice":"agreed","floor":3.0,"damage_taken":0.0},{"event_name":"Mushrooms","player_choice":"Healed and dodged fight","floor":13.0,"damage_taken":0.0}],"boss_relics":[{"not_picked":["Ectoplasm","Runic Dome"],"picked":"Calling Bell"}],"items_purged_floors":[],"potions_floor_spawned":[1,2,7,16],"seed_played":"5402607950050294257","killed_by":"2 Thieves","ascension_level":3,"potions_obtained":[{"floor":1.0,"key":"LiquidBronze"},{"floor":2.0,"key":"Fire Potion"},{"floor":7.0,"key":"PowerPotion"},{"floor":16,"key":"Explosive Potion"}],"is_trial":false}