{"gold_per_floor":[116,127,147,160,170,170,204,223,223,233,247,247,274,290,290,391,391,405,482,407,407,417,443,443,462,462,103,103,119,119,119,119,214,214,232,249,269,369,369,369,386,386,386,386,34,46,46,74,74,74],"floor_reached":51,"playtime":3698,"items_purged":["Strike_R","Strike_R"],"score":686,"play_id":"3644e78a-4019-4580-ac87-00a7f2b1ded0","local_time":"20190207032452","is_ascension_mode":false,"campfire_choices":[{"data":"Pommel Strike","floor":6,"key":"SMITH"},{"data":"Warcry","floor":12,"key":"SMITH"},{"data":"Infernal Blade","floor":15,"key":"SMITH"},{"data":"Pommel Strike","floor":24,"key":"SMITH"},{"floor":28,"key":"REST"},{"data":"Warcry","floor":30,"key":"SMITH"},{"floor":32,"key":"REST"},{"floor":40,"key":"REST"},{"floor":42,"key":"REST"},{"floor":49,"key":"REST"}],"neow_cost":"NONE","seed_source_timestamp":259273798783111,"circlet_count":0,"master_deck":["Strike_R","Strike_R","Defend_R","Defend_R","Defend_R","Bash","Anger","Pommel Strike+1","Infernal Blade+1","Iron Wave","Cleave","Pommel Strike","Pommel Strike","Warcry+1","Cleave","Pommel Strike+1","Twin Strike+1","Rage","Clash+1","Cleave","Anger","Warcry+1","Feed","Perfected Strike","Rage+1","Rage+1","Burning Pact","Bandage Up","Twin Strike+1","Headbutt","Fire Breathing","Good Instincts","Warcry","Inflame+1"],"relics":["Burning Blood","Bronze Scales","StoneCalendar","Ginger","Red Skull","Empty Cage","Sundial","Nunchaku","Letter Opener","Gremlin Horn","Sozu","Prayer Wheel","Dodecahedron","MealTicket","Frozen Egg 2"],"potions_floor_usage":[4,7,16,23,23,33,33,50],"damage_taken":[{"damage":1,"enemies":"Cultist","floor":1,"turns":3},{"damage":6,"enemies":"Jaw Worm","floor":2,"turns":3},{"damage":8,"enemies":"2 Louse","floor":3,"turns":2},{"damage":15,"enemies":"Exordium Thugs","floor":4,"turns":3},{"damage":0,"enemies":"Looter","floor":5,"turns":3},{"damage":21,"enemies":"Lagavulin","floor":7,"turns":5},{"damage":0,"enemies":"3 Louse","floor":8,"turns":2},{"damage":1,"enemies":"Exordium Wildlife","floor":10,"turns":2},{"damage":0,"enemies":"Large Slime","floor":11,"turns":4},{"damage":4,"enemies":"3 Sentries","floor":13,"turns":3},{"damage":0,"enemies":"3 Louse","floor":14,"turns":2},{"damage":5,"enemies":"Slime Boss","floor":16,"turns":7},{"damage":0,"enemies":"3 Byrds","floor":18,"turns":4},{"damage":1,"enemies":"Chosen","floor":22,"turns":3},{"damage":46,"enemies":"Gremlin Leader","floor":23,"turns":5},{"damage":26,"enemies":"Shelled Parasite and Fungi","floor":25,"turns":4},{"damage":6,"enemies":"Sentry and Sphere","floor":29,"turns":3},{"damage":64,"enemies":"Automaton","floor":33,"turns":8},{"damage":10,"enemies":"Orb Walker","floor":35,"turns":2},{"damage":18,"enemies":"3 Darklings","floor":36,"turns":3},{"damage":29,"enemies":"Maw","floor":37,"turns":6},{"damage":20,"enemies":"Mind Bloom Boss Battle","floor":38,"turns":4},{"damage":38,"enemies":"Writhing Mass","floor":41,"turns":4},{"damage":20,"enemies":"4 Shapes","floor":46,"turns":2},{"damage":26,"enemies":"Reptomancer","floor":48,"turns":5},{"damage":81,"enemies":"Donu and Deca","floor":50,"turns":8}],"seed_played":"4801982096359959340","potions_obtained":[{"floor":3,"key":"FearPotion"},{"floor":5,"key":"BloodPotion"},{"floor":11,"key":"BloodPotion"},{"floor":13,"key":"Block Potion"},{"floor":14,"key":"BloodPotion"},{"floor":16,"key":"Weak Potion"},{"floor":29,"key":"Explosive Potion"},{"floor":33,"key":"Energy Potion"}],"is_trial":false,"path_per_floor":["M","M","M","M","M","R","E","M","T","M","M","R","E","M","R","B",null,"M","T","$","?","M","E","R","M","T","$","R","M","R","?","R","B",null,"M","M","M","?","?","R","M","R","T","?","$","M","$","E","R","B",null],"character_chosen":"IRONCLAD","items_purchased":["Gremlin Horn","Fire Breathing","Good Instincts","MealTicket"],"campfire_rested":5,"item_purchase_floors":[27,45,45,45],"current_hp_per_floor":[80,80,78,69,75,75,68,74,74,79,80,80,80,80,80,80,80,80,80,80,80,80,56,56,36,36,36,60,60,60,45,70,12,85,84,75,52,38,38,65,37,64,64,64,64,54,64,51,79,8],"gold":74,"neow_bonus":"RANDOM_COMMON_RELIC","is_prod":false,"is_daily":false,"chose_seed":false,"campfire_upgraded":5,"win_rate":0.0,"timestamp":1549484692,"path_taken":["M","M","M","?","M","R","E","M","T","M","M","R","E","M","R","BOSS","M","?","$","?","M","E","R","M","T","$","R","M","R","?","R","BOSS","M","M","M","?","?","R","M","R","T","?","$","M","$","E","R","BOSS"],"build_version":"2018-12-4","purchased_purges":2,"victory":true,"max_hp_per_floor":[80,80,80,80,80,80,80,80,80,80,80,80,80,80,80,80,80,80,80,80,80,80,80,80,80,80,80,80,80,80,85,85,85,85,88,91,91,91,91,91,91,91,91,91,91,91,91,94,94,94],"card_choices":[{"not_picked":["Warcry","Evolve"],"picked":"Anger","floor":1},{"not_picked":["Bloodletting","Flex"],"picked":"Pommel Strike","floor":2},{"not_picked":["Body Slam","True Grit"],"picked":"Infernal Blade","floor":3},{"not_picked":["Wild Strike","True Grit"],"picked":"Iron Wave","floor":4},{"not_picked":["Uppercut","Body Slam","Blood for Blood"],"picked":"SKIP","floor":5},{"not_picked":["Uppercut","True Grit"],"picked":"Cleave","floor":7},{"not_picked":["True Grit","Thunderclap"],"picked":"Pommel Strike","floor":8},{"not_picked":["Sword Boomerang","Ghostly Armor"],"picked":"Pommel Strike","floor":10},{"not_picked":["Fiend Fire","Rage"],"picked":"Warcry","floor":11},{"not_picked":["Entrench","True Grit"],"picked":"Cleave","floor":13},{"not_picked":["Cleave","Wild Strike"],"picked":"Pommel Strike","floor":14},{"not_picked":["Perfected Strike","Cleave"],"picked":"Twin Strike+1","floor":18},{"not_picked":["Wild Strike","Whirlwind"],"picked":"Clash+1","floor":22},{"not_picked":["Rampage","Armaments"],"picked":"Cleave","floor":23},{"not_picked":["Cleave","Shrug It Off"],"picked":"Anger","floor":25},{"not_picked":["Rampage+1","Cleave+1"],"picked":"Warcry","floor":29},{"not_picked":["Fiend Fire","Reaper"],"picked":"Feed","floor":33},{"not_picked":["Wild Strike+1","Carnage+1"],"picked":"Perfected Strike","floor":35},{"not_picked":["Armaments","Spot Weakness"],"picked":"Rage+1","floor":36},{"not_picked":["Clothesline+1","Rampage"],"picked":"Rage+1","floor":37},{"not_picked":["True Grit","Twin Strike"],"picked":"Burning Pact","floor":38},{"not_picked":["Magnetism","Dark Shackles"],"picked":"Bandage Up","floor":39},{"not_picked":["Rupture+1","Cleave+1"],"picked":"Twin Strike+1","floor":41},{"not_picked":["Wild Strike+1","Ghostly Armor"],"picked":"Headbutt","floor":41},{"not_picked":["Headbutt","Infernal Blade+1"],"picked":"Warcry","floor":46},{"not_picked":["Body Slam+1","Bludgeon","Reckless Charge"],"picked":"SKIP","floor":46},{"not_picked":["Flame Barrier","Clothesline"],"picked":"Inflame","floor":48}],"player_experience":21046,"relics_obtained":[{"floor":7,"key":"StoneCalendar"},{"floor":9,"key":"Ginger"},{"floor":13,"key":"Red Skull"},{"floor":19,"key":"Sundial"},{"floor":23,"key":"Nunchaku"},{"floor":26,"key":"Letter Opener"},{"floor":38,"key":"Prayer Wheel"},{"floor":43,"key":"Dodecahedron"},{"floor":48,"key":"Frozen Egg 2"}],"event_choices":[{"damage_healed":0,"gold_gain":0,"player_choice":"Read","damage_taken":0,"max_hp_gain":0,"max_hp_loss":0,"event_name":"The Library","floor":21,"gold_loss":0,"cards_obtained":["Rage"]},{"damage_healed":0,"gold_gain":0,"player_choice":"Shed Blood","damage_taken":20,"max_hp_gain":5,"max_hp_loss":0,"event_name":"Forgotten Altar","floor":31,"gold_loss":0},{"damage_healed":0,"gold_gain":0,"player_choice":"Fight","damage_taken":0,"max_hp_gain":0,"max_hp_loss":0,"event_name":"MindBloom","floor":38,"gold_loss":0},{"damage_healed":0,"gold_gain":0,"player_choice":"Memory 1","damage_taken":0,"max_hp_gain":0,"max_hp_loss":0,"event_name":"SensoryStone","floor":39,"gold_loss":0},{"damage_healed":0,"gold_gain":0,"player_choice":"Got Potions","damage_taken":0,"max_hp_gain":0,"max_hp_loss":0,"event_name":"Lab","floor":44,"gold_loss":0}],"is_beta":true,"boss_relics":[{"not_picked":["Black Blood","Cursed Key"],"picked":"Empty Cage"},{"not_picked":["Velvet Choker","Mark of Pain"],"picked":"Sozu"}],"items_purged_floors":[20,27],"is_endless":false,"potions_floor_spawned":[3,5,11,13,14,16,29,33,35,38,46],"ascension_level":0}