{"gold_per_floor":[111,129,139,139,155,155,199,217,293,331,324,348,366,400,400,400],"floor_reached":16,"playtime":785,"items_purged":[],"score":195,"play_id":"3f003330-3464-4ed4-8e3b-3ca62d41606c","local_time":"20180822134523","is_ascension_mode":true,"campfire_choices":[{"floor":15,"key":"REST"}],"neow_cost":"NONE","seed_source_timestamp":157350354507473,"circlet_count":0,"master_deck":["Strike_R","Strike_R","Strike_R","Strike_R","Strike_R","Defend_R","Defend_R","Defend_R","Defend_R","Bash","Cleave","Sword Boomerang+1","Injury","Injury","Twin Strike","Reaper","Battle Trance","Intimidate"],"relics":["Burning Blood","Bag of Marbles","Golden Idol","Pear","Ornamental Fan","Mango","Potion Belt"],"potions_floor_usage":[7,11,16,16],"damage_taken":[{"damage":1,"enemies":"2 Louse","floor":1,"turns":2},{"damage":7,"enemies":"Jaw Worm","floor":2,"turns":3},{"damage":0,"enemies":"Small Slimes","floor":3,"turns":3},{"damage":4,"enemies":"3 Louse","floor":5,"turns":2},{"damage":16,"enemies":"Gremlin Nob","floor":7,"turns":3},{"damage":16,"enemies":"Blue Slaver","floor":8,"turns":4},{"damage":62,"enemies":"Lagavulin","floor":10,"turns":9},{"damage":16,"enemies":"Exordium Thugs","floor":11,"turns":4},{"damage":7,"enemies":"Looter","floor":12,"turns":3},{"damage":9,"enemies":"3 Louse","floor":13,"turns":2},{"damage":46,"enemies":"3 Sentries","floor":14,"turns":8},{"damage":57,"enemies":"Slime Boss","floor":16,"turns":7}],"seed_played":"1837229538182630241","potions_obtained":[{"floor":2,"key":"Fire Potion"},{"floor":8,"key":"GamblersBrew"},{"floor":11,"key":"Weak Potion"},{"floor":12,"key":"Weak Potion"}],"is_trial":false,"path_per_floor":["M","M","M","?","M","?","E","M","T","E","M","M","M","E","R"],"character_chosen":"IRONCLAD","items_purchased":[],"campfire_rested":1,"item_purchase_floors":[],"current_hp_per_floor":[77,76,80,80,80,80,80,70,70,34,32,31,46,18,49,0],"gold":400,"neow_bonus":"RANDOM_COMMON_RELIC","is_prod":false,"is_daily":false,"chose_seed":false,"campfire_upgraded":0,"win_rate":0,"timestamp":1534938323,"path_taken":["M","M","M","?","M","?","E","M","T","E","M","M","M","E","R","BOSS"],"build_version":"2018-08-16","purchased_purges":0,"victory":false,"max_hp_per_floor":[80,80,80,80,80,80,90,90,90,104,104,104,104,104,104,104],"card_choices":[{"not_picked":["Heavy Blade","Wild Strike"],"picked":"Cleave","floor":1},{"not_picked":["Whirlwind","Pommel Strike","Combust"],"picked":"SKIP","floor":2},{"not_picked":["Cleave","Clash"],"picked":"Sword Boomerang","floor":3},{"not_picked":["Cleave","Clothesline","Whirlwind"],"picked":"SKIP","floor":5},{"not_picked":["Entrench","Heavy Blade"],"picked":"Twin Strike","floor":7},{"not_picked":["Flex","Thunderclap"],"picked":"Reaper","floor":8},{"not_picked":["Sword Boomerang","Armaments","Shockwave"],"picked":"SKIP","floor":10},{"not_picked":["Wild Strike","Perfected Strike","Body Slam"],"picked":"SKIP","floor":11},{"not_picked":["Infernal Blade","Ghostly Armor"],"picked":"Battle Trance","floor":12},{"not_picked":["Perfected Strike","Evolve","Power Through"],"picked":"SKIP","floor":13},{"not_picked":["Impervious","Twin Strike"],"picked":"Intimidate","floor":14}],"player_experience":277063,"relics_obtained":[{"floor":7,"key":"Pear"},{"floor":9,"key":"Ornamental Fan"},{"floor":10,"key":"Mango"},{"floor":14,"key":"Potion Belt"}],"event_choices":[{"event_name":"Golden Idol","player_choice":"Take Wound","floor":4,"damage_taken":0},{"event_name":"Accursed Blacksmith","player_choice":"Forge","floor":6,"damage_taken":0}],"is_beta":false,"boss_relics":[],"items_purged_floors":[],"is_endless":false,"potions_floor_spawned":[2,8,11,12],"killed_by":"Slime Boss","ascension_level":7}