{"gold_per_floor":[112,62,73,84,101,132,132,307,307,307,307,340,351,363,363,461,461,461,461,461,20,20,20,20,20,20,20,20,20,20,20,20,20,20,20,20,20,20,20,20,20,20,20,20,20,0,0,0,0,0],"floor_reached":51,"playtime":6736,"items_purged":[],"score":1028,"play_id":"4c8b60f7-e6df-4219-96e1-35dc12acc1a2","local_time":"20190422184919","is_ascension_mode":true,"campfire_choices":[{"data":"Inflame","floor":7.0,"key":"SMITH"},{"data":"Flame Barrier","floor":11.0,"key":"SMITH"},{"data":"Anger","floor":15.0,"key":"SMITH"},{"data":"Bash","floor":24.0,"key":"SMITH"},{"floor":27.0,"key":"REST"},{"data":"Spot Weakness","floor":29.0,"key":"SMITH"},{"floor":32.0,"key":"REST"},{"data":"Searing Blow+2","floor":49,"key":"SMITH"}],"neow_cost":"NONE","seed_source_timestamp":0,"circlet_count":0,"master_deck":["Strike_R+1","Strike_R+1","Strike_R+1","Strike_R+1","Defend_R+1","Defend_R+1","Defend_R+1","Defend_R+1","Bash+1","Finesse","Inflame+1","True Grit","Anger+1","Flame Barrier+1","Bloodletting","Hemokinesis","Impervious","Shrug It Off+1","Spot Weakness+1","Metamorphosis","Immolate+1","Battle Trance","Bludgeon+1","Uppercut+1","Whirlwind+1","Parasite","Clothesline+1","Searing Blow+3","Reaper+1","Carnage+1","Doubt"],"special_seed":0,"relics":["Burning Blood","Orichalcum","Pear","Spirit Poop","Mango","Ectoplasm","Molten Egg 2","Happy Flower","Meat on the Bone","Question Card","Paper Frog","Enchiridion","Snecko Eye","Pantograph","Potion Belt","Juzu Bracelet","Ancient Tea Set","Red Mask"],"potions_floor_usage":[],"damage_taken":[{"damage":3.0,"enemies":"2 Louse","floor":1.0,"turns":3.0},{"damage":5.0,"enemies":"Small Slimes","floor":3.0,"turns":4.0},{"damage":2.0,"enemies":"Cultist","floor":4.0,"turns":4.0},{"damage":8.0,"enemies":"Blue Slaver","floor":5.0,"turns":3.0},{"damage":25.0,"enemies":"3 Sentries","floor":6.0,"turns":10.0},{"damage":27.0,"enemies":"Lagavulin","floor":12.0,"turns":8.0},{"damage":8.0,"enemies":"Large Slime","floor":13.0,"turns":5.0},{"damage":9.0,"enemies":"3 Louse","floor":14.0,"turns":4.0},{"damage":54.0,"enemies":"The Guardian","floor":16.0,"turns":7.0},{"damage":11.0,"enemies":"Spheric Guardian","floor":18.0,"turns":5.0},{"damage":42.0,"enemies":"Gremlin Leader","floor":23.0,"turns":6.0},{"damage":36.0,"enemies":"Book of Stabbing","floor":25.0,"turns":5.0},{"damage":4.0,"enemies":"Gremlin Leader","floor":28.0,"turns":5.0},{"damage":0.0,"enemies":"Chosen","floor":30.0,"turns":4.0},{"damage":80.0,"enemies":"Automaton","floor":33.0,"turns":9.0},{"damage":3.0,"enemies":"3 Shapes","floor":35.0,"turns":3.0},{"damage":18.0,"enemies":"3 Darklings","floor":36.0,"turns":5.0},{"damage":9.0,"enemies":"Maw","floor":38.0,"turns":6.0},{"damage":15.0,"enemies":"Writhing Mass","floor":39.0,"turns":4.0},{"damage":23.0,"enemies":"Giant Head","floor":40.0,"turns":6.0},{"damage":8,"enemies":"Reptomancer","floor":42,"turns":4},{"damage":30,"enemies":"Nemesis","floor":44,"turns":5},{"damage":13,"enemies":"Sphere and 2 Shapes","floor":45,"turns":4},{"damage":16,"enemies":"4 Shapes","floor":47,"turns":1},{"damage":74,"enemies":"Time Eater","floor":50,"turns":9}],"seed_played":"-3458696721010628921","potions_obtained":[{"floor":1.0,"key":"Weak Potion"},{"floor":5.0,"key":"Regen Potion"},{"floor":6.0,"key":"Poison Potion"},{"floor":13.0,"key":"LiquidBronze"},{"floor":18.0,"key":"Energy Potion"},{"floor":28.0,"key":"Fire Potion"},{"floor":33.0,"key":"Swift Potion"},{"floor":35.0,"key":"Block Potion"},{"floor":38.0,"key":"Energy Potion"},{"floor":42,"key":"SteroidPotion"},{"floor":47,"key":"Explosive Potion"}],"is_trial":false,"path_per_floor":["M","?","M","M","M","E","R","?","T","?","R","E","M","M","R","B",null,"M","?","?","$","?","E","R","E","T","R","E","R","M","?","R","B",null,"M","M","?","M","M","E","?","E","T","E","M","?","M","?","R","B",null],"character_chosen":"IRONCLAD","items_purchased":["Molten Egg 2","Metamorphosis"],"campfire_rested":2,"item_purchase_floors":[21,21],"current_hp_per_floor":[80,80,80,80,78,59,59,59,69,69,69,62,60,57,57,24,104,99,99,99,99,99,63,63,33,33,64,66,66,72,56,87,25,104,104,92,92,89,80,63,63,61,61,50,65,65,67,104,104,69],"gold":0,"neow_bonus":"RANDOM_COLORLESS","is_prod":false,"is_daily":false,"chose_seed":false,"campfire_upgraded":6,"win_rate":0,"timestamp":1555973359,"path_taken":["M","?","M","M","M","E","R","?","T","?","R","E","?","M","R","BOSS","M","?","?","$","?","E","R","E","T","R","E","R","M","?","R","BOSS","M","M","?","?","M","E","?","E","T","E","M","?","M","?","R","BOSS"],"build_version":"2019-01-23","purchased_purges":0,"victory":true,"max_hp_per_floor":[80,80,80,80,80,80,80,80,90,90,90,104,104,104,104,104,104,104,104,104,104,104,104,104,104,104,104,104,104,104,104,104,104,104,104,104,104,104,104,104,104,104,104,104,104,104,104,104,104,104],"card_choices":[{"not_picked":["Thunderclap","Intimidate"],"picked":"Inflame","floor":1.0},{"not_picked":["Perfected Strike","Rupture"],"picked":"True Grit","floor":3.0},{"not_picked":["Uppercut","Flex"],"picked":"Anger","floor":4.0},{"not_picked":["Flex","Body Slam"],"picked":"Flame Barrier","floor":5.0},{"not_picked":["Intimidate","Rupture"],"picked":"Bloodletting","floor":6.0},{"not_picked":["Thunderclap","Twin Strike"],"picked":"Hemokinesis","floor":12.0},{"not_picked":["Body Slam","Evolve","Sever Soul"],"picked":"SKIP","floor":13.0},{"not_picked":["Twin Strike","Dropkick","Sever Soul"],"picked":"SKIP","floor":14.0},{"not_picked":["Berserk","Fiend Fire"],"picked":"Impervious","floor":16.0},{"not_picked":["Burning Pact","Carnage+1"],"picked":"Shrug It Off+1","floor":18.0},{"not_picked":["Cleave+1","Sentinel","Body Slam+1"],"picked":"SKIP","floor":23.0},{"not_picked":["Anger+1","Thunderclap+1","Body Slam+1"],"picked":"SKIP","floor":25.0},{"not_picked":["Heavy Blade+1","Ghostly Armor+1","Blood for Blood+1"],"picked":"Immolate+1","floor":28.0},{"not_picked":["Combust+1","Sword Boomerang+1","Heavy Blade+1"],"picked":"Battle Trance","floor":30.0},{"not_picked":["Offering","Exhume","Immolate+1"],"picked":"Bludgeon+1","floor":33.0},{"not_picked":["Heavy Blade+1","Battle Trance+1","Metallicize"],"picked":"Uppercut+1","floor":35.0},{"not_picked":["Entrench+1","Clash+1","Headbutt+1"],"picked":"Whirlwind+1","floor":36.0},{"not_picked":["Iron Wave+1","Anger+1","Dropkick+1","Warcry"],"picked":"SKIP","floor":38.0},{"not_picked":["Searing Blow+1","Body Slam+1","Clash+1"],"picked":"Clothesline+1","floor":39.0},{"not_picked":["Reckless Charge+1","Rupture+1","Infernal Blade"],"picked":"Searing Blow+1","floor":40},{"not_picked":["Anger+1","Blood for Blood+1","Bloodletting"],"picked":"Reaper+1","floor":42},{"not_picked":["Twin Strike+1","Havoc+1","Flex","Body Slam+1"],"picked":"SKIP","floor":44},{"not_picked":["Thunderclap+1","Sentinel+1","Body Slam+1","Rupture"],"picked":"SKIP","floor":45},{"not_picked":["Twin Strike+1","Sword Boomerang+1","Pummel+1"],"picked":"Carnage+1","floor":47}],"player_experience":111316,"relics_obtained":[{"floor":6.0,"key":"Orichalcum"},{"floor":9.0,"key":"Pear"},{"floor":12.0,"key":"Mango"},{"floor":23.0,"key":"Happy Flower"},{"floor":25.0,"key":"Meat on the Bone"},{"floor":26.0,"key":"Question Card"},{"floor":28.0,"key":"Paper Frog"},{"floor":31.0,"key":"Enchiridion"},{"floor":40,"key":"Pantograph"},{"floor":42,"key":"Potion Belt"},{"floor":43,"key":"Juzu Bracelet"},{"floor":44,"key":"Ancient Tea Set"}],"event_choices":[{"cards_removed":["Strike_R"],"damage_healed":0.0,"max_hp_gain":0.0,"max_hp_loss":0.0,"gold_gain":0.0,"event_name":"The Cleric","player_choice":"Card Removal","floor":2.0,"gold_loss":50.0,"damage_taken":0.0},{"damage_healed":0.0,"max_hp_gain":0.0,"max_hp_loss":0.0,"gold_gain":175.0,"event_name":"Liars Game","player_choice":"AGREE","floor":8.0,"gold_loss":0.0,"damage_taken":0.0,"cards_obtained":["Doubt"]},{"cards_removed":["Doubt"],"damage_healed":0.0,"max_hp_gain":0.0,"max_hp_loss":0.0,"gold_gain":0.0,"event_name":"Bonfire Elementals","player_choice":"Offered Curse","floor":10.0,"gold_loss":0.0,"damage_taken":0.0,"relics_obtained":["Spirit Poop"]},{"damage_healed":0.0,"max_hp_gain":0.0,"max_hp_loss":0.0,"gold_gain":0.0,"event_name":"Back to Basics","player_choice":"Simplicity","floor":19.0,"gold_loss":0.0,"damage_taken":0.0,"cards_upgraded":["Strike_R","Strike_R","Strike_R","Strike_R","Defend_R","Defend_R","Defend_R","Defend_R"]},{"damage_healed":0.0,"max_hp_gain":0.0,"max_hp_loss":0.0,"gold_gain":0.0,"event_name":"The Library","player_choice":"Read","floor":20.0,"gold_loss":0.0,"damage_taken":0.0,"cards_obtained":["Spot Weakness"]},{"damage_healed":0.0,"max_hp_gain":0.0,"max_hp_loss":0.0,"gold_gain":0.0,"event_name":"Beggar","player_choice":"Ignored","floor":22.0,"gold_loss":0.0,"damage_taken":0.0},{"damage_healed":0.0,"max_hp_gain":0.0,"max_hp_loss":0.0,"gold_gain":0.0,"event_name":"Cursed Tome","player_choice":"Obtained Book","floor":31.0,"gold_loss":0.0,"damage_taken":16.0},{"damage_healed":0.0,"max_hp_gain":0.0,"max_hp_loss":0.0,"gold_gain":0.0,"event_name":"SecretPortal","player_choice":"Ignored","floor":37.0,"gold_loss":0.0,"damage_taken":0.0},{"damage_healed":0,"gold_gain":0,"player_choice":"Upgraded","damage_taken":0,"max_hp_gain":0,"max_hp_loss":0,"event_name":"Upgrade Shrine","floor":41,"gold_loss":0,"cards_upgraded":["Searing Blow"]},{"damage_healed":0,"gold_gain":0,"player_choice":"Paid","damage_taken":0,"relics_obtained":["Red Mask"],"max_hp_gain":0,"max_hp_loss":0,"event_name":"Tomb of Lord Red Mask","floor":46,"gold_loss":20},{"damage_healed":37,"gold_gain":0,"player_choice":"Heal","damage_taken":0,"max_hp_gain":0,"max_hp_loss":0,"event_name":"MindBloom","floor":48,"gold_loss":0,"cards_obtained":["Doubt"]}],"is_beta":false,"boss_relics":[{"not_picked":["Calling Bell","Runic Cube"],"picked":"Ectoplasm"},{"not_picked":["White Beast Statue","Tiny House"],"picked":"Snecko Eye"}],"items_purged_floors":[],"is_endless":false,"potions_floor_spawned":[1,5,6,13,14,18,28,33,35,38,42,47],"ascension_level":4}