{"gold_per_floor":[118,43,57,75,86,86,117,128,153,166,166,166,179,208,208,279,279,291,291,309,309,309],"floor_reached":22,"playtime":1115,"items_purged":["Pain"],"score":396,"play_id":"7cee74a8-56cd-49cd-83a0-d2356e48ee3f","local_time":"20181221161952","is_ascension_mode":true,"campfire_choices":[{"data":"Bouncing Flask","floor":6.0,"key":"SMITH"},{"floor":11,"key":"REST"},{"floor":15,"key":"REST"}],"neow_cost":"CURSE","seed_source_timestamp":0,"circlet_count":0,"master_deck":["AscendersBane","Defend_G","Defend_G","Defend_G","Defend_G","Defend_G","Strike_G","Strike_G","Strike_G+1","Strike_G","Strike_G+1","Survivor","Neutralize","Malaise","Choke","Leg Sweep","Poisoned Stab","Bouncing Flask+1","Backflip","Parasite","Poisoned Stab","PiercingWail","A Thousand Cuts","PiercingWail","Prepared+1"],"special_seed":0,"relics":["Ring of the Snake","Pen Nib","Whetstone","Ancient Tea Set","Fusion Hammer"],"potions_floor_usage":[10,10,14,21,21],"damage_taken":[{"damage":8.0,"enemies":"2 Louse","floor":1.0,"turns":6.0},{"damage":1.0,"enemies":"Small Slimes","floor":3.0,"turns":3.0},{"damage":0.0,"enemies":"Cultist","floor":4.0,"turns":3.0},{"damage":9.0,"enemies":"2 Fungi Beasts","floor":5.0,"turns":6.0},{"damage":24.0,"enemies":"Gremlin Nob","floor":7.0,"turns":4.0},{"damage":14.0,"enemies":"Exordium Wildlife","floor":8.0,"turns":8.0},{"damage":0,"enemies":"Blue Slaver","floor":10,"turns":3},{"damage":7,"enemies":"Looter","floor":13,"turns":3},{"damage":15,"enemies":"3 Sentries","floor":14,"turns":12},{"damage":15,"enemies":"Hexaghost","floor":16,"turns":13},{"damage":21,"enemies":"Chosen","floor":18,"turns":6},{"damage":0,"enemies":"Spheric Guardian","floor":20,"turns":4},{"damage":23,"enemies":"Colosseum Slavers","floor":21,"turns":8},{"damage":19,"enemies":"Centurion and Healer","floor":22,"turns":5}],"seed_played":"8669833970016120347","potions_obtained":[{"floor":5.0,"key":"EssenceOfSteel"},{"floor":8.0,"key":"Weak Potion"},{"floor":13,"key":"EssenceOfSteel"},{"floor":16,"key":"Weak Potion"},{"floor":18,"key":"EssenceOfSteel"}],"is_trial":false,"path_per_floor":["M","$","M","M","M","R","E","M","T","M","R","?","M","E","R","B",null,"M","?","M","?","M"],"character_chosen":"THE_SILENT","items_purchased":[],"campfire_rested":2,"item_purchase_floors":[],"current_hp_per_floor":[51,51,50,50,41,41,17,3,3,3,22,38,31,16,35,20,55,34,34,34,11,0],"gold":309,"neow_bonus":"THREE_RARE_CARDS","is_prod":false,"is_daily":false,"chose_seed":false,"campfire_upgraded":1,"win_rate":0,"timestamp":1545405592,"path_taken":["M","$","M","M","M","R","E","M","T","M","R","?","M","E","R","BOSS","M","?","?","?","M"],"build_version":"2018-12-20","purchased_purges":1,"victory":false,"max_hp_per_floor":[66,66,66,66,66,66,66,66,66,66,66,66,66,66,66,66,66,66,66,66,66,66],"card_choices":[{"not_picked":["Doppelganger","Unload"],"picked":"Malaise","floor":0.0},{"not_picked":["Dagger Throw","Accuracy"],"picked":"Choke","floor":1.0},{"not_picked":["Setup","Prepared"],"picked":"Leg Sweep","floor":3.0},{"not_picked":["Dodge and Roll","Underhanded Strike"],"picked":"Poisoned Stab","floor":4.0},{"not_picked":["Concentrate","Prepared"],"picked":"Bouncing Flask","floor":5.0},{"not_picked":["Expertise","Slice","Riddle With Holes"],"picked":"SKIP","floor":7.0},{"not_picked":["Sucker Punch","Slice"],"picked":"Backflip","floor":8.0},{"not_picked":["Acrobatics","All Out Attack","Outmaneuver"],"picked":"SKIP","floor":10},{"not_picked":["Slice","Deflect"],"picked":"Poisoned Stab","floor":13},{"not_picked":["Predator","Flechettes"],"picked":"PiercingWail","floor":14},{"not_picked":["Die Die Die","Bullet Time"],"picked":"A Thousand Cuts","floor":16},{"not_picked":["Sucker Punch","Deadly Poison"],"picked":"PiercingWail","floor":18},{"not_picked":["Flying Knee","Choke"],"picked":"Prepared+1","floor":20}],"player_experience":1004564,"relics_obtained":[{"floor":7.0,"key":"Pen Nib"},{"floor":9.0,"key":"Whetstone"},{"floor":14,"key":"Ancient Tea Set"}],"event_choices":[{"damage_healed":16,"gold_gain":0,"player_choice":"Healed and dodged fight","damage_taken":0,"max_hp_gain":0,"max_hp_loss":0,"event_name":"Mushrooms","floor":12,"gold_loss":0,"cards_obtained":["Parasite"]},{"damage_healed":0,"gold_gain":0,"player_choice":"Got Potions","damage_taken":0,"max_hp_gain":0,"max_hp_loss":0,"event_name":"Lab","floor":19,"gold_loss":0},{"damage_healed":0,"gold_gain":0,"player_choice":"Fight","damage_taken":0,"max_hp_gain":0,"max_hp_loss":0,"event_name":"Colosseum","floor":21,"gold_loss":0},{"damage_healed":0,"gold_gain":0,"player_choice":"Fled From Nobs","damage_taken":0,"max_hp_gain":0,"max_hp_loss":0,"event_name":"Colosseum","floor":21,"gold_loss":0}],"is_beta":false,"boss_relics":[{"not_picked":["Orrery","WristBlade"],"picked":"Fusion Hammer"}],"items_purged_floors":[2],"is_endless":false,"potions_floor_spawned":[5,8,13,16,18],"killed_by":"Centurion and Healer","ascension_level":20}