{"gold_per_floor":[116,116,75,88,1,27,41,76,122,122,34,34,60,60,60,60],"floor_reached":16,"playtime":668,"items_purged":[],"score":215,"play_id":"d97d4cd9-789d-4d53-b8d6-a86f194c7a5f","local_time":"20190414014834","is_ascension_mode":true,"campfire_choices":[{"data":"Bash","floor":10,"key":"SMITH"},{"data":"Uppercut","floor":12,"key":"SMITH"},{"data":"Carnage","floor":15,"key":"SMITH"}],"neow_cost":"NONE","seed_source_timestamp":39753772834417,"circlet_count":0,"master_deck":["AscendersBane","Strike_R","Strike_R","Strike_R","Strike_R","Defend_R","Defend_R","Defend_R","Defend_R","Bash+1","Shrug It Off","Rampage","Headbutt","Uppercut+1","Carnage+1","Flame Barrier","Shrug It Off","Metallicize"],"relics":["Burning Blood","Ornamental Fan","Orichalcum","Centennial Puzzle","Champion Belt","Matryoshka"],"potions_floor_usage":[6,13,16,16],"damage_taken":[{"damage":9,"enemies":"Jaw Worm","floor":1,"turns":4},{"damage":1,"enemies":"Cultist","floor":4,"turns":4},{"damage":20,"enemies":"Gremlin Nob","floor":6,"turns":4},{"damage":0,"enemies":"Small Slimes","floor":7,"turns":3},{"damage":28,"enemies":"Lagavulin","floor":8,"turns":6},{"damage":3,"enemies":"3 Sentries","floor":13,"turns":7},{"damage":54,"enemies":"Slime Boss","floor":16,"turns":7}],"seed_played":"8290444151528406854","potions_obtained":[{"floor":0,"key":"Ancient Potion"},{"floor":0,"key":"GamblersBrew"},{"floor":1,"key":"AttackPotion"},{"floor":8,"key":"EntropicBrew"}],"is_trial":false,"path_per_floor":["M","?","$","M","$","E","M","E","T","R","$","R","E","T","R","B"],"character_chosen":"IRONCLAD","items_purchased":["Rampage","Uppercut","Metallicize"],"campfire_rested":0,"item_purchase_floors":[3,5,11],"current_hp_per_floor":[65,65,65,70,70,56,62,40,40,40,40,40,43,43,43,0],"gold":60,"neow_bonus":"THREE_SMALL_POTIONS","is_prod":false,"is_daily":false,"chose_seed":false,"campfire_upgraded":3,"win_rate":0,"timestamp":1555217314,"path_taken":["M","?","$","M","$","E","M","E","T","R","?","R","E","?","R","BOSS"],"build_version":"2019-01-23","purchased_purges":0,"victory":false,"max_hp_per_floor":[75,75,75,75,75,75,75,75,75,75,75,75,75,75,75,75],"card_choices":[{"not_picked":["Heavy Blade","Rupture"],"picked":"Shrug It Off","floor":1},{"not_picked":["Twin Strike","Armaments"],"picked":"Headbutt","floor":4},{"not_picked":["Corruption","Iron Wave"],"picked":"Carnage","floor":6},{"not_picked":["Twin Strike","Sentinel"],"picked":"Flame Barrier","floor":7},{"not_picked":["Second Wind","Infernal Blade"],"picked":"Shrug It Off","floor":8},{"not_picked":["Havoc","Blood for Blood","Heavy Blade"],"picked":"SKIP","floor":13}],"player_experience":621469,"relics_obtained":[{"floor":6,"key":"Ornamental Fan"},{"floor":8,"key":"Orichalcum"},{"floor":9,"key":"Centennial Puzzle"},{"floor":13,"key":"Champion Belt"},{"floor":14,"key":"Matryoshka"}],"event_choices":[{"cards_removed":["Strike_R"],"damage_healed":0,"gold_gain":0,"player_choice":"Offered Basic","damage_taken":0,"max_hp_gain":0,"max_hp_loss":0,"event_name":"Bonfire Elementals","floor":2,"gold_loss":0}],"is_beta":false,"boss_relics":[],"items_purged_floors":[],"is_endless":false,"potions_floor_spawned":[1,8],"killed_by":"Slime Boss","ascension_level":17}