{"gold_per_floor":[369,87,102,102,121,155,169,197,197,197,197,21,39,73,73,150,150,162,172,191,205,47,80,80,80,131,165,165,165,197,216,216,294,294,307,582,602,56,68,68,83,83],"floor_reached":42,"playtime":2404,"items_purged":["Strike_R","True Grit"],"score":870,"play_id":"7c10d98f-8f13-4e9a-96b4-2b9ed14be17f","local_time":"20190407151216","is_ascension_mode":true,"campfire_choices":[{"floor":10,"key":"REST"},{"data":"Uppercut","floor":15,"key":"SMITH"},{"floor":25,"key":"REST"},{"floor":32,"key":"REST"},{"floor":40,"key":"REST"}],"neow_cost":"PERCENT_DAMAGE","seed_source_timestamp":3547516620104,"circlet_count":0,"master_deck":["AscendersBane","Strike_R","Strike_R","Strike_R","Defend_R","Defend_R","Defend_R","Defend_R","Bash","Uppercut+1","Bludgeon","Impervious","Shrug It Off","Anger","Flame Barrier","Headbutt","Body Slam+1","Iron Wave+1","Body Slam+1","Offering","Cleave+1","Whirlwind+1","Immolate+1","Entrench","J.A.X.","Sword Boomerang+1","Disarm+1","Rupture+1","Limit Break","Hemokinesis+1","True Grit+1","Demon Form+1","Reaper+1","True Grit+1"],"relics":["Burning Blood","Ancient Tea Set","Matryoshka","Molten Egg 2","FossilizedHelix","Frozen Egg 2","Fusion Hammer","Red Skull","Orichalcum","Vajra","Omamori","Red Mask","Sozu","Pen Nib"],"potions_floor_usage":[7,8,23,30,33,39],"damage_taken":[{"damage":11,"enemies":"Jaw Worm","floor":1,"turns":4},{"damage":0,"enemies":"Cultist","floor":3,"turns":2},{"damage":2,"enemies":"2 Louse","floor":5,"turns":3},{"damage":24,"enemies":"3 Sentries","floor":6,"turns":9},{"damage":1,"enemies":"Blue Slaver","floor":7,"turns":3},{"damage":28,"enemies":"Gremlin Nob","floor":8,"turns":4},{"damage":0,"enemies":"3 Louse","floor":13,"turns":3},{"damage":16,"enemies":"Lagavulin","floor":14,"turns":9},{"damage":27,"enemies":"The Guardian","floor":16,"turns":11},{"damage":10,"enemies":"Shell Parasite","floor":18,"turns":4},{"damage":0,"enemies":"3 Byrds","floor":19,"turns":4},{"damage":8,"enemies":"Shelled Parasite and Fungi","floor":20,"turns":3},{"damage":0,"enemies":"Centurion and Healer","floor":21,"turns":2},{"damage":16,"enemies":"Gremlin Leader","floor":23,"turns":4},{"damage":6,"enemies":"Book of Stabbing","floor":27,"turns":3},{"damage":18,"enemies":"Masked Bandits","floor":30,"turns":3},{"damage":0,"enemies":"Snake Plant","floor":31,"turns":4},{"damage":69,"enemies":"Collector","floor":33,"turns":10},{"damage":0,"enemies":"3 Shapes","floor":35,"turns":3},{"damage":3,"enemies":"Orb Walker","floor":37,"turns":2},{"damage":31,"enemies":"Writhing Mass","floor":39,"turns":5},{"damage":15,"enemies":"Transient","floor":41,"turns":5},{"damage":76,"enemies":"Reptomancer","floor":42,"turns":4}],"seed_played":"7533042911437691665","potions_obtained":[{"floor":5,"key":"AttackPotion"},{"floor":6,"key":"Strength Potion"},{"floor":8,"key":"AttackPotion"},{"floor":19,"key":"FearPotion"},{"floor":23,"key":"Dexterity Potion"},{"floor":33,"key":"SpeedPotion"}],"is_trial":false,"path_per_floor":["M","$","M","?","M","E","M","E","T","R","?","$","M","E","R","B",null,"M","M","M","M","$","E","?","R","T","E","?","?","?","M","R","B",null,"M","?","M","$","M","R","M","E"],"character_chosen":"IRONCLAD","items_purchased":["Uppercut","Bludgeon","Impervious","Body Slam+1","True Grit","Immolate+1","Demon Form+1","Reaper+1","Pen Nib"],"campfire_rested":4,"item_purchase_floors":[2,2,2,12,12,22,38,38,38],"current_hp_per_floor":[45,45,51,51,55,37,42,20,20,42,42,42,48,38,38,17,61,57,63,61,67,67,57,57,75,75,75,54,54,42,48,70,7,58,64,64,67,67,42,64,71,0],"gold":83,"neow_bonus":"TWO_FIFTY_GOLD","is_prod":false,"is_daily":false,"chose_seed":false,"campfire_upgraded":1,"win_rate":0,"timestamp":1554660736,"path_taken":["M","$","M","?","M","E","M","E","T","R","?","$","M","E","R","BOSS","M","?","M","M","$","E","?","R","T","E","?","?","?","M","R","BOSS","M","?","?","$","M","R","?","E"],"build_version":"2019-01-23","purchased_purges":2,"victory":false,"max_hp_per_floor":[75,75,75,75,75,75,75,75,75,75,75,75,75,75,75,75,75,75,75,75,75,75,75,75,75,75,75,75,75,75,75,75,75,75,75,75,75,75,75,75,75,75],"card_choices":[{"not_picked":["Clash","Flex","Twin Strike"],"picked":"SKIP","floor":1},{"not_picked":["Carnage","Whirlwind"],"picked":"Shrug It Off","floor":3},{"not_picked":["Wild Strike","Sword Boomerang"],"picked":"Anger","floor":5},{"not_picked":["Headbutt","Burning Pact"],"picked":"Flame Barrier","floor":6},{"not_picked":["Flex","Corruption"],"picked":"Headbutt","floor":7},{"not_picked":["Rupture","Blood for Blood","Bludgeon"],"picked":"SKIP","floor":8},{"not_picked":["Intimidate","Warcry"],"picked":"Iron Wave+1","floor":13},{"not_picked":["Power Through","Warcry"],"picked":"Body Slam+1","floor":14},{"not_picked":["Dark Embrace+1","Limit Break"],"picked":"Offering","floor":16},{"not_picked":["Thunderclap+1","Warcry"],"picked":"Cleave+1","floor":18},{"not_picked":["True Grit","Carnage+1"],"picked":"Whirlwind+1","floor":19},{"not_picked":["Blood for Blood+1","Headbutt+1","Thunderclap+1"],"picked":"SKIP","floor":20},{"not_picked":["Thunderclap+1","Anger+1","Headbutt+1"],"picked":"SKIP","floor":21},{"not_picked":["Pommel Strike+1","Wild Strike+1"],"picked":"Entrench","floor":23},{"not_picked":["Thunderclap+1","Carnage+1","Dark Embrace+1"],"picked":"SKIP","floor":27},{"not_picked":["Heavy Blade+1","Bloodletting"],"picked":"Disarm+1","floor":30},{"not_picked":["Perfected Strike+1","Clash+1"],"picked":"Rupture+1","floor":31},{"not_picked":["Immolate+1","Feed+1"],"picked":"Limit Break","floor":33},{"not_picked":["Sword Boomerang+1","Warcry"],"picked":"Hemokinesis+1","floor":35},{"not_picked":["Flex","Warcry+1"],"picked":"True Grit+1","floor":37},{"not_picked":["Rampage+1","Burning Pact"],"picked":"True Grit+1","floor":39},{"not_picked":["Blood for Blood+1","Wild Strike+1","Reckless Charge+1"],"picked":"SKIP","floor":41}],"player_experience":544909,"relics_obtained":[{"floor":6,"key":"Ancient Tea Set"},{"floor":8,"key":"Matryoshka"},{"floor":9,"key":"Molten Egg 2"},{"floor":9,"key":"FossilizedHelix"},{"floor":14,"key":"Frozen Egg 2"},{"floor":23,"key":"Red Skull"},{"floor":26,"key":"Orichalcum"},{"floor":26,"key":"Vajra"},{"floor":27,"key":"Omamori"},{"floor":30,"key":"Red Mask"}],"event_choices":[{"damage_healed":0,"gold_gain":0,"player_choice":"Ignored","damage_taken":0,"max_hp_gain":0,"max_hp_loss":0,"event_name":"Liars Game","floor":4,"gold_loss":0},{"cards_removed":["Strike_R"],"damage_healed":0,"gold_gain":0,"player_choice":"Offered Basic","damage_taken":0,"max_hp_gain":0,"max_hp_loss":0,"event_name":"Bonfire Elementals","floor":11,"gold_loss":0},{"damage_healed":0,"gold_gain":0,"player_choice":"Obtain J.A.X.","damage_taken":0,"max_hp_gain":0,"max_hp_loss":0,"event_name":"Drug Dealer","floor":24,"gold_loss":0,"cards_obtained":["J.A.X."]},{"damage_healed":0,"gold_gain":0,"player_choice":"Obtained Book","damage_taken":21,"max_hp_gain":0,"max_hp_loss":0,"event_name":"Cursed Tome","floor":28,"gold_loss":0},{"damage_healed":0,"gold_gain":0,"player_choice":"Read","damage_taken":0,"max_hp_gain":0,"max_hp_loss":0,"event_name":"The Library","floor":29,"gold_loss":0,"cards_obtained":["Sword Boomerang"]},{"damage_healed":0,"gold_gain":0,"player_choice":"Fought Bandits","damage_taken":0,"max_hp_gain":0,"max_hp_loss":0,"event_name":"Masked Bandits","floor":30,"gold_loss":0},{"damage_healed":0,"gold_gain":275,"player_choice":"Desecrate","damage_taken":0,"max_hp_gain":0,"max_hp_loss":0,"event_name":"Golden Shrine","floor":36,"gold_loss":0,"cards_obtained":["Regret"]}],"is_beta":false,"boss_relics":[{"not_picked":["Cursed Key","Coffee Dripper"],"picked":"Fusion Hammer"},{"not_picked":["White Beast Statue","Eternal Feather"],"picked":"Sozu"}],"items_purged_floors":[12,38],"is_endless":false,"potions_floor_spawned":[5,6,8,19,21,23,33,37,39,41],"killed_by":"Reptomancer","ascension_level":15}