{"gold_per_floor":[11,25,25,40,56,56,87,99,99,99,99,99],"floor_reached":12,"playtime":1909,"items_purged":[],"score":160,"play_id":"5c74aa77-a361-4239-a2b5-b46e9a183b68","local_time":"20190409141427","is_ascension_mode":true,"campfire_choices":[{"data":"Zap","floor":6.0,"key":"SMITH"},{"data":"Defragment","floor":11.0,"key":"SMITH"}],"neow_cost":"NO_GOLD","seed_source_timestamp":0,"circlet_count":0,"master_deck":["AscendersBane","Strike_B","Strike_B+1","Defend_B","Defend_B","Defend_B","Defend_B","Zap+1","Dualcast","Consume","Glacier","Defragment+1","Compile Driver+1","Glacier","Self Repair"],"special_seed":0,"relics":["Cracked Core","Whetstone","Blood Vial","FaceOfCleric"],"potions_floor_usage":[],"damage_taken":[{"damage":3.0,"enemies":"Cultist","floor":1.0,"turns":5.0},{"damage":1.0,"enemies":"2 Louse","floor":2.0,"turns":3.0},{"damage":2.0,"enemies":"Jaw Worm","floor":4.0,"turns":7.0},{"damage":10.0,"enemies":"Exordium Thugs","floor":5.0,"turns":3.0},{"damage":37.0,"enemies":"3 Sentries","floor":7.0,"turns":23.0},{"damage":0.0,"enemies":"Blue Slaver","floor":8.0,"turns":7.0},{"damage":32,"enemies":"Gremlin Nob","floor":12,"turns":3}],"seed_played":"-8601735078895911375","potions_obtained":[{"floor":1.0,"key":"AttackPotion"},{"floor":2.0,"key":"Explosive Potion"},{"floor":7.0,"key":"Regen Potion"}],"is_trial":false,"path_per_floor":["M","M","$","M","M","R","E","M","T","?","R","E"],"character_chosen":"DEFECT","items_purchased":[],"campfire_rested":0,"item_purchase_floors":[],"current_hp_per_floor":[61,60,60,58,48,48,11,26,26,26,26,0],"gold":99,"neow_bonus":"REMOVE_TWO","is_prod":false,"is_daily":false,"chose_seed":false,"campfire_upgraded":2,"win_rate":0,"timestamp":1554812067,"path_taken":["M","?","?","M","M","R","E","M","T","?","R","E"],"build_version":"2019-01-23","purchased_purges":0,"victory":false,"max_hp_per_floor":[71,71,71,71,71,71,71,71,71,71,71,71],"card_choices":[{"not_picked":["Tempest","Redo"],"picked":"Consume","floor":1.0},{"not_picked":["Compile Driver","Go for the Eyes"],"picked":"Glacier","floor":2.0},{"not_picked":["Aggregate","Melter"],"picked":"Defragment","floor":4.0},{"not_picked":["Chill","Barrage"],"picked":"Compile Driver","floor":5.0},{"not_picked":["Leap","Heatsinks"],"picked":"Glacier","floor":7.0},{"not_picked":["Gash","Beam Cell"],"picked":"Self Repair","floor":8.0}],"player_experience":1428518,"relics_obtained":[{"floor":7.0,"key":"Whetstone"},{"floor":9.0,"key":"Blood Vial"}],"event_choices":[{"damage_healed":0.0,"max_hp_gain":0.0,"max_hp_loss":0.0,"gold_gain":0.0,"event_name":"FaceTrader","player_choice":"Trade","floor":10.0,"gold_loss":0.0,"damage_taken":0.0,"relics_obtained":["FaceOfCleric"]}],"is_beta":false,"boss_relics":[],"items_purged_floors":[],"is_endless":false,"potions_floor_spawned":[1,2,7],"killed_by":"Gremlin Nob","ascension_level":20}