{"gold_per_floor":[114,64,79,79,6,36,36,36,36,36,66,66,96,111,111,211,211,226,151,151,151,166,166,196,211,286,201,201,201,231,246,246,346,346,361,376,391,406,421,451,451,466,491,491,506,536,536,536,536,536],"floor_reached":51,"playtime":2574,"items_purged":[],"score":938,"play_id":"ae30fd51-6ea3-4ce6-83b5-c9c22a896add","local_time":"20190408011023","daily_mods":["Draft","ControlledChaos","Night Terrors"],"is_ascension_mode":false,"campfire_choices":[{"data":"Whirlwind","floor":7,"key":"SMITH"},{"data":"Feed","floor":10,"key":"SMITH"},{"data":"Body Slam","floor":15,"key":"SMITH"},{"data":"True Grit","floor":23,"key":"SMITH"},{"data":"Dual Wield","floor":32,"key":"SMITH"},{"data":"Flex","floor":41,"key":"SMITH"},{"data":"Shockwave","floor":49,"key":"SMITH"}],"neow_cost":"","seed_source_timestamp":0,"circlet_count":0,"master_deck":["Body Slam+1","Body Slam+1","Shrug It Off","True Grit+1","Shockwave+1","Clash","Rage","Disarm","Dual Wield+1","Clash","Pummel","Shrug It Off","Shrug It Off","Whirlwind+1","Feed+1","Flex+1","Impervious","RitualDagger","Clothesline+1","Flex+1","Flex+1","Iron Wave+1"],"special_seed":17994,"relics":["Burning Blood","Frozen Eye","Orichalcum","The Courier","Juzu Bracelet","Meat on the Bone","Vajra","Runic Pyramid","Bag of Preparation","Mercury Hourglass","Question Card","Bottled Flame","Coffee Dripper","Pantograph","Omamori","WarpedTongs","Ancient Tea Set","Smiling Mask"],"potions_floor_usage":[11,16,16,24,25,40,45,46,50],"damage_taken":[{"damage":0,"enemies":"Jaw Worm","floor":1,"turns":3},{"damage":0,"enemies":"2 Louse","floor":3,"turns":2},{"damage":1,"enemies":"Gremlin Nob","floor":6,"turns":3},{"damage":0,"enemies":"3 Sentries","floor":11,"turns":3},{"damage":0,"enemies":"Lagavulin","floor":13,"turns":4},{"damage":0,"enemies":"Small Slimes","floor":14,"turns":2},{"damage":8,"enemies":"The Guardian","floor":16,"turns":11},{"damage":0,"enemies":"Spheric Guardian","floor":18,"turns":4},{"damage":0,"enemies":"Chosen","floor":22,"turns":2},{"damage":6,"enemies":"Book of Stabbing","floor":24,"turns":4},{"damage":0,"enemies":"3 Cultists","floor":25,"turns":3},{"damage":0,"enemies":"Gremlin Leader","floor":30,"turns":6},{"damage":0,"enemies":"Sentry and Sphere","floor":31,"turns":3},{"damage":51,"enemies":"Automaton","floor":33,"turns":11},{"damage":1,"enemies":"3 Darklings","floor":35,"turns":2},{"damage":2,"enemies":"Orb Walker","floor":36,"turns":2},{"damage":0,"enemies":"Transient","floor":37,"turns":5},{"damage":9,"enemies":"Maw","floor":38,"turns":8},{"damage":0,"enemies":"Jaw Worm Horde","floor":39,"turns":4},{"damage":10,"enemies":"Nemesis","floor":40,"turns":3},{"damage":0,"enemies":"3 Darklings","floor":42,"turns":2},{"damage":0,"enemies":"Sphere and 2 Shapes","floor":45,"turns":2},{"damage":0,"enemies":"Giant Head","floor":46,"turns":4},{"damage":71,"enemies":"Awakened One","floor":50,"turns":9}],"seed_played":"-2695250490538151915","potions_obtained":[{"floor":1,"key":"LiquidBronze"},{"floor":6,"key":"Explosive Potion"},{"floor":13,"key":"Block Potion"},{"floor":16,"key":"PowerPotion"},{"floor":22,"key":"LiquidBronze"},{"floor":24,"key":"SkillPotion"},{"floor":30,"key":"SpeedPotion"},{"floor":31,"key":"SpeedPotion"},{"floor":36,"key":"Block Potion"},{"floor":40,"key":"Explosive Potion"},{"floor":45,"key":"PowerPotion"},{"floor":46,"key":"PowerPotion"}],"is_trial":false,"path_per_floor":["M","?","M","?","$","E","R","$","T","R","E","T","E","M","R","B",null,"M","?","$","?","M","R","E","M","T","?","$","?","E","M","R","B",null,"M","M","M","M","M","E","R","M","T","?","M","E","?","T","R","B",null],"character_chosen":"IRONCLAD","items_purchased":["Whirlwind"],"campfire_rested":0,"item_purchase_floors":[5],"current_hp_per_floor":[80,80,80,80,80,80,80,80,80,80,84,84,84,88,88,86,88,92,92,92,86,92,92,96,104,104,104,104,88,98,108,108,63,112,116,120,120,117,128,124,124,132,132,132,136,140,126,126,126,79],"gold":536,"neow_bonus":"","is_prod":false,"is_daily":true,"chose_seed":false,"campfire_upgraded":7,"win_rate":0,"timestamp":1554711023,"path_taken":["M","?","M","?","$","E","R","$","T","R","E","?","E","M","R","BOSS","M","?","$","?","M","R","E","M","T","?","?","?","E","M","R","BOSS","M","M","M","M","M","E","R","M","T","?","M","E","?","?","R","BOSS"],"build_version":"2019-01-23","purchased_purges":0,"victory":true,"max_hp_per_floor":[80,80,80,80,80,80,80,80,80,80,84,84,84,88,88,88,88,92,92,92,92,92,92,96,104,104,104,104,104,108,112,112,112,112,116,120,120,120,128,128,128,132,132,132,136,140,140,140,140,144],"card_choices":[{"not_picked":["Power Through","Perfected Strike"],"picked":"Body Slam","floor":0},{"not_picked":["Perfected Strike","Ghostly Armor"],"picked":"Body Slam","floor":0},{"not_picked":["Heavy Blade","Anger"],"picked":"Headbutt","floor":0},{"not_picked":["Armaments","Iron Wave"],"picked":"Shrug It Off","floor":0},{"not_picked":["Inflame","Headbutt"],"picked":"True Grit","floor":0},{"not_picked":["Evolve","Thunderclap"],"picked":"Shockwave","floor":0},{"not_picked":["Evolve","Sever Soul"],"picked":"Headbutt","floor":0},{"not_picked":["Havoc","Shrug It Off"],"picked":"Clash","floor":0},{"not_picked":["Headbutt","Heavy Blade"],"picked":"Rage","floor":0},{"not_picked":["Heavy Blade","Rupture"],"picked":"Disarm","floor":0},{"not_picked":["Second Wind","Dropkick"],"picked":"Dual Wield","floor":0},{"not_picked":["Power Through","Shrug It Off"],"picked":"Clash","floor":0},{"not_picked":["Anger","Bloodletting"],"picked":"Pummel","floor":0},{"not_picked":["Fire Breathing","Sever Soul"],"picked":"Shrug It Off","floor":0},{"not_picked":["Seeing Red","Warcry"],"picked":"Shrug It Off","floor":0},{"not_picked":["Cleave","Flex","Second Wind"],"picked":"SKIP","floor":1},{"not_picked":["Wild Strike","Sentinel","Sword Boomerang"],"picked":"SKIP","floor":3},{"not_picked":["Spot Weakness","Headbutt"],"picked":"Feed","floor":6},{"not_picked":["Combust","Clothesline","Anger"],"picked":"SKIP","floor":11},{"not_picked":["Sentinel","Perfected Strike"],"picked":"Flex","floor":13},{"not_picked":["Thunderclap","Heavy Blade","Flex"],"picked":"SKIP","floor":14},{"not_picked":["Dark Embrace","Reaper"],"picked":"Impervious","floor":16},{"not_picked":["True Grit","Cleave","Uppercut"],"picked":"SKIP","floor":18},{"not_picked":["Havoc","Combust","Heavy Blade"],"picked":"SKIP","floor":22},{"not_picked":["True Grit","Brutality"],"picked":"Clothesline+1","floor":24},{"not_picked":["Armaments","Anger","Feel No Pain"],"picked":"SKIP","floor":25},{"not_picked":["Armaments","Shrug It Off","Flex","Dropkick"],"picked":"SKIP","floor":30},{"not_picked":["Blood for Blood","Entrench+1","Carnage","Hemokinesis"],"picked":"SKIP","floor":31},{"not_picked":["Rampage","Bloodletting+1","Headbutt+1","Heavy Blade+1"],"picked":"SKIP","floor":35},{"not_picked":["Combust+1","Thunderclap","Havoc+1"],"picked":"Flex+1","floor":36},{"not_picked":["Anger","Carnage+1","Body Slam","Sever Soul+1"],"picked":"SKIP","floor":37},{"not_picked":["Feel No Pain","Twin Strike+1","Sever Soul"],"picked":"Flex+1","floor":38},{"not_picked":["Armaments","Thunderclap","Perfected Strike","Heavy Blade+1"],"picked":"SKIP","floor":39},{"not_picked":["Dropkick","Ghostly Armor+1","Body Slam","Juggernaut"],"picked":"SKIP","floor":40},{"not_picked":["Anger+1","Searing Blow","Combust+1","Twin Strike+1"],"picked":"SKIP","floor":42},{"not_picked":["Sword Boomerang","Anger+1","Cleave"],"picked":"Iron Wave+1","floor":45},{"not_picked":["Dropkick+1","Pummel+1","Combust+1","Reckless Charge"],"picked":"SKIP","floor":46}],"player_experience":902543,"relics_obtained":[{"floor":6,"key":"Orichalcum"},{"floor":9,"key":"The Courier"},{"floor":11,"key":"Juzu Bracelet"},{"floor":12,"key":"Meat on the Bone"},{"floor":13,"key":"Vajra"},{"floor":24,"key":"Bag of Preparation"},{"floor":26,"key":"Mercury Hourglass"},{"floor":30,"key":"Bottled Flame"},{"floor":40,"key":"Pantograph"},{"floor":43,"key":"Omamori"},{"floor":46,"key":"Ancient Tea Set"},{"floor":48,"key":"Smiling Mask"}],"event_choices":[{"cards_removed":["Headbutt"],"damage_healed":0,"gold_gain":0,"player_choice":"Card Removal","damage_taken":0,"max_hp_gain":0,"max_hp_loss":0,"event_name":"The Cleric","floor":2,"gold_loss":50},{"damage_healed":0,"gold_gain":0,"player_choice":"Grow","damage_taken":0,"max_hp_gain":0,"max_hp_loss":0,"event_name":"Living Wall","floor":4,"gold_loss":0,"cards_upgraded":["Body Slam"]},{"cards_removed":["Headbutt"],"damage_healed":0,"gold_gain":0,"player_choice":"Gave Gold","damage_taken":0,"max_hp_gain":0,"max_hp_loss":0,"event_name":"Beggar","floor":19,"gold_loss":75},{"damage_healed":0,"gold_gain":0,"player_choice":"Joined the Cult","damage_taken":6,"max_hp_gain":0,"max_hp_loss":0,"event_name":"Nest","floor":21,"gold_loss":0,"cards_obtained":["RitualDagger"]},{"damage_healed":0,"gold_gain":0,"player_choice":"Obtained Relic","damage_taken":0,"relics_obtained":["Question Card"],"max_hp_gain":0,"max_hp_loss":0,"event_name":"Addict","floor":27,"gold_loss":85},{"damage_healed":0,"gold_gain":0,"player_choice":"Obtained Book","damage_taken":16,"max_hp_gain":0,"max_hp_loss":0,"event_name":"Cursed Tome","floor":29,"gold_loss":0},{"damage_healed":0,"gold_gain":0,"player_choice":"Rummage","damage_taken":0,"relics_obtained":["WarpedTongs"],"max_hp_gain":0,"max_hp_loss":0,"event_name":"Accursed Blacksmith","floor":44,"gold_loss":0,"cards_obtained":["Pain"]},{"damage_healed":0,"gold_gain":0,"player_choice":"Damaged","damage_taken":14,"max_hp_gain":0,"max_hp_loss":0,"event_name":"Wheel of Change","floor":47,"gold_loss":0}],"is_beta":false,"boss_relics":[{"not_picked":["White Beast Statue","Astrolabe"],"picked":"Runic Pyramid"},{"not_picked":["Runic Cube","Cursed Key"],"picked":"Coffee Dripper"}],"items_purged_floors":[],"is_endless":false,"potions_floor_spawned":[1,6,13,16,22,24,30,31,36,38,40,45,46],"ascension_level":0}