{"gold_per_floor":[15,33,33,43,43,43,76,96,121,146,171,183,214,240,252,341,353,376,388,400,424,163,163,163],"floor_reached":24,"playtime":795,"items_purged":[],"score":416,"play_id":"3920c66b-492b-48e0-81d1-2f8e19eb6214","local_time":"20181231123306","is_ascension_mode":true,"campfire_choices":[{"data":"Zap","floor":6.0,"key":"SMITH"},{"floor":12.0,"key":"REST"},{"floor":15.0,"key":"REST"},{"floor":23,"key":"REST"}],"neow_cost":"NO_GOLD","seed_source_timestamp":0,"circlet_count":0,"master_deck":["AscendersBane","Strike_B","Strike_B","Strike_B","Strike_B","Defend_B","Defend_B","Defend_B","Defend_B","Zap+1","Dualcast","Ball Lightning","Sweeping Beam+1","Ball Lightning","Capacitor","Stack","Multi-Cast","Leap","Echo Form","Cold Snap"],"special_seed":0,"relics":["Cracked Core","Ginger","NlothsMask","Oddly Smooth Stone","MawBank","Snecko Eye","Nilry\u0027s Codex","Potion Belt"],"potions_floor_usage":[24],"damage_taken":[{"damage":7.0,"enemies":"Jaw Worm","floor":1.0,"turns":3.0},{"damage":0.0,"enemies":"Cultist","floor":2.0,"turns":3.0},{"damage":2.0,"enemies":"2 Louse","floor":4.0,"turns":2.0},{"damage":8.0,"enemies":"Gremlin Nob","floor":7.0,"turns":3.0},{"damage":3.0,"enemies":"2 Fungi Beasts","floor":8.0,"turns":2.0},{"damage":28.0,"enemies":"3 Sentries","floor":10.0,"turns":5.0},{"damage":11.0,"enemies":"Looter","floor":11.0,"turns":2.0},{"damage":6.0,"enemies":"Exordium Thugs","floor":13.0,"turns":4.0},{"damage":8.0,"enemies":"Exordium Wildlife","floor":14.0,"turns":3.0},{"damage":27.0,"enemies":"Hexaghost","floor":16.0,"turns":9.0},{"damage":0,"enemies":"Chosen","floor":18,"turns":5},{"damage":20,"enemies":"Shell Parasite","floor":21,"turns":5},{"damage":46,"enemies":"Gremlin Leader","floor":24,"turns":6}],"seed_played":"1019370576649157396","potions_obtained":[{"floor":1.0,"key":"LiquidBronze"},{"floor":2.0,"key":"Dexterity Potion"}],"is_trial":false,"path_per_floor":["M","M","?","M","?","R","E","M","T","E","M","R","M","M","R","B",null,"M","$","?","M","$","R","E"],"character_chosen":"DEFECT","items_purchased":["PowerPotion","Potion Belt","PowerPotion"],"campfire_rested":3,"item_purchase_floors":[22,22,22],"current_hp_per_floor":[57,57,57,55,55,55,47,44,44,16,5,26,20,12,33,6,55,55,55,34,14,14,35,0],"gold":163,"neow_bonus":"ONE_RARE_RELIC","is_prod":false,"is_daily":false,"chose_seed":false,"campfire_upgraded":1,"win_rate":0,"timestamp":1546255986,"path_taken":["M","M","?","M","?","R","E","M","T","E","M","R","M","?","R","BOSS","M","?","?","M","$","R","E"],"build_version":"2018-12-20","purchased_purges":0,"victory":false,"max_hp_per_floor":[71,71,71,71,71,71,71,71,71,71,71,71,71,71,71,71,71,71,71,71,71,71,71,71],"card_choices":[{"not_picked":["BootSequence","Force Field"],"picked":"Ball Lightning","floor":1.0},{"not_picked":["Tempest","Auto Shields"],"picked":"Sweeping Beam","floor":2.0},{"not_picked":["Beam Cell","Lockon","Stack"],"picked":"SKIP","floor":4.0},{"not_picked":["Fusion","Darkness"],"picked":"Ball Lightning","floor":7.0},{"not_picked":["Ball Lightning","Sweeping Beam","Scrape"],"picked":"SKIP","floor":8.0},{"not_picked":["Ball Lightning","BootSequence"],"picked":"Capacitor","floor":10.0},{"not_picked":["Recycle","Sweeping Beam"],"picked":"Stack","floor":11.0},{"not_picked":["Consume","Heatsinks"],"picked":"Multi-Cast","floor":13.0},{"not_picked":["BootSequence","Capacitor"],"picked":"Leap","floor":14.0},{"not_picked":["Fission","Buffer"],"picked":"Echo Form","floor":16.0},{"not_picked":["Gash","Skim"],"picked":"Cold Snap","floor":18},{"not_picked":["Go for the Eyes","Hologram","Coolheaded"],"picked":"SKIP","floor":21}],"player_experience":1076588,"relics_obtained":[{"floor":7.0,"key":"Oddly Smooth Stone"},{"floor":10.0,"key":"MawBank"},{"floor":20,"key":"Nilry\u0027s Codex"}],"event_choices":[{"damage_healed":0.0,"max_hp_gain":0.0,"max_hp_loss":0.0,"gold_gain":0.0,"event_name":"Living Wall","player_choice":"Grow","floor":3.0,"gold_loss":0.0,"damage_taken":0.0,"cards_upgraded":["Sweeping Beam"]},{"damage_healed":0.0,"max_hp_gain":0.0,"max_hp_loss":0.0,"gold_gain":0.0,"event_name":"FaceTrader","player_choice":"Trade","floor":5.0,"gold_loss":0.0,"damage_taken":0.0,"relics_obtained":["NlothsMask"]},{"damage_healed":0,"gold_gain":0,"player_choice":"Obtained Book","damage_taken":21,"max_hp_gain":0,"max_hp_loss":0,"event_name":"Cursed Tome","floor":20,"gold_loss":0}],"is_beta":false,"boss_relics":[{"not_picked":["Runic Dome","FrozenCore"],"picked":"Snecko Eye"}],"items_purged_floors":[],"is_endless":false,"potions_floor_spawned":[1,2,10,14],"killed_by":"Gremlin Leader","ascension_level":20}