{"gold_per_floor":[109,127,142,142,157,183,183,209,281,281],"floor_reached":10,"playtime":526,"items_purged":[],"score":98,"play_id":"eb2f7d46-d26f-4a56-9298-4d69e162f6aa","local_time":"20180827141214","is_ascension_mode":true,"campfire_choices":[{"floor":7,"key":"DIG"}],"neow_cost":"NONE","seed_source_timestamp":16975093901150,"circlet_count":0,"master_deck":["Defend_G","Defend_G","Defend_G","Defend_G","Defend_G","Strike_G","Strike_G","Strike_G","Strike_G+1","Strike_G+1","Survivor","Neutralize","Bane","Sucker Punch","Riddle With Holes","Regret","Backflip","Heel Hook"],"relics":["Ring of the Snake","Whetstone","Shovel","Mango","Snake Skull","Centennial Puzzle","Meat on the Bone"],"potions_floor_usage":[8,8],"damage_taken":[{"damage":0,"enemies":"2 Louse","floor":1,"turns":2},{"damage":0,"enemies":"Jaw Worm","floor":2,"turns":3},{"damage":1,"enemies":"Small Slimes","floor":3,"turns":5},{"damage":6,"enemies":"Exordium Thugs","floor":5,"turns":5},{"damage":42,"enemies":"Lagavulin","floor":6,"turns":8},{"damage":18,"enemies":"Gremlin Nob","floor":8,"turns":4},{"damage":25,"enemies":"3 Sentries","floor":10,"turns":4}],"seed_played":"370254627574185932","potions_obtained":[{"floor":2,"key":"Ancient Potion"},{"floor":6,"key":"AttackPotion"}],"is_trial":false,"path_per_floor":["M","M","M","?","M","E","R","E","T"],"character_chosen":"THE_SILENT","items_purchased":[],"campfire_rested":0,"item_purchase_floors":[],"current_hp_per_floor":[70,70,69,69,63,35,35,17,17,0],"gold":281,"neow_bonus":"RANDOM_COMMON_RELIC","is_prod":false,"is_daily":false,"chose_seed":false,"campfire_upgraded":0,"win_rate":0,"timestamp":1535371934,"path_taken":["M","M","M","?","M","E","R","E","T","E"],"build_version":"2018-08-23v2","purchased_purges":0,"victory":false,"max_hp_per_floor":[70,70,70,70,70,84,84,84,84,84],"card_choices":[{"not_picked":["Blade Dance","Outmaneuver"],"picked":"Bane","floor":1},{"not_picked":["Backflip","Unload"],"picked":"Sucker Punch","floor":2},{"not_picked":["Dodge and Roll","Acrobatics"],"picked":"Riddle With Holes","floor":3},{"not_picked":["Sucker Punch","Calculated Gamble"],"picked":"Backflip","floor":5},{"not_picked":["Reflex","Dagger Throw","Quick Slash"],"picked":"SKIP","floor":6},{"not_picked":["Backflip","Finisher"],"picked":"Heel Hook","floor":8}],"player_experience":285923,"relics_obtained":[{"floor":6,"key":"Mango"},{"floor":7,"key":"Snake Skull"},{"floor":8,"key":"Centennial Puzzle"},{"floor":9,"key":"Meat on the Bone"}],"event_choices":[{"event_name":"Big Fish","player_choice":"Box","floor":4,"damage_taken":0}],"is_beta":false,"boss_relics":[],"items_purged_floors":[],"is_endless":false,"potions_floor_spawned":[2,6],"killed_by":"3 Sentries","ascension_level":5}