{"gold_per_floor":[115,128,141,156,156,156,184,184,184,200,200,211,228,245,245,341,341,360,560,575,118,130,130,155,155,155,155,31,48,48,79,79,180,180,193,68,83,83,131,131,131,131,131,131,131,131,82,108,108,108,108,108,29,55,55],"floor_reached":55,"playtime":8222,"items_purged":["Pain","Normality","Strike_G"],"score":708,"play_id":"97dade12-a6d1-4ead-859a-d0bd04ca4e75","local_time":"20181228174253","is_ascension_mode":false,"campfire_choices":[{"floor":6.0,"key":"RECALL"},{"floor":8.0,"key":"REST"},{"floor":11.0,"key":"REST"},{"floor":15.0,"key":"REST"},{"floor":23.0,"key":"REST"},{"floor":25.0,"key":"REST"},{"floor":27.0,"key":"REST"},{"floor":30.0,"key":"REST"},{"floor":32.0,"key":"REST"},{"floor":40.0,"key":"REST"},{"floor":42.0,"key":"REST"},{"floor":44.0,"key":"REST"},{"data":"Neutralize","floor":49.0,"key":"SMITH"},{"data":"Calculated Gamble","floor":52.0,"key":"SMITH"}],"neow_cost":"NONE","seed_source_timestamp":20812171537019,"circlet_count":0,"master_deck":["Defend_G","Defend_G","Defend_G","Defend_G","Defend_G","Strike_G","Strike_G","Strike_G","Survivor","Neutralize+1","Dodge and Roll","Blade Dance","Setup","Acrobatics","Calculated Gamble+1","Envenom","Backstab","Slice","Storm of Steel","Infinite Blades+1","Dagger Spray","Leap","Dagger Spray+1","Cloak And Dagger","Hologram","Reprogram","Apotheosis","Finesse","Madness","Forethought","Bandage Up","Madness","Madness","Shame","Normality","Footwork","Rainbow"],"special_seed":0,"relics":["WristBlade","WarpedTongs","Bottled Flame","Kunai","Cursed Key","PrismaticShard","Snake Skull","Orichalcum","Mummified Hand","Runic Pyramid","WingedGreaves","Tingsha","Anchor","Blood Vial"],"potions_floor_usage":[],"damage_taken":[{"damage":0.0,"enemies":"Cultist","floor":1.0,"turns":6.0},{"damage":0.0,"enemies":"Jaw Worm","floor":2.0,"turns":4.0},{"damage":3.0,"enemies":"Small Slimes","floor":3.0,"turns":3.0},{"damage":8.0,"enemies":"Exordium Thugs","floor":4.0,"turns":5.0},{"damage":52.0,"enemies":"Gremlin Nob","floor":7.0,"turns":6.0},{"damage":7.0,"enemies":"Red Slaver","floor":10.0,"turns":6.0},{"damage":15.0,"enemies":"Exordium Wildlife","floor":12.0,"turns":6.0},{"damage":4.0,"enemies":"Blue Slaver","floor":13.0,"turns":4.0},{"damage":1.0,"enemies":"2 Fungi Beasts","floor":14.0,"turns":3.0},{"damage":19.0,"enemies":"Slime Boss","floor":16.0,"turns":9.0},{"damage":19.0,"enemies":"2 Thieves","floor":18.0,"turns":4.0},{"damage":16.0,"enemies":"Shell Parasite","floor":20.0,"turns":5.0},{"damage":26.0,"enemies":"Snake Plant","floor":22.0,"turns":3.0},{"damage":26.0,"enemies":"Gremlin Leader","floor":24.0,"turns":6.0},{"damage":14.0,"enemies":"Centurion and Healer","floor":29.0,"turns":6.0},{"damage":16.0,"enemies":"Book of Stabbing","floor":31.0,"turns":5.0},{"damage":43.0,"enemies":"Champ","floor":33.0,"turns":13.0},{"damage":2.0,"enemies":"3 Darklings","floor":35.0,"turns":5.0},{"damage":20.0,"enemies":"3 Shapes","floor":37.0,"turns":6.0},{"damage":33.0,"enemies":"2 Orb Walkers","floor":39.0,"turns":5.0},{"damage":77.0,"enemies":"Awakened One","floor":50.0,"turns":13.0},{"damage":68.0,"enemies":"Shield and Spear","floor":54.0,"turns":7.0},{"damage":10,"enemies":"The Heart","floor":55,"turns":2}],"seed_played":"7500626593817102309","potions_obtained":[{"floor":4.0,"key":"FairyPotion"},{"floor":10.0,"key":"Energy Potion"},{"floor":12.0,"key":"SpeedPotion"},{"floor":14.0,"key":"Poison Potion"},{"floor":16.0,"key":"Swift Potion"},{"floor":20.0,"key":"AttackPotion"},{"floor":22.0,"key":"Strength Potion"},{"floor":31.0,"key":"Energy Potion"},{"floor":35.0,"key":"Strength Potion"},{"floor":39.0,"key":"Energy Potion"}],"is_trial":false,"path_per_floor":["M","M","M","M","?","R","E","E","R","T","M","R","M","M","M","R","B",null,"M","?","M","$","M","R","E","R","T","R","$","M","R","E","R","B",null,"M","$","M","?","?","R","?","R","T","R","?","?","$","T","R","B",null,"R","$","E","B"],"character_chosen":"THE_SILENT","items_purchased":["PrismaticShard","Snake Skull","Dagger Spray","Cloak And Dagger","Strength Potion","Footwork"],"campfire_rested":11,"item_purchase_floors":[21,21,21,28,47,53],"current_hp_per_floor":[70,70,67,59,59,59,7,28,28,21,42,27,23,22,43,24,70,51,51,35,35,9,30,4,25,25,46,46,32,53,37,58,15,70,68,68,48,38,9,30,21,42,42,63,63,63,63,63,63,7,70,70,70,8,0],"gold":55,"neow_bonus":"BOSS_RELIC","is_prod":false,"is_daily":false,"chose_seed":false,"campfire_upgraded":2,"win_rate":0,"timestamp":1546047773,"path_taken":["M","M","?","?","?","R","E","R","T","M","R","M","?","M","R","BOSS","M","?","M","$","M","R","E","R","T","R","?","?","R","E","R","BOSS","M","$","M","?","?","R","?","R","T","R","?","?","$","?","R","BOSS","R","$","E","BOSS"],"build_version":"2018-12-20","purchased_purges":3,"victory":false,"max_hp_per_floor":[70,70,70,70,70,70,70,70,70,70,70,70,70,70,70,70,70,70,70,70,70,70,70,70,70,70,70,70,70,70,70,70,70,70,70,70,70,70,70,70,70,70,70,70,70,70,70,70,70,70,70,70,70,70,70],"card_choices":[{"not_picked":["Bane","Sucker Punch"],"picked":"Dodge and Roll","floor":1.0},{"not_picked":["Blur","PiercingWail"],"picked":"Blade Dance","floor":2.0},{"not_picked":["Tactician","Underhanded Strike","Sucker Punch"],"picked":"SKIP","floor":3.0},{"not_picked":["Distraction","Prepared"],"picked":"Setup","floor":4.0},{"not_picked":["Dagger Spray","Dagger Throw"],"picked":"Acrobatics","floor":7.0},{"not_picked":["PiercingWail","Underhanded Strike"],"picked":"Calculated Gamble","floor":10.0},{"not_picked":["Expertise","Underhanded Strike"],"picked":"Envenom","floor":12.0},{"not_picked":["Dagger Spray","Outmaneuver"],"picked":"Backstab","floor":13.0},{"not_picked":["Predator","Underhanded Strike"],"picked":"Slice","floor":14.0},{"not_picked":["Bullet Time","Phantasmal Killer"],"picked":"Storm of Steel","floor":16.0},{"not_picked":["Deadly Poison","Deflect+1"],"picked":"Infinite Blades+1","floor":18.0},{"not_picked":["Dodge and Roll","Prepared","Quick Slash"],"picked":"SKIP","floor":20.0},{"not_picked":["Dodge and Roll","Sword Boomerang"],"picked":"Leap","floor":22.0},{"not_picked":["Perfected Strike","PiercingWail"],"picked":"Dagger Spray+1","floor":24.0},{"not_picked":["PanicButton","Outmaneuver"],"picked":"Hologram","floor":29.0},{"not_picked":["Heel Hook","Reflex"],"picked":"Reprogram","floor":31.0},{"not_picked":["Bludgeon","Brutality"],"picked":"Apotheosis","floor":33.0},{"not_picked":["Blade Dance","Pommel Strike+1","Quick Slash"],"picked":"SKIP","floor":35.0},{"not_picked":["Power Through","Sweeping Beam+1"],"picked":"Finesse","floor":37.0},{"not_picked":["Dark Shackles","Swift Strike"],"picked":"Madness","floor":38.0},{"not_picked":["Trip","Dark Shackles"],"picked":"Forethought","floor":38.0},{"not_picked":["Forethought","Panache"],"picked":"Bandage Up","floor":38.0},{"not_picked":["Bane+1","Turbo+1"],"picked":"Rainbow","floor":54.0}],"player_experience":974192,"relics_obtained":[{"floor":7.0,"key":"Bottled Flame"},{"floor":9.0,"key":"Kunai"},{"floor":24.0,"key":"Orichalcum"},{"floor":31.0,"key":"Mummified Hand"},{"floor":39.0,"key":"WingedGreaves"},{"floor":43.0,"key":"Tingsha"},{"floor":48.0,"key":"Anchor"},{"floor":54.0,"key":"Blood Vial"}],"event_choices":[{"damage_healed":0.0,"max_hp_gain":0.0,"max_hp_loss":0.0,"gold_gain":0.0,"event_name":"Accursed Blacksmith","player_choice":"Rummage","floor":5.0,"gold_loss":0.0,"damage_taken":0.0,"relics_obtained":["WarpedTongs"],"cards_obtained":["Pain"]},{"damage_healed":0.0,"max_hp_gain":0.0,"max_hp_loss":0.0,"gold_gain":250.0,"event_name":"The Joust","player_choice":"Bet on Owner","floor":19.0,"gold_loss":50.0,"damage_taken":0.0},{"damage_healed":0.0,"max_hp_gain":0.0,"max_hp_loss":0.0,"gold_gain":0.0,"event_name":"SensoryStone","player_choice":"Memory 3","floor":38.0,"gold_loss":0.0,"damage_taken":10.0},{"damage_healed":0.0,"max_hp_gain":0.0,"max_hp_loss":0.0,"gold_gain":0.0,"event_name":"Mysterious Sphere","player_choice":"Fight","floor":39.0,"gold_loss":0.0,"damage_taken":0.0},{"damage_healed":0.0,"max_hp_gain":0.0,"max_hp_loss":0.0,"gold_gain":0.0,"event_name":"Winding Halls","player_choice":"Embrace Madness","floor":41.0,"gold_loss":0.0,"damage_taken":9.0,"cards_obtained":["Madness","Madness"]},{"cards_removed":["Strike_G"],"damage_healed":0.0,"max_hp_gain":0.0,"max_hp_loss":0.0,"gold_gain":0.0,"event_name":"Falling","player_choice":"Removed Attack","floor":45.0,"gold_loss":0.0,"damage_taken":0.0},{"damage_healed":0.0,"max_hp_gain":0.0,"max_hp_loss":0.0,"gold_gain":0.0,"event_name":"Tomb of Lord Red Mask","player_choice":"Ignored","floor":46.0,"gold_loss":0.0,"damage_taken":0.0}],"is_beta":false,"boss_relics":[{"not_picked":["Ectoplasm","Philosopher\u0027s Stone"],"picked":"Cursed Key"},{"not_picked":["Pandora\u0027s Box","Velvet Choker"],"picked":"Runic Pyramid"}],"items_purged_floors":[21,28,36],"is_endless":false,"potions_floor_spawned":[4,10,12,14,16,20,22,31,35,39],"killed_by":"The Heart","ascension_level":0}