{"path_per_floor":["M","$","?","$","M","R","M","E","T","R","?","R","M","E","R","B",null,"M","M","$","M"],"character_chosen":"DEFECT","items_purchased":["Defragment","Defragment","Capacitor","Bandage Up"],"gold_per_floor":[118,49,49,15,25,25,45,80,80,80,80,80,91,122,122,223,223,234,247,23,35,35],"floor_reached":22,"campfire_rested":2,"playtime":1699,"item_purchase_floors":[2,4,20,20],"current_hp_per_floor":[75,75,75,75,74,74,65,49,49,49,49,71,61,44,66,59,75,70,48,48,14,0],"items_purged":["Strike_B"],"gold":35,"score":204,"play_id":"eaa8ef65-57dc-4ec9-9e3d-0015571ec786","local_time":"20180603130531","is_prod":false,"is_daily":false,"chose_seed":false,"is_ascension_mode":true,"campfire_upgraded":2,"win_rate":0.0,"timestamp":1528045531,"campfire_choices":[{"data":"Zap","floor":6,"key":"SMITH"},{"data":"Zap","floor":10,"key":"SMITH"},{"floor":12,"key":"REST"},{"floor":15,"key":"REST"}],"path_taken":["M","$","?","$","M","R","M","E","T","R","?","R","?","E","R","BOSS","M","?","$","M","M"],"build_version":"2018-05-31","seed_source_timestamp":579732149619343,"purchased_purges":1,"victory":false,"master_deck":["Strike_B","Strike_B","Strike_B","Defend_B","Defend_B","Defend_B","Defend_B","Zap+1","Dualcast","Consume","Defragment","Zap+1","Defragment","Coolheaded","Rebound","Rainbow+1","Rebound","Static Discharge","Electrodynamics","Redo","Capacitor","Bandage Up"],"max_hp_per_floor":[75,75,75,75,75,75,75,75,75,75,75,75,75,75,75,75,75,75,75,75,75,75],"relics":["Cracked Core","Question Card","Smiling Mask","Art of War","Velvet Choker"],"card_choices":[{"not_picked":["Lockon","Conserve Battery"],"picked":"Consume","floor":1},{"not_picked":["Conserve Battery","Doom and Gloom"],"picked":"Coolheaded","floor":5},{"not_picked":["Sunder","Storm"],"picked":"Rebound","floor":7},{"not_picked":["Sweeping Beam","Rip and Tear"],"picked":"Rainbow","floor":8},{"not_picked":["Chaos","Leap","Doom and Gloom"],"picked":"Rebound","floor":13},{"not_picked":["Lockon","Darkness","Undo"],"picked":"Static Discharge","floor":14},{"not_picked":["Fission","Reboot","Creative AI"],"picked":"Electrodynamics","floor":16},{"not_picked":["Beam Cell","Compile Driver","Cold Snap+1"],"picked":"Redo","floor":18},{"not_picked":["Stack","Steam","Redo","Ball Lightning+1"],"picked":"SKIP","floor":19},{"not_picked":["Barrage","Rebound","Ball Lightning","Turbo"],"picked":"SKIP","floor":21}],"player_experience":484549,"potions_floor_usage":[8,16,22],"damage_taken":[{"damage":0,"enemies":"Small Slimes","floor":1,"turns":3},{"damage":1,"enemies":"Cultist","floor":5,"turns":3},{"damage":9,"enemies":"2 Louse","floor":7,"turns":3},{"damage":16,"enemies":"Gremlin Nob","floor":8,"turns":4},{"damage":10,"enemies":"2 Fungi Beasts","floor":13,"turns":3},{"damage":17,"enemies":"Lagavulin","floor":14,"turns":4},{"damage":20,"enemies":"The Guardian","floor":16,"turns":9},{"damage":5,"enemies":"Chosen","floor":18,"turns":5},{"damage":22,"enemies":"Shell Parasite","floor":19,"turns":4},{"damage":38,"enemies":"Sentry and Sphere","floor":21,"turns":3},{"damage":19,"enemies":"Snake Plant","floor":22,"turns":2}],"relics_obtained":[{"floor":8,"key":"Question Card"},{"floor":9,"key":"Smiling Mask"},{"floor":14,"key":"Art of War"}],"event_choices":[{"event_name":"Match and Keep!","player_choice":"1 cards matched","floor":3,"damage_taken":0},{"event_name":"Upgrade Shrine","player_choice":"Upgraded","floor":11,"damage_taken":0}],"boss_relics":[{"not_picked":["Tiny House","Calling Bell"],"picked":"Velvet Choker"}],"items_purged_floors":[20],"potions_floor_spawned":[1,7,14,21],"seed_played":"4087049495443889908","killed_by":"Snake Plant","ascension_level":1,"potions_obtained":[{"floor":1,"key":"FocusPotion"},{"floor":7,"key":"Swift Potion"},{"floor":14,"key":"Regen Potion"},{"floor":21,"key":"SpeedPotion"}],"is_trial":false}