{"gold_per_floor":[115,115,131,144,159,186,186,205,205,205,225,20,20,37,37,136,136,147,166,166,166,76,76,106,116,140,154,168,183,208,228,228,324,324,337,354,273,291,45,45,71,84,109,121,133,165,226,238,250,262],"floor_reached":50,"playtime":6086,"items_purged":["Strike_G"],"score":568,"play_id":"93b51f97-432e-4947-ab11-c39b283a18f2","local_time":"20181228143321","is_ascension_mode":false,"campfire_choices":[{"data":"Neutralize","floor":7.0,"key":"SMITH"},{"floor":10.0,"key":"REST"},{"floor":15.0,"key":"REST"},{"floor":23.0,"key":"RECALL"},{"floor":32.0,"key":"REST"},{"data":"Burst","floor":40.0,"key":"SMITH"},{"data":"Catalyst","floor":44.0,"key":"SMITH"},{"floor":49.0,"key":"REST"}],"neow_cost":"TEN_PERCENT_HP_LOSS","seed_source_timestamp":0,"circlet_count":0,"master_deck":["Defend_G","Defend_G+1","Defend_G","Strike_G+1","Strike_G","Survivor","Neutralize+1","Burst+1","Caltrops","Sucker Punch","Dash","Footwork","Endless Agony","Caltrops+1","Caltrops","Deadly Poison","Phantasmal Killer","Corpse Explosion","Blur","Predator","Deadly Poison","Bullet Time","Catalyst+1","Noxious Fumes","Underhanded Strike+1","Deadly Poison","Adrenaline","Footwork+1","Calculated Gamble","Mayhem","Caltrops","Madness","Madness","Metamorphosis"],"special_seed":0,"relics":["Ring of the Snake","Dead Branch","Bottled Tornado","Snecko Eye","Mercury Hourglass","Bronze Scales","Blue Candle","Lizard Tail","Dodecahedron","Juzu Bracelet","MawBank","Ginger"],"potions_floor_usage":[],"damage_taken":[{"damage":0.0,"enemies":"Jaw Worm","floor":1.0,"turns":3.0},{"damage":1.0,"enemies":"Cultist","floor":3.0,"turns":3.0},{"damage":0.0,"enemies":"Small Slimes","floor":4.0,"turns":4.0},{"damage":0.0,"enemies":"Looter","floor":5.0,"turns":4.0},{"damage":35.0,"enemies":"3 Sentries","floor":6.0,"turns":14.0},{"damage":3.0,"enemies":"Lots of Slimes","floor":8.0,"turns":5.0},{"damage":0.0,"enemies":"Blue Slaver","floor":11.0,"turns":5.0},{"damage":6.0,"enemies":"2 Fungi Beasts","floor":14.0,"turns":4.0},{"damage":46.0,"enemies":"Slime Boss","floor":16.0,"turns":12.0},{"damage":2.0,"enemies":"Chosen","floor":18.0,"turns":4.0},{"damage":23.0,"enemies":"2 Thieves","floor":19.0,"turns":4.0},{"damage":7.0,"enemies":"Slavers","floor":24.0,"turns":3.0},{"damage":0.0,"enemies":"3 Cultists","floor":25.0,"turns":3.0},{"damage":9.0,"enemies":"Snake Plant","floor":27.0,"turns":3.0},{"damage":4.0,"enemies":"Centurion and Healer","floor":28.0,"turns":4.0},{"damage":2.0,"enemies":"Chosen and Byrds","floor":29.0,"turns":3.0},{"damage":8.0,"enemies":"Book of Stabbing","floor":30.0,"turns":4.0},{"damage":0.0,"enemies":"Snake Plant","floor":31.0,"turns":2.0},{"damage":11.0,"enemies":"Automaton","floor":33.0,"turns":5.0},{"damage":9.0,"enemies":"Orb Walker","floor":35.0,"turns":4.0},{"damage":0.0,"enemies":"3 Shapes","floor":36.0,"turns":3.0},{"damage":12.0,"enemies":"Spire Growth","floor":38.0,"turns":5.0},{"damage":46.0,"enemies":"Giant Head","floor":41.0,"turns":7.0},{"damage":21.0,"enemies":"Sphere and 2 Shapes","floor":42.0,"turns":4.0},{"damage":0.0,"enemies":"3 Darklings","floor":46.0,"turns":3.0},{"damage":14.0,"enemies":"2 Orb Walkers","floor":47.0,"turns":3.0},{"damage":36,"enemies":"Donu and Deca","floor":50,"turns":3}],"seed_played":"3532359997795240874","potions_obtained":[{"floor":1.0,"key":"SpeedPotion"},{"floor":4.0,"key":"Regen Potion"},{"floor":5.0,"key":"GhostInAJar"},{"floor":8.0,"key":"Dexterity Potion"},{"floor":24.0,"key":"Regen Potion"},{"floor":25.0,"key":"EntropicBrew"},{"floor":30.0,"key":"Regen Potion"},{"floor":31.0,"key":"EntropicBrew"},{"floor":33.0,"key":"Regen Potion"},{"floor":36.0,"key":"Explosive Potion"},{"floor":38.0,"key":"PowerPotion"},{"floor":41.0,"key":"Regen Potion"}],"is_trial":false,"path_per_floor":["M","?","M","M","M","E","R","M","T","R","M","$","?","M","R","B",null,"M","M","T","?","?","R","E","M","M","T","M","M","M","E","M","R","B",null,"M","M","?","M","$","R","E","M","T","R","?","M","?","?","R","B"],"character_chosen":"THE_SILENT","items_purchased":["Caltrops","Deadly Poison","Mayhem","Caltrops"],"campfire_rested":4,"item_purchase_floors":[12,12,39,39],"current_hp_per_floor":[63,50,49,49,49,29,29,26,26,44,44,44,44,38,56,10,63,61,38,38,38,38,38,31,36,36,27,23,21,13,22,40,29,63,54,54,54,54,54,54,8,33,33,33,25,25,11,11,29,0],"gold":262,"neow_bonus":"THREE_RARE_CARDS","is_prod":false,"is_daily":false,"chose_seed":false,"campfire_upgraded":3,"win_rate":0,"timestamp":1546036401,"path_taken":["M","?","M","M","M","E","R","M","T","R","M","$","?","M","R","BOSS","M","M","?","?","?","R","E","M","T","M","?","M","E","?","R","BOSS","M","M","?","?","$","R","E","M","T","R","?","M","?","?","R","BOSS"],"build_version":"2018-12-20","purchased_purges":1,"victory":false,"max_hp_per_floor":[63,63,63,63,63,63,63,63,63,63,63,63,63,63,63,63,63,63,63,63,63,63,63,63,63,63,63,63,63,63,63,63,63,63,63,63,63,63,63,63,63,63,63,63,63,63,63,63,63,63],"card_choices":[{"not_picked":["Storm of Steel","Tools of the Trade"],"picked":"Burst","floor":0.0},{"not_picked":["Dodge and Roll","Quick Slash"],"picked":"Caltrops","floor":1.0},{"not_picked":["Leg Sweep","Backflip"],"picked":"Sucker Punch","floor":3.0},{"not_picked":["Underhanded Strike","Acrobatics"],"picked":"Dash","floor":4.0},{"not_picked":["Slice","Predator"],"picked":"Footwork","floor":5.0},{"not_picked":["Distraction","Malaise"],"picked":"Endless Agony","floor":6.0},{"not_picked":["Flying Knee","Dagger Throw","Dodge and Roll"],"picked":"SKIP","floor":8.0},{"not_picked":["Eviscerate","Calculated Gamble"],"picked":"Caltrops","floor":11.0},{"not_picked":["Backflip","Dagger Throw","Dodge and Roll"],"picked":"SKIP","floor":14.0},{"not_picked":["A Thousand Cuts","Night Terror"],"picked":"Corpse Explosion","floor":16.0},{"not_picked":["Flying Knee","Acrobatics"],"picked":"Blur","floor":18.0},{"not_picked":["Outmaneuver","Dagger Throw","Escape Plan"],"picked":"SKIP","floor":19.0},{"not_picked":["Masterful Stab","Tactician+1","Quick Slash"],"picked":"SKIP","floor":24.0},{"not_picked":["Quick Slash","Bouncing Flask+1"],"picked":"Bullet Time","floor":25.0},{"not_picked":["Bane","Slice+1"],"picked":"Catalyst","floor":27.0},{"not_picked":["Finisher+1","Masterful Stab"],"picked":"Noxious Fumes","floor":28.0},{"not_picked":["All Out Attack","Cloak And Dagger"],"picked":"Underhanded Strike+1","floor":29.0},{"not_picked":["Finisher","Flying Knee","Die Die Die"],"picked":"SKIP","floor":30.0},{"not_picked":["Slice","Escape Plan+1"],"picked":"Deadly Poison","floor":31.0},{"not_picked":["Wraith Form v2","Tools of the Trade"],"picked":"Adrenaline","floor":33.0},{"not_picked":["Prepared","Deflect+1"],"picked":"Footwork+1","floor":35.0},{"not_picked":["Blade Dance","Poisoned Stab","Riddle With Holes"],"picked":"SKIP","floor":36.0},{"not_picked":["Backflip","Blade Dance"],"picked":"Calculated Gamble","floor":38.0},{"not_picked":["Slice","Blade Dance+1","Backflip+1"],"picked":"SKIP","floor":41.0},{"not_picked":["Deadly Poison","Cloak And Dagger+1","Reflex"],"picked":"SKIP","floor":42.0},{"not_picked":["Flying Knee+1","Slice+1","Phantasmal Killer"],"picked":"SKIP","floor":46.0},{"not_picked":["Panacea","Secret Weapon"],"picked":"Metamorphosis","floor":48.0}],"player_experience":968106,"relics_obtained":[{"floor":6.0,"key":"Dead Branch"},{"floor":9.0,"key":"Bottled Tornado"},{"floor":20.0,"key":"Mercury Hourglass"},{"floor":24.0,"key":"Bronze Scales"},{"floor":30.0,"key":"Blue Candle"},{"floor":41.0,"key":"Juzu Bracelet"},{"floor":43.0,"key":"MawBank"},{"floor":47.0,"key":"Ginger"}],"event_choices":[{"damage_healed":0.0,"max_hp_gain":0.0,"max_hp_loss":0.0,"gold_gain":0.0,"event_name":"Shining Light","player_choice":"Entered Light","floor":2.0,"gold_loss":0.0,"damage_taken":13.0,"cards_upgraded":["Strike_G","Defend_G"]},{"damage_healed":0.0,"max_hp_gain":0.0,"max_hp_loss":0.0,"gold_gain":0.0,"cards_transformed":["Strike_G"],"event_name":"Transmorgrifier","player_choice":"Transformed","floor":13.0,"gold_loss":0.0,"damage_taken":0.0,"cards_obtained":["Phantasmal Killer"]},{"damage_healed":0.0,"max_hp_gain":0.0,"max_hp_loss":0.0,"gold_gain":0.0,"cards_transformed":["Strike_G","Defend_G"],"event_name":"Drug Dealer","player_choice":"Became Test Subject","floor":21.0,"gold_loss":0.0,"damage_taken":0.0,"cards_obtained":["Predator","Deadly Poison"]},{"cards_removed":["Defend_G"],"damage_healed":0.0,"max_hp_gain":0.0,"max_hp_loss":0.0,"gold_gain":0.0,"event_name":"Designer","player_choice":"Upgrade and Remove","floor":22.0,"gold_loss":90.0,"damage_taken":0.0,"cards_upgraded":["Caltrops"]},{"damage_healed":0.0,"max_hp_gain":0.0,"max_hp_loss":0.0,"gold_gain":0.0,"event_name":"WeMeetAgain","player_choice":"Paid Gold","floor":37.0,"gold_loss":81.0,"damage_taken":0.0,"relics_obtained":["Dodecahedron"]},{"damage_healed":0.0,"max_hp_gain":0.0,"max_hp_loss":0.0,"gold_gain":0.0,"event_name":"Winding Halls","player_choice":"Embrace Madness","floor":45.0,"gold_loss":0.0,"damage_taken":8.0,"cards_obtained":["Madness","Madness"]},{"damage_healed":0.0,"max_hp_gain":0.0,"max_hp_loss":0.0,"gold_gain":0.0,"event_name":"Mysterious Sphere","player_choice":"Fight","floor":47.0,"gold_loss":0.0,"damage_taken":0.0},{"damage_healed":0.0,"max_hp_gain":0.0,"max_hp_loss":0.0,"gold_gain":0.0,"event_name":"SensoryStone","player_choice":"Memory 1","floor":48.0,"gold_loss":0.0,"damage_taken":0.0}],"is_beta":false,"boss_relics":[{"not_picked":["Runic Dome","Ectoplasm"],"picked":"Snecko Eye"},{"not_picked":["WristBlade","Tiny House"],"picked":"Lizard Tail"}],"items_purged_floors":[12],"is_endless":false,"potions_floor_spawned":[1,4,5,8,24,25,27,30,31,33,36,38,41],"killed_by":"Donu and Deca","ascension_level":0}