{"gold_per_floor":[118,118,184,184,184,184,200,152,152,166,183,193,225,237,237,332,332,342,357,357,357,376,376,393,45,69,19,33,33,33],"floor_reached":30,"playtime":1401,"items_purged":["Normality","Regret"],"score":232,"play_id":"41b37c8d-a7e6-4517-9b11-bd09ffea84a0","local_time":"20180718141527","is_ascension_mode":false,"campfire_choices":[{"data":"Underhanded Strike","floor":6,"key":"SMITH"},{"floor":15,"key":"REST"},{"floor":23,"key":"REST"}],"neow_cost":"NONE","seed_source_timestamp":10987594735993,"circlet_count":0,"master_deck":["Defend_G","Defend_G","Defend_G","Defend_G+1","Defend_G","Strike_G","Strike_G","Strike_G","Strike_G","Survivor","Neutralize","Storm of Steel+1","Underhanded Strike+1","Accuracy","Cloak And Dagger","Distraction","Cloak And Dagger","Endless Agony","Infinite Blades","Unload","Backflip+1","Finisher","Flying Knee","Dagger Throw+1","Endless Agony"],"relics":["Ring of the Snake","Matryoshka","Dream Catcher","Calling Bell","Art of War","Smiling Mask","Gambling Chip","Vajra","Turnip","Bag of Preparation","Centennial Puzzle"],"potions_floor_usage":[16,22,22],"damage_taken":[{"damage":4,"enemies":"Jaw Worm","floor":1,"turns":8},{"damage":1,"enemies":"Cultist","floor":7,"turns":3},{"damage":0,"enemies":"2 Louse","floor":10,"turns":3},{"damage":3,"enemies":"Looter","floor":11,"turns":3},{"damage":1,"enemies":"Blue Slaver","floor":12,"turns":6},{"damage":16,"enemies":"Gremlin Nob","floor":13,"turns":5},{"damage":0,"enemies":"2 Fungi Beasts","floor":14,"turns":3},{"damage":41,"enemies":"Slime Boss","floor":16,"turns":10},{"damage":20,"enemies":"Spheric Guardian","floor":18,"turns":4},{"damage":1,"enemies":"Shell Parasite","floor":19,"turns":5},{"damage":31,"enemies":"Snake Plant","floor":22,"turns":5},{"damage":23,"enemies":"Snecko","floor":24,"turns":4},{"damage":2,"enemies":"Sentry and Sphere","floor":28,"turns":3},{"damage":18,"enemies":"Centurion and Healer","floor":30,"turns":3}],"seed_played":"-5372463468853194786","potions_obtained":[{"floor":7,"key":"Energy Potion"},{"floor":16,"key":"Strength Potion"},{"floor":18,"key":"PowerPotion"},{"floor":21,"key":"Energy Potion"},{"floor":22,"key":"Energy Potion"},{"floor":28,"key":"Ancient Potion"}],"is_trial":false,"path_per_floor":["M","?","?","$","?","R","M","$","T","M","M","M","E","M","R","B",null,"M","M","?","?","M","R","M","$","T","$","M","?"],"character_chosen":"THE_SILENT","items_purchased":["Cloak And Dagger","Turnip"],"campfire_rested":2,"item_purchase_floors":[8,25],"current_hp_per_floor":[66,66,66,66,52,52,51,51,51,51,48,47,31,31,52,11,70,50,49,49,49,18,39,16,16,16,16,14,14,0],"gold":33,"neow_bonus":"ONE_RANDOM_RARE_CARD","is_prod":false,"is_daily":false,"chose_seed":false,"campfire_upgraded":1,"win_rate":0,"timestamp":1531916127,"path_taken":["M","?","?","?","?","R","M","?","T","?","M","M","E","?","R","BOSS","M","M","?","?","M","R","M","$","T","$","?","?","M"],"build_version":"2018-07-12","purchased_purges":2,"victory":false,"max_hp_per_floor":[70,70,70,70,70,70,70,70,70,70,70,70,70,70,70,70,70,70,70,70,70,70,70,70,70,70,70,70,70,70],"card_choices":[{"not_picked":["Bane","Outmaneuver"],"picked":"Underhanded Strike","floor":1},{"not_picked":["Slice","Dagger Throw"],"picked":"Accuracy","floor":7},{"not_picked":["All Out Attack","Underhanded Strike"],"picked":"Distraction","floor":10},{"not_picked":["Quick Slash","Bane"],"picked":"Cloak And Dagger","floor":11},{"not_picked":["Poisoned Stab","Reflex","Bane"],"picked":"SKIP","floor":12},{"not_picked":["Acrobatics","Flechettes","Dagger Throw"],"picked":"SKIP","floor":13},{"not_picked":["Backflip","Flying Knee"],"picked":"Endless Agony","floor":14},{"not_picked":["PiercingWail","Dodge and Roll"],"picked":"Infinite Blades","floor":15},{"not_picked":["Corpse Explosion","Night Terror"],"picked":"Unload","floor":16},{"not_picked":["Masterful Stab","Deadly Poison"],"picked":"Backflip+1","floor":18},{"not_picked":["Heel Hook","Setup","Expertise"],"picked":"SKIP","floor":19},{"not_picked":["Underhanded Strike","Backflip"],"picked":"Finisher","floor":22},{"not_picked":["Sucker Punch","Quick Slash"],"picked":"Flying Knee","floor":23},{"not_picked":["Tactician","Dash"],"picked":"Dagger Throw+1","floor":24},{"not_picked":["PiercingWail","Dagger Spray"],"picked":"Endless Agony","floor":28}],"player_experience":129562,"relics_obtained":[{"floor":9,"key":"Matryoshka"},{"floor":13,"key":"Dream Catcher"},{"floor":17,"key":"Art of War"},{"floor":17,"key":"Smiling Mask"},{"floor":17,"key":"Gambling Chip"},{"floor":26,"key":"Bag of Preparation"},{"floor":26,"key":"Centennial Puzzle"}],"event_choices":[{"event_name":"Purifier","player_choice":"One Purge","floor":2,"damage_taken":0},{"event_name":"Golden Wing","player_choice":"Gained Gold","floor":3,"damage_taken":0},{"event_name":"Shining Light","player_choice":"Entered Light","floor":5,"damage_taken":0},{"event_name":"The Mausoleum","player_choice":"Yes","floor":20,"damage_taken":0},{"event_name":"The Lab","player_choice":"Got Potions","floor":21,"damage_taken":0},{"event_name":"Back to Basics","player_choice":"Elegance","floor":29,"damage_taken":0}],"boss_relics":[{"not_picked":["Velvet Choker","Empty Cage"],"picked":"Calling Bell"}],"items_purged_floors":[25,27],"is_endless":false,"potions_floor_spawned":[7,16,18,22,28],"killed_by":"Centurion and Healer","ascension_level":0}