{"gold_per_floor":[113,130,145,72,72,105,118,153,177,28,28],"floor_reached":11,"playtime":1117,"items_purged":["Strike_B"],"score":112,"play_id":"7a645f72-057e-40f4-9ac4-45db48b544cc","local_time":"20190212211442","is_ascension_mode":true,"campfire_choices":[],"neow_cost":"NONE","seed_source_timestamp":1208919181582210,"circlet_count":0,"master_deck":["Strike_B","Strike_B","Strike_B","Defend_B","Defend_B","Defend_B","Defend_B","Zap","Dualcast","Coolheaded","Gash","Capacitor","Turbo","Conserve Battery","Storm"],"relics":["Cracked Core","NeowsBlessing","Ornamental Fan","Art of War","Bag of Marbles"],"potions_floor_usage":[11],"damage_taken":[{"damage":0,"enemies":"Small Slimes","floor":1,"turns":1},{"damage":0,"enemies":"Cultist","floor":2,"turns":1},{"damage":0,"enemies":"Jaw Worm","floor":3,"turns":1},{"damage":27,"enemies":"Lagavulin","floor":6,"turns":10},{"damage":4,"enemies":"2 Fungi Beasts","floor":7,"turns":3},{"damage":35,"enemies":"Gremlin Nob","floor":8,"turns":5},{"damage":6,"enemies":"Exordium Wildlife","floor":11,"turns":3}],"seed_played":"3552196728310303054","potions_obtained":[{"floor":2,"key":"FocusPotion"},{"floor":6,"key":"Weak Potion"},{"floor":8,"key":"SteroidPotion"}],"is_trial":false,"path_per_floor":["M","M","M","$","?","E","M","E","T","$","M"],"character_chosen":"DEFECT","items_purchased":["Capacitor","Storm"],"campfire_rested":0,"item_purchase_floors":[4,10],"current_hp_per_floor":[68,68,68,68,68,41,37,2,2,2,0],"gold":28,"neow_bonus":"THREE_ENEMY_KILL","is_prod":false,"is_daily":false,"chose_seed":false,"campfire_upgraded":0,"win_rate":0,"timestamp":1550034882,"path_taken":["M","M","M","$","?","E","M","E","T","?","?"],"build_version":"2019-01-23","purchased_purges":1,"victory":false,"max_hp_per_floor":[75,75,75,75,75,75,75,75,75,75,75],"card_choices":[{"not_picked":["Compile Driver","Streamline","Sweeping Beam"],"picked":"SKIP","floor":1},{"not_picked":["Conserve Battery","Gash"],"picked":"Coolheaded","floor":2},{"not_picked":["Turbo","Melter"],"picked":"Gash","floor":3},{"not_picked":["Reinforced Body","Redo","All For One"],"picked":"SKIP","floor":6},{"not_picked":["Steam Power","Redo"],"picked":"Turbo","floor":7},{"not_picked":["Tempest","Beam Cell"],"picked":"Conserve Battery","floor":8}],"player_experience":1119208,"relics_obtained":[{"floor":6,"key":"Art of War"},{"floor":8,"key":"Bag of Marbles"}],"event_choices":[{"damage_healed":0,"gold_gain":0,"player_choice":"Gave Potion","damage_taken":0,"relics_obtained":["Ornamental Fan"],"max_hp_gain":0,"max_hp_loss":0,"event_name":"WeMeetAgain","floor":5,"gold_loss":0}],"is_beta":false,"boss_relics":[],"items_purged_floors":[10],"is_endless":false,"potions_floor_spawned":[2,6,8],"killed_by":"Exordium Wildlife","ascension_level":7}