{"gold_per_floor":[367,382,401,401,427,427,102,131,177,194,223,223,54,329,329,406,406,424,424,443,443,113,146,146,157,239,266,266,281,314,333,333,333],"floor_reached":33,"playtime":1583,"items_purged":["Parasite","Decay"],"score":642,"play_id":"bb524810-fc7d-4f18-b93d-102d7d69d647","local_time":"20190429015631","is_ascension_mode":true,"campfire_choices":[{"data":"Bash","floor":6,"key":"SMITH"},{"data":"Perfected Strike","floor":12,"key":"SMITH"},{"data":"Pummel","floor":15,"key":"SMITH"},{"floor":24,"key":"REST"},{"floor":32,"key":"REST"}],"neow_cost":"CURSE","seed_source_timestamp":7614796255960,"circlet_count":0,"master_deck":["AscendersBane","Strike_R","Strike_R","Strike_R","Strike_R","Strike_R","Defend_R+1","Defend_R","Defend_R+1","Defend_R","Bash+1","Perfected Strike+1","Pummel+1","Iron Wave","Offering","Headbutt","Headbutt+1","Cleave+1","Feed+1","Shrug It Off+1","Spot Weakness","Shrug It Off","Clothesline+1","Perfected Strike+1","Shrug It Off","Thunderclap+1","Demon Form","Offering"],"relics":["Burning Blood","War Paint","ClockworkSouvenir","Orichalcum","Omamori","Molten Egg 2","PreservedInsect","Sozu","Dodecahedron","Sling","Vajra","Sundial","StoneCalendar","Prayer Wheel"],"potions_floor_usage":[8,16,33],"damage_taken":[{"damage":6,"enemies":"Cultist","floor":1,"turns":5},{"damage":7,"enemies":"Jaw Worm","floor":2,"turns":2},{"damage":11,"enemies":"Small Slimes","floor":3,"turns":4},{"damage":44,"enemies":"3 Sentries","floor":8,"turns":11},{"damage":15,"enemies":"Exordium Thugs","floor":10,"turns":5},{"damage":9,"enemies":"Gremlin Nob","floor":11,"turns":3},{"damage":18,"enemies":"Slime Boss","floor":16,"turns":10},{"damage":22,"enemies":"3 Byrds","floor":18,"turns":7},{"damage":9,"enemies":"Spheric Guardian","floor":20,"turns":3},{"damage":6,"enemies":"Gremlin Leader","floor":23,"turns":3},{"damage":38,"enemies":"Snecko","floor":25,"turns":7},{"damage":10,"enemies":"Slavers","floor":27,"turns":7},{"damage":7,"enemies":"Sentry and Sphere","floor":29,"turns":6},{"damage":12,"enemies":"Gremlin Leader","floor":30,"turns":5},{"damage":8,"enemies":"Centurion and Healer","floor":31,"turns":4},{"damage":60,"enemies":"Automaton","floor":33,"turns":8}],"seed_played":"1606336708771357797","potions_obtained":[{"floor":1,"key":"Regen Potion"},{"floor":2,"key":"SkillPotion"},{"floor":10,"key":"Energy Potion"},{"floor":16,"key":"SpeedPotion"}],"is_trial":false,"path_per_floor":["M","M","M","?","T","R","$","E","T","M","E","R","$","?","R","B",null,"M","?","M","?","$","E","R","M","T","E","?","M","E","M","R","B"],"character_chosen":"IRONCLAD","items_purchased":["ClockworkSouvenir","Iron Wave","Cleave+1","PreservedInsect","Shrug It Off","Sling"],"campfire_rested":2,"item_purchase_floors":[7,7,13,13,22,22],"current_hp_per_floor":[68,67,62,67,67,67,67,44,44,35,32,32,32,32,32,20,63,51,51,48,48,48,52,77,49,49,49,28,31,29,31,62,2],"gold":333,"neow_bonus":"TWO_FIFTY_GOLD","is_prod":false,"is_daily":false,"chose_seed":false,"campfire_upgraded":3,"win_rate":0,"timestamp":1556513791,"path_taken":["M","M","?","?","?","R","$","E","T","M","E","R","$","?","R","BOSS","M","?","M","?","$","E","R","M","T","E","?","M","E","M","R","BOSS"],"build_version":"2019-01-23","purchased_purges":2,"victory":false,"max_hp_per_floor":[75,75,75,80,80,80,77,77,77,77,77,77,77,77,77,77,77,81,81,81,81,81,85,85,89,89,93,93,97,101,105,105,105],"card_choices":[{"not_picked":["Battle Trance","Burning Pact"],"picked":"Perfected Strike","floor":1},{"not_picked":["Perfected Strike","Havoc","Rupture"],"picked":"SKIP","floor":2},{"not_picked":["Reckless Charge","Havoc"],"picked":"Pummel","floor":3},{"not_picked":["Whirlwind","Shrug It Off"],"picked":"Offering","floor":8},{"not_picked":["Warcry","Perfected Strike"],"picked":"Headbutt","floor":10},{"not_picked":["Flex","Battle Trance"],"picked":"Headbutt","floor":11},{"not_picked":["Limit Break","Juggernaut"],"picked":"Feed+1","floor":16},{"not_picked":["Clothesline+1","Body Slam+1"],"picked":"Shrug It Off+1","floor":18},{"not_picked":["Pommel Strike+1","Havoc"],"picked":"Spot Weakness","floor":20},{"not_picked":["Headbutt+1","Feed+1"],"picked":"Clothesline+1","floor":23},{"not_picked":["Warcry","Havoc"],"picked":"Perfected Strike+1","floor":25},{"not_picked":["True Grit","Perfected Strike+1"],"picked":"Shrug It Off","floor":27},{"not_picked":["Wild Strike+1","Warcry"],"picked":"Thunderclap+1","floor":29},{"not_picked":["Clash+1","Warcry"],"picked":"Demon Form","floor":30},{"not_picked":["Clash+1","Headbutt+1"],"picked":"Offering","floor":31},{"not_picked":["Thunderclap+1","Iron Wave+1","Warcry"],"picked":"SKIP","floor":31}],"player_experience":783517,"relics_obtained":[{"floor":5,"key":"War Paint"},{"floor":8,"key":"Orichalcum"},{"floor":9,"key":"Omamori"},{"floor":11,"key":"Molten Egg 2"},{"floor":23,"key":"Vajra"},{"floor":26,"key":"Sundial"},{"floor":27,"key":"StoneCalendar"},{"floor":30,"key":"Prayer Wheel"}],"event_choices":[{"damage_healed":0,"gold_gain":0,"player_choice":"Donut","damage_taken":0,"max_hp_gain":5,"max_hp_loss":0,"event_name":"Big Fish","floor":4,"gold_loss":0},{"damage_healed":0,"gold_gain":275,"player_choice":"Desecrate","damage_taken":0,"max_hp_gain":0,"max_hp_loss":0,"event_name":"Golden Shrine","floor":14,"gold_loss":0,"cards_obtained":["Regret"]},{"damage_healed":0,"gold_gain":0,"player_choice":"Opened","damage_taken":0,"relics_obtained":["Dodecahedron"],"max_hp_gain":0,"max_hp_loss":0,"event_name":"The Mausoleum","floor":19,"gold_loss":0,"cards_obtained":["Writhe"]},{"damage_healed":0,"gold_gain":0,"player_choice":"Smashed Altar","damage_taken":0,"max_hp_gain":0,"max_hp_loss":0,"event_name":"Forgotten Altar","floor":21,"gold_loss":0,"cards_obtained":["Decay"]},{"damage_healed":0,"gold_gain":0,"player_choice":"Obtained Book","damage_taken":21,"max_hp_gain":0,"max_hp_loss":0,"event_name":"Cursed Tome","floor":28,"gold_loss":0}],"is_beta":false,"boss_relics":[{"not_picked":["Calling Bell","Ectoplasm"],"picked":"Sozu"}],"items_purged_floors":[7,22],"is_endless":false,"potions_floor_spawned":[1,2,10,16,20,29,30,31],"killed_by":"Automaton","ascension_level":15}