{"gold_per_floor":[111,124,142,142,156,156,189,201,213,225,265,296,308,320],"floor_reached":14,"playtime":556,"items_purged":[],"score":125,"play_id":"40cf887c-532d-472c-ae8c-9a6af9a197e4","local_time":"20180803163954","is_ascension_mode":true,"campfire_choices":[{"floor":6,"key":"DIG"},{"floor":8,"key":"REST"},{"floor":10,"key":"REST"}],"neow_cost":"NONE","seed_source_timestamp":602743393340230,"circlet_count":0,"master_deck":["Defend_G","Defend_G","Defend_G+1","Defend_G","Defend_G","Strike_G","Strike_G","Strike_G","Strike_G","Strike_G","Survivor+1","Neutralize","Cloak And Dagger","Crippling Poison","Deflect","Backflip","Cloak And Dagger+1","Cloak And Dagger+1","Prepared+1","Parasite"],"relics":["Black Star","Shovel","Toxic Egg 2","War Paint","MawBank","Question Card","Ancient Tea Set","Art of War"],"potions_floor_usage":[7,7,11],"damage_taken":[{"damage":0,"enemies":"2 Louse","floor":1,"turns":3},{"damage":0,"enemies":"Cultist","floor":2,"turns":4},{"damage":4,"enemies":"Small Slimes","floor":3,"turns":4},{"damage":4,"enemies":"Exordium Wildlife","floor":5,"turns":4},{"damage":35,"enemies":"Gremlin Nob","floor":7,"turns":6},{"damage":20,"enemies":"Lagavulin","floor":11,"turns":9},{"damage":10,"enemies":"Lots of Slimes","floor":12,"turns":4},{"damage":72,"enemies":"Gremlin Nob","floor":14,"turns":6}],"seed_played":"-5168723359651684330","potions_obtained":[{"floor":2,"key":"GamblersBrew"},{"floor":3,"key":"GhostInAJar"},{"floor":7,"key":"Energy Potion"}],"is_trial":false,"path_per_floor":["M","M","M","?","M","R","E","R","T","R","E","M","?"],"character_chosen":"THE_SILENT","items_purchased":[],"campfire_rested":2,"item_purchase_floors":[],"current_hp_per_floor":[70,70,66,54,50,50,15,36,36,57,37,27,44,0],"gold":320,"neow_bonus":"BOSS_RELIC","is_prod":false,"is_daily":false,"chose_seed":false,"campfire_upgraded":0,"win_rate":0,"timestamp":1533307194,"path_taken":["M","M","M","?","M","R","E","R","T","R","E","?","?","E"],"build_version":"2018-08-02","purchased_purges":0,"victory":false,"max_hp_per_floor":[70,70,70,70,70,70,70,70,70,70,70,70,70,70],"card_choices":[{"not_picked":["Bane","Well Laid Plans"],"picked":"Cloak And Dagger","floor":1},{"not_picked":["Terror","Bane"],"picked":"Crippling Poison","floor":2},{"not_picked":["Prepared","Reflex"],"picked":"Deflect","floor":3},{"not_picked":["PiercingWail","Grand Finale"],"picked":"Backflip","floor":5},{"not_picked":["Dagger Throw","Die Die Die"],"picked":"Cloak And Dagger+1","floor":7},{"not_picked":["Skewer","Deadly Poison+1","Heel Hook"],"picked":"Cloak And Dagger+1","floor":11},{"not_picked":["Reflex+1","Underhanded Strike","Expertise+1"],"picked":"Prepared+1","floor":12}],"player_experience":221945,"relics_obtained":[{"floor":6,"key":"Toxic Egg 2"},{"floor":7,"key":"War Paint"},{"floor":7,"key":"MawBank"},{"floor":9,"key":"Question Card"},{"floor":11,"key":"Ancient Tea Set"},{"floor":11,"key":"Art of War"}],"event_choices":[{"event_name":"Scrap Ooze","player_choice":"success","floor":4,"damage_taken":12},{"event_name":"Mushrooms","player_choice":"Healed and dodged fight","floor":13,"damage_taken":0}],"is_beta":false,"boss_relics":[],"items_purged_floors":[],"is_endless":false,"potions_floor_spawned":[2,3,7],"killed_by":"Gremlin Nob","ascension_level":5}