{"gold_per_floor":[110,121,136,155,155,186,186,202,202,228,251,251,251,278,278,351,351,367,379,397,72,72,72,72,72,72,106,119,119,130,141,141,219,219,236,249,249,265,280,280,298,298,298,312,312,312,95,129,141,153],"floor_reached":51,"playtime":2574,"items_purged":["Defend_B"],"score":1359,"play_id":"5f64fa74-6fcd-4894-90df-7f90a7fd0103","local_time":"20181123141912","is_ascension_mode":true,"campfire_choices":[{"data":"Defragment","floor":7,"key":"SMITH"},{"data":"Beam Cell","floor":13,"key":"SMITH"},{"floor":15,"key":"REST"},{"data":"Coolheaded","floor":23,"key":"SMITH"},{"data":"Zap","floor":25,"key":"SMITH"},{"floor":32,"key":"REST"},{"floor":40,"key":"REST"},{"data":"Biased Cognition","floor":49,"key":"SMITH"}],"neow_cost":"NONE","seed_source_timestamp":935572201923625,"circlet_count":0,"master_deck":["AscendersBane","Defend_B","Defend_B","Defend_B+1","Zap+1","Dualcast+1","FTL","Beam Cell+1","Defragment+1","Coolheaded+1","Ball Lightning","Glacier","Melter+1","Doom and Gloom+1","Ball Lightning+1","Go for the Eyes+1","Core Surge+1","Self Repair","Compile Driver+1","BootSequence","Defragment+1","Leap","Biased Cognition+1","Fission+1","Glacier+1","Hello World+1","Skim+1","Sweeping Beam+1","Flash of Steel+1","Defragment+1","Cold Snap+1"],"relics":["Cracked Core","NeowsBlessing","Blue Candle","Molten Egg 2","Pantograph","Odd Mushroom","Singing Bowl","Sozu","War Paint","Ornamental Fan","Happy Flower","Astrolabe","Frozen Egg 2","MawBank"],"potions_floor_usage":[6,11,14,14,50],"damage_taken":[{"damage":0,"enemies":"Small Slimes","floor":1,"turns":1},{"damage":0,"enemies":"Jaw Worm","floor":2,"turns":1},{"damage":0,"enemies":"2 Louse","floor":3,"turns":1},{"damage":1,"enemies":"2 Fungi Beasts","floor":4,"turns":3},{"damage":30,"enemies":"3 Sentries","floor":6,"turns":7},{"damage":0,"enemies":"Large Slime","floor":8,"turns":5},{"damage":12,"enemies":"Lagavulin","floor":10,"turns":5},{"damage":2,"enemies":"The Mushroom Lair","floor":11,"turns":4},{"damage":11,"enemies":"3 Sentries","floor":14,"turns":7},{"damage":60,"enemies":"Slime Boss","floor":16,"turns":13},{"damage":0,"enemies":"Spheric Guardian","floor":18,"turns":1},{"damage":0,"enemies":"Chosen","floor":19,"turns":3},{"damage":19,"enemies":"Snake Plant","floor":20,"turns":5},{"damage":44,"enemies":"Slavers","floor":27,"turns":4},{"damage":0,"enemies":"Centurion and Healer","floor":28,"turns":4},{"damage":16,"enemies":"Snecko","floor":30,"turns":4},{"damage":0,"enemies":"Sentry and Sphere","floor":31,"turns":2},{"damage":35,"enemies":"Collector","floor":33,"turns":11},{"damage":40,"enemies":"3 Darklings","floor":35,"turns":5},{"damage":0,"enemies":"3 Shapes","floor":36,"turns":6},{"damage":19,"enemies":"Maw","floor":38,"turns":7},{"damage":18,"enemies":"Transient","floor":39,"turns":6},{"damage":3,"enemies":"Writhing Mass","floor":41,"turns":9},{"damage":9,"enemies":"3 Darklings","floor":44,"turns":5},{"damage":0,"enemies":"Nemesis","floor":48,"turns":9},{"damage":45,"enemies":"Donu and Deca","floor":50,"turns":14}],"seed_played":"8669372928181802342","potions_obtained":[{"floor":1,"key":"SpeedPotion"},{"floor":6,"key":"Fire Potion"},{"floor":11,"key":"SkillPotion"},{"floor":14,"key":"Fruit Juice"},{"floor":16,"key":"FocusPotion"}],"is_trial":false,"path_per_floor":["M","M","M","M","?","E","R","M","T","E","?","?","R","E","R","B",null,"M","M","M","$","?","R","?","R","T","E","M","?","M","M","R","B",null,"M","M","?","M","M","R","M","?","T","M","?","?","$","E","R","B",null],"character_chosen":"DEFECT","items_purchased":["War Paint","Core Surge+1","Defragment+1","Cold Snap+1"],"campfire_rested":3,"item_purchase_floors":[21,21,47,47],"current_hp_per_floor":[64,64,64,63,56,26,26,26,26,14,12,35,35,31,54,20,65,65,65,46,46,46,46,46,46,46,11,18,18,9,16,40,37,71,38,47,47,37,28,53,59,59,59,57,57,54,54,63,63,50],"gold":165,"neow_bonus":"THREE_ENEMY_KILL","is_prod":false,"is_daily":false,"chose_seed":false,"campfire_upgraded":5,"win_rate":0,"timestamp":1542979152,"path_taken":["M","M","M","M","?","E","R","M","T","E","?","?","R","E","R","BOSS","M","M","M","$","?","R","?","R","T","E","M","?","M","M","R","BOSS","M","M","?","M","M","R","M","?","T","?","?","?","$","E","R","BOSS"],"build_version":"2018-11-15","purchased_purges":1,"victory":true,"max_hp_per_floor":[71,71,71,71,71,71,71,71,71,71,71,71,71,78,78,80,80,80,80,80,80,80,80,80,80,80,82,82,82,82,82,82,82,82,82,84,80,82,84,84,86,86,86,86,86,88,88,90,90,90],"card_choices":[{"not_picked":["Rebound","Cold Snap"],"picked":"FTL","floor":1},{"not_picked":["Stack","Barrage"],"picked":"Beam Cell","floor":2},{"not_picked":["Machine Learning","Hologram"],"picked":"Defragment","floor":3},{"not_picked":["Hologram","Turbo"],"picked":"Tempest","floor":4},{"not_picked":["Barrage","Gash"],"picked":"Coolheaded","floor":6},{"not_picked":["Stack","Defragment"],"picked":"Ball Lightning","floor":8},{"not_picked":["Turbo","Redo"],"picked":"Glacier","floor":10},{"not_picked":["Beam Cell+1","Conserve Battery"],"picked":"Melter+1","floor":11},{"not_picked":["Coolheaded","Chaos","Streamline+1"],"picked":"Singing Bowl","floor":14},{"not_picked":["Thunder Strike+1","Creative AI","Seek"],"picked":"Singing Bowl","floor":16},{"not_picked":["Recycle","Steam Power+1"],"picked":"Doom and Gloom+1","floor":18},{"not_picked":["FTL+1","Streamline+1"],"picked":"Ball Lightning+1","floor":19},{"not_picked":["Chill","White Noise"],"picked":"Go for the Eyes+1","floor":20},{"not_picked":["Streamline+1","Steam","Turbo"],"picked":"Singing Bowl","floor":27},{"not_picked":["Static Discharge","Turbo"],"picked":"Compile Driver+1","floor":28},{"not_picked":["Capacitor","Heatsinks"],"picked":"Defragment","floor":30},{"not_picked":["Coolheaded","Ball Lightning+1"],"picked":"Leap","floor":31},{"not_picked":["Echo Form","Core Surge+1"],"picked":"Biased Cognition","floor":33},{"not_picked":["Barrage+1","Storm"],"picked":"Skim+1","floor":35},{"not_picked":["Cold Snap+1","Hologram","Undo"],"picked":"Singing Bowl","floor":36},{"not_picked":["Melter+1","Conserve Battery","White Noise"],"picked":"Singing Bowl","floor":38},{"not_picked":["Sunder+1","Streamline+1","Redo"],"picked":"Singing Bowl","floor":39},{"not_picked":["Stack+1","Streamline+1","Beam Cell+1"],"picked":"Singing Bowl","floor":41},{"not_picked":["Cold Snap+1","Go for the Eyes+1"],"picked":"Sweeping Beam+1","floor":44},{"not_picked":["Metamorphosis","Dramatic Entrance+1"],"picked":"Flash of Steel+1","floor":46},{"not_picked":["Impatience","Dark Shackles","Mayhem+1"],"picked":"Singing Bowl","floor":46},{"not_picked":["Stack","Multi-Cast","Hologram"],"picked":"Singing Bowl","floor":48}],"player_experience":849760,"relics_obtained":[{"floor":6,"key":"Blue Candle"},{"floor":9,"key":"Molten Egg 2"},{"floor":10,"key":"Pantograph"},{"floor":11,"key":"Odd Mushroom"},{"floor":14,"key":"Singing Bowl"},{"floor":26,"key":"Ornamental Fan"},{"floor":27,"key":"Happy Flower"},{"floor":43,"key":"Frozen Egg 2"},{"floor":48,"key":"MawBank"}],"event_choices":[{"cards_removed":["Strike_B"],"damage_healed":0,"gold_gain":0,"player_choice":"Card Removal","damage_taken":7,"max_hp_gain":0,"max_hp_loss":0,"event_name":"Golden Wing","floor":5,"gold_loss":0},{"damage_healed":0,"gold_gain":0,"player_choice":"Fought Mushrooms","damage_taken":0,"max_hp_gain":0,"max_hp_loss":0,"event_name":"Mushrooms","floor":11,"gold_loss":0},{"damage_healed":23,"gold_gain":0,"player_choice":"Banana","damage_taken":0,"max_hp_gain":0,"max_hp_loss":0,"event_name":"Big Fish","floor":12,"gold_loss":0},{"damage_healed":0,"gold_gain":0,"player_choice":"Ignored","damage_taken":0,"max_hp_gain":0,"max_hp_loss":0,"event_name":"Beggar","floor":22,"gold_loss":0},{"damage_healed":0,"gold_gain":0,"player_choice":"Read","damage_taken":0,"max_hp_gain":0,"max_hp_loss":0,"event_name":"The Library","floor":24,"gold_loss":0,"cards_obtained":["Self Repair"]},{"damage_healed":0,"gold_gain":0,"cards_transformed":["Strike_B"],"player_choice":"Transformed","damage_taken":0,"max_hp_gain":0,"max_hp_loss":0,"event_name":"Transmorgrifier","floor":29,"gold_loss":0,"cards_obtained":["BootSequence"]},{"damage_healed":0,"gold_gain":0,"player_choice":"Max HP","damage_taken":0,"max_hp_gain":0,"max_hp_loss":4,"event_name":"Winding Halls","floor":37,"gold_loss":0},{"damage_healed":0,"gold_gain":0,"player_choice":"Upgraded","damage_taken":0,"max_hp_gain":0,"max_hp_loss":0,"event_name":"Upgrade Shrine","floor":42,"gold_loss":0,"cards_upgraded":["Defragment"]},{"damage_healed":0,"gold_gain":0,"player_choice":"Ignored","damage_taken":0,"max_hp_gain":0,"max_hp_loss":0,"event_name":"Mysterious Sphere","floor":45,"gold_loss":0},{"damage_healed":0,"gold_gain":0,"player_choice":"Memory 2","damage_taken":5,"max_hp_gain":0,"max_hp_loss":0,"event_name":"SensoryStone","floor":46,"gold_loss":0}],"is_beta":false,"boss_relics":[{"not_picked":["Ectoplasm","FrozenCore"],"picked":"Sozu"},{"not_picked":["Velvet Choker","Runic Dome"],"picked":"Astrolabe"}],"items_purged_floors":[47],"is_endless":false,"potions_floor_spawned":[1,6,11,14,16,27,30,33,38,39],"ascension_level":17}