{"gold_per_floor":[116,135,150,150,167,167,202,202,202,215,225,225,237,256,256,353,353,368,66,84,101,112,140,140,159,185,185,203,203,214,243,243,348,348,365,380,391,405,417,417,417,465,465,465,465,485,485,812,812,812],"floor_reached":50,"playtime":5485,"items_purged":["Defend_R"],"score":623,"play_id":"834e71b5-f755-421a-af69-0492df5c5e94","local_time":"20190320012822","is_ascension_mode":true,"campfire_choices":[{"data":"Metallicize","floor":6.0,"key":"SMITH"},{"data":"Seeing Red","floor":8.0,"key":"SMITH"},{"data":"Inflame","floor":15.0,"key":"SMITH"},{"floor":24.0,"key":"REST"},{"floor":29.0,"key":"RECALL"},{"floor":32.0,"key":"REST"},{"floor":40,"key":"REST"},{"floor":44,"key":"REST"},{"floor":47,"key":"REST"},{"floor":49,"key":"REST"}],"neow_cost":"NONE","seed_source_timestamp":0,"circlet_count":0,"master_deck":["Strike_R","Strike_R","Strike_R","Strike_R","Strike_R","Defend_R","Defend_R","Defend_R","Bash","Armaments+1","Metallicize+1","Headbutt","Metallicize","Seeing Red+1","Pommel Strike","Inflame+1","Cleave","Berserk","Metallicize","Shrug It Off","Rage","Pommel Strike+1","Rampage+1","Metallicize","Pommel Strike","Juggernaut","Flex","Warcry+1","Finesse","Shrug It Off+1","Double Tap"],"special_seed":0,"relics":["Burning Blood","NeowsBlessing","Omamori","Mercury Hourglass","FaceOfCleric","Fusion Hammer","Blood Vial","Champion Belt","Lantern","Anchor","Lizard Tail","Nunchaku","Old Coin"],"potions_floor_usage":[38,42,50],"damage_taken":[{"damage":0.0,"enemies":"Jaw Worm","floor":1.0,"turns":1.0},{"damage":0.0,"enemies":"2 Louse","floor":2.0,"turns":1.0},{"damage":0.0,"enemies":"Cultist","floor":3.0,"turns":1.0},{"damage":3.0,"enemies":"Red Slaver","floor":5.0,"turns":5.0},{"damage":24.0,"enemies":"Lagavulin","floor":7.0,"turns":7.0},{"damage":5.0,"enemies":"2 Fungi Beasts","floor":10.0,"turns":4.0},{"damage":4.0,"enemies":"Blue Slaver","floor":11.0,"turns":5.0},{"damage":2.0,"enemies":"3 Louse","floor":13.0,"turns":2.0},{"damage":0.0,"enemies":"2 Fungi Beasts","floor":14.0,"turns":3.0},{"damage":8.0,"enemies":"Slime Boss","floor":16.0,"turns":6.0},{"damage":0.0,"enemies":"Chosen","floor":18.0,"turns":4.0},{"damage":2.0,"enemies":"Shell Parasite","floor":20.0,"turns":6.0},{"damage":9.0,"enemies":"Snecko","floor":21.0,"turns":5.0},{"damage":11.0,"enemies":"Snake Plant","floor":22.0,"turns":4.0},{"damage":48.0,"enemies":"Book of Stabbing","floor":23.0,"turns":5.0},{"damage":7.0,"enemies":"3 Cultists","floor":25.0,"turns":5.0},{"damage":4.0,"enemies":"Centurion and Healer","floor":28.0,"turns":5.0},{"damage":4.0,"enemies":"Chosen and Byrds","floor":30.0,"turns":4.0},{"damage":62.0,"enemies":"Slavers","floor":31.0,"turns":7.0},{"damage":48.0,"enemies":"Collector","floor":33.0,"turns":9.0},{"damage":45,"enemies":"3 Darklings","floor":35,"turns":5},{"damage":0,"enemies":"Orb Walker","floor":36,"turns":2},{"damage":15,"enemies":"Transient","floor":37,"turns":5},{"damage":21,"enemies":"3 Darklings","floor":38,"turns":5},{"damage":34,"enemies":"Jaw Worm Horde","floor":39,"turns":6},{"damage":60,"enemies":"2 Orb Walkers","floor":42,"turns":6},{"damage":7,"enemies":"Writhing Mass","floor":46,"turns":7},{"damage":26,"enemies":"Giant Head","floor":48,"turns":9},{"damage":103,"enemies":"Awakened One","floor":50,"turns":11}],"seed_played":"-8422602078804608807","potions_obtained":[{"floor":3.0,"key":"SkillPotion"},{"floor":5.0,"key":"Regen Potion"},{"floor":7.0,"key":"PowerPotion"},{"floor":13.0,"key":"FearPotion"},{"floor":16.0,"key":"LiquidBronze"},{"floor":18.0,"key":"Fire Potion"},{"floor":23.0,"key":"FearPotion"},{"floor":25.0,"key":"GamblersBrew"},{"floor":31.0,"key":"Regen Potion"},{"floor":33.0,"key":"SneckoOil"},{"floor":35,"key":"GamblersBrew"},{"floor":36,"key":"PowerPotion"},{"floor":42,"key":"Swift Potion"}],"is_trial":false,"path_per_floor":["?","?","?","M","?","?","?"],"character_chosen":"IRONCLAD","items_purchased":["Blood Vial","Metallicize"],"campfire_rested":6,"item_purchase_floors":[19,19],"current_hp_per_floor":[80,80,80,80,80,80,71,71,71,72,74,74,79,82,82,81,83,84,84,85,83,81,42,68,70,70,70,75,75,80,27,54,30,93,55,64,58,46,21,50,50,56,56,85,85,87,100,81,101,0],"gold":812,"neow_bonus":"THREE_ENEMY_KILL","is_prod":false,"is_daily":false,"chose_seed":false,"campfire_upgraded":3,"win_rate":0,"timestamp":1553020102,"path_taken":["M","M","M","?","M","R","E","R","T","M","M","?","M","M","R","BOSS","M","$","M","M","M","E","R","M","T","?","M","R","?","E","R","BOSS","M","M","M","M","M","R","?","?","T","R","?","M","R","E","R","BOSS"],"build_version":"2019-01-23","purchased_purges":1,"victory":false,"max_hp_per_floor":[80,80,80,80,80,80,80,80,80,80,80,80,81,82,82,83,83,84,84,85,86,87,88,88,89,89,89,90,90,91,92,92,93,93,94,95,96,97,98,98,98,99,99,99,99,100,100,101,101,101],"card_choices":[{"not_picked":["Feel No Pain","Shockwave"],"picked":"Armaments","floor":1.0},{"not_picked":["Body Slam","Perfected Strike"],"picked":"Metallicize","floor":2.0},{"not_picked":["Perfected Strike","Clothesline"],"picked":"Headbutt","floor":3.0},{"not_picked":["Pommel Strike","Flex"],"picked":"Metallicize","floor":5.0},{"not_picked":["Heavy Blade","Headbutt"],"picked":"Seeing Red","floor":7.0},{"not_picked":["Intimidate","Sever Soul"],"picked":"Pommel Strike","floor":10.0},{"not_picked":["Armaments","Anger"],"picked":"Inflame","floor":11.0},{"not_picked":["Burning Pact","Sword Boomerang","Twin Strike"],"picked":"SKIP","floor":13.0},{"not_picked":["Reaper","Heavy Blade"],"picked":"Cleave","floor":14.0},{"not_picked":["Immolate","Reaper"],"picked":"Berserk","floor":16.0},{"not_picked":["Armaments","Disarm+1","Body Slam"],"picked":"SKIP","floor":18.0},{"not_picked":["Thunderclap","Searing Blow"],"picked":"Shrug It Off","floor":20.0},{"not_picked":["Cleave","Clothesline+1"],"picked":"Rage","floor":21.0},{"not_picked":["Body Slam","Feel No Pain"],"picked":"Pommel Strike+1","floor":22.0},{"not_picked":["Headbutt+1","Cleave"],"picked":"Rampage+1","floor":23.0},{"not_picked":["Twin Strike","Feel No Pain"],"picked":"Metallicize","floor":25.0},{"not_picked":["Reaper","Power Through"],"picked":"Pommel Strike","floor":28.0},{"not_picked":["Clash+1","Wild Strike","Clothesline+1"],"picked":"SKIP","floor":30.0},{"not_picked":["Perfected Strike+1","True Grit","Clothesline"],"picked":"SKIP","floor":31.0},{"not_picked":["Exhume","Bludgeon"],"picked":"Juggernaut","floor":33.0},{"not_picked":["Seeing Red+1","Clash"],"picked":"Flex","floor":35},{"not_picked":["Clash","Feel No Pain"],"picked":"Warcry+1","floor":36},{"not_picked":["Perfected Strike","Warcry+1","Headbutt+1"],"picked":"SKIP","floor":37},{"not_picked":["Clothesline","Searing Blow+1","Spot Weakness+1"],"picked":"SKIP","floor":38},{"not_picked":["Cleave","Corruption","Sword Boomerang+1"],"picked":"SKIP","floor":39},{"not_picked":["Madness","Jack Of All Trades"],"picked":"Finesse","floor":41},{"not_picked":["Cleave","Warcry"],"picked":"Shrug It Off+1","floor":42},{"not_picked":["Bloodletting","Entrench+1","Clothesline+1"],"picked":"SKIP","floor":46},{"not_picked":["Cleave+1","Flex"],"picked":"Double Tap","floor":48}],"player_experience":78531,"relics_obtained":[{"floor":7.0,"key":"Omamori"},{"floor":9.0,"key":"Mercury Hourglass"},{"floor":23.0,"key":"Champion Belt"},{"floor":26.0,"key":"Lantern"},{"floor":31.0,"key":"Anchor"},{"floor":42,"key":"Nunchaku"},{"floor":48,"key":"Old Coin"}],"event_choices":[{"damage_healed":0.0,"max_hp_gain":0.0,"max_hp_loss":0.0,"gold_gain":0.0,"event_name":"Living Wall","player_choice":"Grow","floor":4.0,"gold_loss":0.0,"damage_taken":0.0,"cards_upgraded":["Armaments"]},{"damage_healed":0.0,"max_hp_gain":0.0,"max_hp_loss":0.0,"gold_gain":0.0,"event_name":"FaceTrader","player_choice":"Trade","floor":12.0,"gold_loss":0.0,"damage_taken":0.0,"relics_obtained":["FaceOfCleric"]},{"damage_healed":0.0,"max_hp_gain":0.0,"max_hp_loss":0.0,"gold_gain":0.0,"event_name":"Transmorgrifier","player_choice":"Ignored","floor":27.0,"gold_loss":0.0,"damage_taken":0.0},{"damage_healed":0,"gold_gain":0,"player_choice":"Memory 1","damage_taken":0,"max_hp_gain":0,"max_hp_loss":0,"event_name":"SensoryStone","floor":41,"gold_loss":0},{"damage_healed":0,"gold_gain":0,"player_choice":"Fight","damage_taken":0,"max_hp_gain":0,"max_hp_loss":0,"event_name":"Mysterious Sphere","floor":42,"gold_loss":0},{"damage_healed":0,"gold_gain":0,"player_choice":"Ignored","damage_taken":0,"max_hp_gain":0,"max_hp_loss":0,"event_name":"Tomb of Lord Red Mask","floor":45,"gold_loss":0}],"is_beta":false,"boss_relics":[{"not_picked":["Tiny House","Orrery"],"picked":"Fusion Hammer"},{"not_picked":["Black Blood","Black Star"],"picked":"Lizard Tail"}],"items_purged_floors":[19],"is_endless":false,"potions_floor_spawned":[3,5,7,13,16,18,23,25,31,33,35,36,42],"killed_by":"Awakened One","ascension_level":1}