{"gold_per_floor":[109,124,124,140,153,153,176,176,203,263,263,263,291,311,311,384,384,384,384,384,384,69,69,19,19,19,19,19,19,19,19,19,19,19,19,19,19,19,19,19,0,0,0,0,0,0,0,0,0,0],"floor_reached":51,"playtime":2327,"items_purged":[],"score":1238,"play_id":"1ae81a0e-121a-4148-8749-c32d9f853610","local_time":"20190423155857","is_ascension_mode":true,"campfire_choices":[{"data":"Armaments","floor":6,"key":"SMITH"},{"data":"Searing Blow","floor":8,"key":"SMITH"},{"data":"Searing Blow+1","floor":11,"key":"SMITH"},{"data":"Searing Blow+2","floor":15,"key":"SMITH"},{"data":"Searing Blow+3","floor":23,"key":"SMITH"},{"data":"Searing Blow+4","floor":25,"key":"SMITH"},{"data":"Searing Blow+5","floor":29,"key":"SMITH"},{"data":"Searing Blow+6","floor":32,"key":"SMITH"},{"data":"Searing Blow+7","floor":40,"key":"SMITH"},{"data":"Searing Blow+8","floor":45,"key":"SMITH"},{"data":"Searing Blow+9","floor":49,"key":"SMITH"}],"neow_cost":"NONE","seed_source_timestamp":600181047388952,"circlet_count":0,"master_deck":["AscendersBane","Strike_R","Strike_R","Strike_R","Strike_R","Strike_R","Defend_R","Defend_R","Defend_R","Bash","Metallicize","Searing Blow+10","Armaments+1","Battle Trance","Disarm","Offering+1","Reaper","Warcry+1","Ghostly Armor+1","Headbutt+1","Armaments+1"],"relics":["Burning Blood","NeowsBlessing","Odd Mushroom","Juzu Bracelet","Tiny Chest","Toxic Egg 2","Ectoplasm","Bottled Flame","Pantograph","Bottled Tornado","Busted Crown","Red Mask","Pear","Strawberry","Oddly Smooth Stone"],"potions_floor_usage":[7,7,16,16,16,28,35,50,50],"damage_taken":[{"damage":0,"enemies":"Jaw Worm","floor":1,"turns":1},{"damage":0,"enemies":"2 Louse","floor":2,"turns":1},{"damage":0,"enemies":"Small Slimes","floor":4,"turns":1},{"damage":20,"enemies":"3 Louse","floor":5,"turns":5},{"damage":8,"enemies":"The Mushroom Lair","floor":7,"turns":6},{"damage":20,"enemies":"3 Sentries","floor":10,"turns":12},{"damage":22,"enemies":"Gremlin Nob","floor":13,"turns":5},{"damage":8,"enemies":"Lots of Slimes","floor":14,"turns":6},{"damage":22,"enemies":"The Guardian","floor":16,"turns":10},{"damage":24,"enemies":"3 Byrds","floor":18,"turns":7},{"damage":1,"enemies":"Shell Parasite","floor":20,"turns":7},{"damage":15,"enemies":"Snake Plant","floor":21,"turns":4},{"damage":25,"enemies":"Centurion and Healer","floor":27,"turns":4},{"damage":6,"enemies":"Gremlin Leader","floor":28,"turns":4},{"damage":3,"enemies":"Chosen and Byrds","floor":30,"turns":3},{"damage":62,"enemies":"Champ","floor":33,"turns":7},{"damage":27,"enemies":"3 Shapes","floor":35,"turns":4},{"damage":13,"enemies":"3 Darklings","floor":38,"turns":7},{"damage":9,"enemies":"Maw","floor":39,"turns":5},{"damage":10,"enemies":"Reptomancer","floor":44,"turns":2},{"damage":13,"enemies":"Writhing Mass","floor":46,"turns":2},{"damage":6,"enemies":"Sphere and 2 Shapes","floor":48,"turns":4},{"damage":62,"enemies":"Donu and Deca","floor":50,"turns":8}],"seed_played":"-1218173863151250497","potions_obtained":[{"floor":1,"key":"FearPotion"},{"floor":5,"key":"EssenceOfSteel"},{"floor":14,"key":"EntropicBrew"},{"floor":20,"key":"PowerPotion"},{"floor":27,"key":"Poison Potion"},{"floor":28,"key":"Fire Potion"},{"floor":33,"key":"EssenceOfSteel"},{"floor":39,"key":"Ancient Potion"},{"floor":46,"key":"Weak Potion"}],"is_trial":false,"path_per_floor":["?","?","?","?","?","?","?","?","?","T","?"],"character_chosen":"IRONCLAD","items_purchased":["Armaments+1","Bottled Flame"],"campfire_rested":0,"item_purchase_floors":[22,22],"current_hp_per_floor":[78,80,85,85,71,71,69,69,69,55,55,48,32,30,30,14,67,55,55,60,51,51,51,51,51,51,32,36,36,44,44,44,13,67,58,58,58,66,67,67,67,77,84,80,80,73,73,81,81,50],"gold":0,"neow_bonus":"THREE_ENEMY_KILL","is_prod":false,"is_daily":false,"chose_seed":false,"campfire_upgraded":11,"win_rate":0,"timestamp":1556009937,"path_taken":["M","M","?","M","M","R","?","R","T","E","R","?","E","M","R","BOSS","M","?","M","M","$","R","?","R","T","M","E","R","M","?","R","BOSS","M","?","?","M","M","R","?","?","T","E","R","M","?","M","R","BOSS"],"build_version":"2019-01-23","purchased_purges":0,"victory":true,"max_hp_per_floor":[80,80,85,85,85,85,85,85,85,85,85,85,85,85,85,85,85,85,85,85,85,85,85,85,85,85,85,85,85,85,85,85,85,85,85,81,81,81,81,81,81,91,98,98,98,98,98,98,98,98],"card_choices":[{"not_picked":["Disarm","Power Through"],"picked":"Metallicize","floor":1},{"not_picked":["Twin Strike","Clash"],"picked":"Searing Blow","floor":2},{"not_picked":["Dropkick","Sword Boomerang","Thunderclap"],"picked":"SKIP","floor":4},{"not_picked":["Shrug It Off","Headbutt"],"picked":"Armaments","floor":5},{"not_picked":["Fiend Fire","Anger"],"picked":"Battle Trance","floor":7},{"not_picked":["Body Slam","Rage"],"picked":"Disarm","floor":10},{"not_picked":["Clash","Power Through"],"picked":"Offering","floor":13},{"not_picked":["Second Wind+1","Clash","Wild Strike"],"picked":"SKIP","floor":14},{"not_picked":["Bludgeon","Immolate"],"picked":"Reaper","floor":16},{"not_picked":["Sword Boomerang+1","Flex+1"],"picked":"Warcry+1","floor":18},{"not_picked":["Body Slam","Anger"],"picked":"Headbutt+1","floor":20},{"not_picked":["Headbutt+1","Body Slam","Corruption"],"picked":"SKIP","floor":21},{"not_picked":["Warcry+1","Flex+1","Rupture+1"],"picked":"SKIP","floor":27},{"not_picked":["Impervious+1","Clash","Reckless Charge"],"picked":"SKIP","floor":28},{"not_picked":["Anger+1","Heavy Blade","Warcry+1"],"picked":"SKIP","floor":30},{"not_picked":["Heavy Blade"],"picked":"SKIP","floor":35},{"not_picked":["Pummel+1"],"picked":"SKIP","floor":38},{"not_picked":["Wild Strike"],"picked":"SKIP","floor":39},{"not_picked":["Clash"],"picked":"SKIP","floor":44},{"not_picked":["Inflame+1"],"picked":"SKIP","floor":46},{"not_picked":["Heavy Blade"],"picked":"SKIP","floor":48}],"player_experience":288766,"relics_obtained":[{"floor":7,"key":"Odd Mushroom"},{"floor":9,"key":"Juzu Bracelet"},{"floor":10,"key":"Tiny Chest"},{"floor":13,"key":"Toxic Egg 2"},{"floor":26,"key":"Pantograph"},{"floor":28,"key":"Bottled Tornado"},{"floor":42,"key":"Pear"},{"floor":43,"key":"Strawberry"},{"floor":44,"key":"Oddly Smooth Stone"}],"event_choices":[{"damage_healed":0,"gold_gain":0,"player_choice":"Donut","damage_taken":0,"max_hp_gain":5,"max_hp_loss":0,"event_name":"Big Fish","floor":3,"gold_loss":0},{"damage_healed":0,"gold_gain":0,"player_choice":"Fought Mushrooms","damage_taken":0,"max_hp_gain":0,"max_hp_loss":0,"event_name":"Mushrooms","floor":7,"gold_loss":0},{"cards_removed":["Defend_R"],"damage_healed":0,"gold_gain":0,"player_choice":"Card Removal","damage_taken":7,"max_hp_gain":0,"max_hp_loss":0,"event_name":"Golden Wing","floor":12,"gold_loss":0},{"damage_healed":0,"gold_gain":0,"player_choice":"Read","damage_taken":0,"max_hp_gain":0,"max_hp_loss":0,"event_name":"The Library","floor":19,"gold_loss":0,"cards_obtained":["Ghostly Armor"]},{"damage_healed":0,"gold_gain":0,"player_choice":"Bet on Owner","damage_taken":0,"max_hp_gain":0,"max_hp_loss":0,"event_name":"The Joust","floor":24,"gold_loss":50},{"damage_healed":0,"gold_gain":0,"player_choice":"Ignored","damage_taken":0,"max_hp_gain":0,"max_hp_loss":0,"event_name":"Ghosts","floor":31,"gold_loss":0},{"damage_healed":0,"gold_gain":0,"player_choice":"Max HP","damage_taken":0,"max_hp_gain":0,"max_hp_loss":4,"event_name":"Winding Halls","floor":36,"gold_loss":0},{"damage_healed":0,"gold_gain":0,"player_choice":"Ignored","damage_taken":0,"max_hp_gain":0,"max_hp_loss":0,"event_name":"Mysterious Sphere","floor":37,"gold_loss":0},{"damage_healed":0,"gold_gain":0,"player_choice":"Paid","damage_taken":0,"relics_obtained":["Red Mask"],"max_hp_gain":0,"max_hp_loss":0,"event_name":"Tomb of Lord Red Mask","floor":41,"gold_loss":19},{"damage_healed":0,"gold_gain":0,"player_choice":"Memory 1","damage_taken":0,"max_hp_gain":0,"max_hp_loss":0,"event_name":"SensoryStone","floor":47,"gold_loss":0}],"is_beta":false,"boss_relics":[{"not_picked":["Pandora\u0027s Box","Runic Cube"],"picked":"Ectoplasm"},{"not_picked":["Mark of Pain","Snecko Eye"],"picked":"Busted Crown"}],"items_purged_floors":[],"is_endless":false,"potions_floor_spawned":[1,5,14,20,27,28,30,33,39,46,48],"ascension_level":13}