{"gold_per_floor":[117,48,62,74,87,113,113,127,127,127,192,40,69,83,83,83],"floor_reached":16,"playtime":1877,"items_purged":["Strike_R"],"score":151,"play_id":"63ee317d-bbf8-4b1d-8ffa-207168a2bfca","local_time":"20190325233706","is_ascension_mode":true,"campfire_choices":[{"data":"Corruption","floor":7,"key":"SMITH"},{"data":"Feel No Pain","floor":10,"key":"SMITH"},{"data":"Dark Embrace","floor":15,"key":"SMITH"}],"neow_cost":"NONE","seed_source_timestamp":169144873950666,"circlet_count":0,"master_deck":["Strike_R","Strike_R","Strike_R","Strike_R","Defend_R","Defend_R","Defend_R","Defend_R","Bash","Shockwave","Feel No Pain+1","Seeing Red","True Grit","Corruption+1","Whirlwind","Infernal Blade","Dark Embrace+1","Headbutt"],"relics":["Burning Blood","Dream Catcher","Lantern","Unceasing Top","Mummified Hand"],"potions_floor_usage":[14,16],"damage_taken":[{"damage":14,"enemies":"2 Louse","floor":1,"turns":3},{"damage":7,"enemies":"Jaw Worm","floor":3,"turns":4},{"damage":0,"enemies":"Cultist","floor":4,"turns":3},{"damage":6,"enemies":"Blue Slaver","floor":5,"turns":5},{"damage":25,"enemies":"3 Sentries","floor":6,"turns":13},{"damage":3,"enemies":"Red Slaver","floor":8,"turns":3},{"damage":29,"enemies":"Gremlin Nob","floor":11,"turns":6},{"damage":0,"enemies":"Lagavulin","floor":13,"turns":7},{"damage":16,"enemies":"Exordium Thugs","floor":14,"turns":4},{"damage":45,"enemies":"Hexaghost","floor":16,"turns":9}],"seed_played":"-1233948005821642247","potions_obtained":[{"floor":5,"key":"BloodPotion"},{"floor":8,"key":"GamblersBrew"}],"is_trial":false,"path_per_floor":["?","$","M"],"character_chosen":"IRONCLAD","items_purchased":["Feel No Pain","Infernal Blade"],"campfire_rested":0,"item_purchase_floors":[2,12],"current_hp_per_floor":[72,72,71,77,77,58,58,61,61,61,38,38,44,34,34,0],"gold":83,"neow_bonus":"RANDOM_COMMON_RELIC","is_prod":false,"is_daily":false,"chose_seed":false,"campfire_upgraded":3,"win_rate":0,"timestamp":1553531826,"path_taken":["M","$","M","M","M","E","R","M","T","R","?","?","E","?","R","BOSS"],"build_version":"2019-01-23","purchased_purges":1,"victory":false,"max_hp_per_floor":[80,80,80,80,80,80,80,80,80,80,80,80,80,80,80,80],"card_choices":[{"not_picked":["Twin Strike","Clothesline"],"picked":"Shockwave","floor":1},{"not_picked":["Perfected Strike","Twin Strike"],"picked":"Seeing Red","floor":3},{"not_picked":["Flex","Perfected Strike"],"picked":"True Grit","floor":4},{"not_picked":["Clothesline","Warcry"],"picked":"Corruption","floor":5},{"not_picked":["Clash","Armaments","Sword Boomerang"],"picked":"SKIP","floor":6},{"not_picked":["Double Tap","Corruption"],"picked":"Whirlwind","floor":8},{"not_picked":["Flex","Hemokinesis"],"picked":"Dark Embrace","floor":13},{"not_picked":["Anger","Wild Strike"],"picked":"Headbutt","floor":14}],"player_experience":119054,"relics_obtained":[{"floor":6,"key":"Lantern"},{"floor":11,"key":"Unceasing Top"},{"floor":13,"key":"Mummified Hand"}],"event_choices":[{"damage_healed":0,"gold_gain":0,"player_choice":"Searched \u00271\u0027 times","damage_taken":0,"max_hp_gain":0,"max_hp_loss":0,"event_name":"Dead Adventurer","floor":11,"gold_loss":0}],"is_beta":false,"boss_relics":[],"items_purged_floors":[12],"is_endless":false,"potions_floor_spawned":[5,8],"killed_by":"Hexaghost","ascension_level":2}