{"gold_per_floor":[114,189,189,207,103,129,139,170,195,370,49,15,15,28,28,124,124,134,154,154,154,154,154,186,92,92,111,125,125],"floor_reached":29,"playtime":2455,"items_purged":["Doubt"],"score":304,"play_id":"9e4f5064-5f0b-439b-abee-b7f370c14a84","local_time":"20190214190243","is_ascension_mode":true,"campfire_choices":[{"data":"Envenom","floor":13,"key":"SMITH"},{"floor":15,"key":"REST"},{"floor":23,"key":"REST"}],"neow_cost":"NONE","seed_source_timestamp":2652469857404500,"circlet_count":0,"master_deck":["Survivor","Neutralize","Infinite Blades","Backflip","Dash","Flying Knee","Terror","Envenom+1","Cloak And Dagger","Sucker Punch","Caltrops","After Image","Envenom","Sucker Punch","Underhanded Strike","Deflect","Well Laid Plans","After Image","All Out Attack","Predator","Cloak And Dagger","Slice","Adrenaline","PiercingWail+1","Infinite Blades","Deflect"],"relics":["Ring of the Snake","NeowsBlessing","Anchor","Lantern","TwistedFunnel","Pandora\u0027s Box","Nilry\u0027s Codex","Shuriken","Singing Bowl"],"potions_floor_usage":[8,8,16,19,29],"damage_taken":[{"damage":0,"enemies":"Jaw Worm","floor":1,"turns":1},{"damage":0,"enemies":"Small Slimes","floor":4,"turns":1},{"damage":0,"enemies":"Gremlin Nob","floor":6,"turns":1},{"damage":0,"enemies":"2 Louse","floor":7,"turns":2},{"damage":3,"enemies":"3 Sentries","floor":8,"turns":7},{"damage":0,"enemies":"Blue Slaver","floor":14,"turns":3},{"damage":21,"enemies":"The Guardian","floor":16,"turns":11},{"damage":0,"enemies":"Chosen","floor":18,"turns":5},{"damage":11,"enemies":"Spheric Guardian","floor":19,"turns":6},{"damage":0,"enemies":"Colosseum Slavers","floor":20,"turns":4},{"damage":7,"enemies":"Gremlin Leader","floor":24,"turns":8},{"damage":28,"enemies":"Snecko","floor":27,"turns":5},{"damage":15,"enemies":"Sentry and Sphere","floor":28,"turns":6},{"damage":18,"enemies":"Slavers","floor":29,"turns":3}],"seed_played":"-2041968049971167485","potions_obtained":[{"floor":1,"key":"SpeedPotion"},{"floor":4,"key":"Strength Potion"},{"floor":7,"key":"Dexterity Potion"},{"floor":18,"key":"Poison Potion"},{"floor":19,"key":"Ancient Potion"},{"floor":27,"key":"SteroidPotion"}],"is_trial":false,"path_per_floor":["M","?","?","M","$","E","M","E","T","?","$","$","R","M","R","B",null,"M","M","?","?","?","R","E","$","T","M","M","E"],"character_chosen":"THE_SILENT","items_purchased":["Dash","Flying Knee","TwistedFunnel","Sucker Punch","Caltrops","Infinite Blades","Deflect"],"campfire_rested":2,"item_purchase_floors":[5,5,11,11,12,25,25],"current_hp_per_floor":[70,59,59,59,59,59,59,56,56,56,56,56,56,56,70,49,70,70,59,59,59,43,64,57,57,57,31,18,0],"gold":125,"neow_bonus":"THREE_ENEMY_KILL","is_prod":false,"is_daily":false,"chose_seed":false,"campfire_upgraded":1,"win_rate":0,"timestamp":1550196163,"path_taken":["M","?","?","M","$","E","M","E","T","?","?","$","R","M","R","BOSS","M","M","?","?","?","R","E","?","T","M","M","E"],"build_version":"2019-02-06","purchased_purges":1,"victory":false,"max_hp_per_floor":[70,70,70,70,70,70,70,70,70,70,70,70,70,70,70,70,70,70,70,70,70,70,70,70,70,70,72,74,74],"card_choices":[{"not_picked":["Deadly Poison","Riddle With Holes"],"picked":"Infinite Blades","floor":1},{"not_picked":["Quick Slash","Bane"],"picked":"Backflip","floor":4},{"not_picked":["Flying Knee","Dodge and Roll"],"picked":"Terror","floor":6},{"not_picked":["Sucker Punch","Prepared"],"picked":"Envenom","floor":7},{"not_picked":["Flying Knee","Bane"],"picked":"Cloak And Dagger","floor":8},{"not_picked":["Deadly Poison","Blade Dance","Dodge and Roll"],"picked":"SKIP","floor":14},{"not_picked":["Unload","Die Die Die"],"picked":"After Image","floor":16},{"not_picked":["Bane","Prepared"],"picked":"Slice","floor":18},{"not_picked":["Caltrops","Dagger Spray"],"picked":"Adrenaline","floor":19},{"not_picked":["Well Laid Plans","Prepared"],"picked":"PiercingWail+1","floor":24},{"not_picked":["Cloak And Dagger","Unload","Tactician+1"],"picked":"Singing Bowl","floor":27},{"not_picked":["Eviscerate+1","Endless Agony+1","Outmaneuver+1"],"picked":"Singing Bowl","floor":28}],"player_experience":510873,"relics_obtained":[{"floor":6,"key":"Anchor"},{"floor":8,"key":"Lantern"},{"floor":22,"key":"Nilry\u0027s Codex"},{"floor":24,"key":"Shuriken"},{"floor":26,"key":"Singing Bowl"}],"event_choices":[{"damage_healed":0,"gold_gain":75,"player_choice":"Gather Gold","damage_taken":11,"max_hp_gain":0,"max_hp_loss":0,"event_name":"World of Goop","floor":2,"gold_loss":0},{"cards_removed":["Strike_G"],"damage_healed":0,"gold_gain":0,"player_choice":"Forget","damage_taken":0,"max_hp_gain":0,"max_hp_loss":0,"event_name":"Living Wall","floor":3,"gold_loss":0},{"damage_healed":0,"gold_gain":175,"player_choice":"AGREE","damage_taken":0,"max_hp_gain":0,"max_hp_loss":0,"event_name":"Liars Game","floor":10,"gold_loss":0,"cards_obtained":["Doubt"]},{"damage_healed":0,"gold_gain":0,"player_choice":"Fight","damage_taken":0,"max_hp_gain":0,"max_hp_loss":0,"event_name":"Colosseum","floor":20,"gold_loss":0},{"damage_healed":0,"gold_gain":0,"player_choice":"Fled From Nobs","damage_taken":0,"max_hp_gain":0,"max_hp_loss":0,"event_name":"Colosseum","floor":20,"gold_loss":0},{"damage_healed":0,"gold_gain":0,"player_choice":"Ignored","damage_taken":0,"max_hp_gain":0,"max_hp_loss":0,"event_name":"Ghosts","floor":21,"gold_loss":0},{"damage_healed":0,"gold_gain":0,"player_choice":"Obtained Book","damage_taken":16,"max_hp_gain":0,"max_hp_loss":0,"event_name":"Cursed Tome","floor":22,"gold_loss":0}],"is_beta":true,"boss_relics":[{"not_picked":["Philosopher\u0027s Stone","Snecko Eye"],"picked":"Pandora\u0027s Box"}],"items_purged_floors":[11],"is_endless":false,"potions_floor_spawned":[1,4,7,18,19,27],"killed_by":"Slavers","ascension_level":2}