{"gold_per_floor":[109,126,126,76,89,118,47,47,47,47,63,73,100,116,116,214,214,229,260,260,260,276,310,153,183,183,196,226,226,259,286,298,415,427,449,461,473,555,577,589,630,642,654,686,74,124,136,148,148,148,148,148,3,36,36],"floor_reached":55,"playtime":5376,"items_purged":["Defend_G","Defend_G"],"score":942,"play_id":"6541cb56-fe8d-48ef-8926-709265138467","local_time":"20181231144459","is_ascension_mode":false,"campfire_choices":[{"floor":8,"key":"REST"},{"floor":15,"key":"REST"},{"floor":32,"key":"RECALL"},{"data":"Crippling Poison","floor":40,"key":"SMITH"},{"data":"Acrobatics","floor":42,"key":"SMITH"},{"data":"Adrenaline","floor":49,"key":"SMITH"},{"data":"Reflex","floor":52,"key":"SMITH"}],"neow_cost":"NONE","seed_source_timestamp":1381943565455684,"circlet_count":0,"master_deck":["Survivor","Noxious Fumes+1","Choke","Quick Slash","Bouncing Flask","Dash","Backflip","Storm of Steel","Adrenaline+1","Underhanded Strike+1","Bite","Bite","Bite","Bite","Bite","Acrobatics+1","Eviscerate","Predator","Underhanded Strike","Predator","RitualDagger","Crippling Poison+1","Choke","After Image+1","Dagger Throw+1","Quick Slash+1","Dash+1","Dash+1","The Bomb","Footwork+1","Bouncing Flask+1","Choke","Reflex+1","Expertise","Underhanded Strike","Underhanded Strike+1","Footwork+1","Escape Plan","Reflex"],"relics":["Snecko Eye","Ornamental Fan","Matryoshka","Mercury Hourglass","Singing Bowl","HoveringKite","Red Mask","Anchor","Bag of Marbles","Art of War","Frozen Egg 2","MawBank","Astrolabe","SsserpentHead","Pantograph","Pen Nib","Bottled Lightning","Bag of Preparation","OrangePellets","Dodecahedron","Paper Crane"],"potions_floor_usage":[6,16,18,19,25,50,50,55,55],"damage_taken":[{"damage":3,"enemies":"Small Slimes","floor":1,"turns":4},{"damage":0,"enemies":"2 Louse","floor":2,"turns":4},{"damage":0,"enemies":"Jaw Worm","floor":5,"turns":3},{"damage":25,"enemies":"Gremlin Nob","floor":6,"turns":4},{"damage":0,"enemies":"Exordium Wildlife","floor":11,"turns":2},{"damage":0,"enemies":"Gremlin Gang","floor":12,"turns":3},{"damage":9,"enemies":"3 Sentries","floor":13,"turns":7},{"damage":0,"enemies":"Large Slime","floor":14,"turns":3},{"damage":28,"enemies":"Hexaghost","floor":16,"turns":7},{"damage":10,"enemies":"2 Thieves","floor":18,"turns":3},{"damage":0,"enemies":"Masked Bandits","floor":19,"turns":3},{"damage":1,"enemies":"Spheric Guardian","floor":22,"turns":3},{"damage":0,"enemies":"Gremlin Leader","floor":23,"turns":5},{"damage":0,"enemies":"Slavers","floor":25,"turns":4},{"damage":0,"enemies":"3 Cultists","floor":27,"turns":4},{"damage":4,"enemies":"Book of Stabbing","floor":28,"turns":3},{"damage":6,"enemies":"Gremlin Leader","floor":30,"turns":4},{"damage":6,"enemies":"Snecko","floor":31,"turns":3},{"damage":48,"enemies":"Champ","floor":33,"turns":8},{"damage":0,"enemies":"Orb Walker","floor":35,"turns":2},{"damage":3,"enemies":"3 Darklings","floor":38,"turns":3},{"damage":0,"enemies":"Maw","floor":39,"turns":5},{"damage":0,"enemies":"Giant Head","floor":41,"turns":6},{"damage":0,"enemies":"Sphere and 2 Shapes","floor":44,"turns":3},{"damage":0,"enemies":"Spire Growth","floor":47,"turns":2},{"damage":0,"enemies":"Jaw Worm Horde","floor":48,"turns":2},{"damage":61,"enemies":"Time Eater","floor":50,"turns":13},{"damage":24,"enemies":"Shield and Spear","floor":54,"turns":5},{"damage":78,"enemies":"The Heart","floor":55,"turns":6}],"seed_played":"-7788658509743710520","potions_obtained":[{"floor":1,"key":"SkillPotion"},{"floor":5,"key":"GamblersBrew"},{"floor":14,"key":"LiquidBronze"},{"floor":16,"key":"Fire Potion"},{"floor":18,"key":"AttackPotion"},{"floor":23,"key":"Fruit Juice"},{"floor":25,"key":"GhostInAJar"},{"floor":27,"key":"Block Potion"},{"floor":33,"key":"Explosive Potion"},{"floor":44,"key":"Ancient Potion"},{"floor":54,"key":"SpeedPotion"}],"is_trial":false,"path_per_floor":["M","M","?","?","M","E","$","R","T","?","M","M","E","M","R","B",null,"M","?","?","?","M","E","$","E","T","M","E","?","E","M","R","B",null,"M","?","?","M","M","R","E","R","T","M","$","T","M","M","R","B",null,"R","$","E","B"],"character_chosen":"THE_SILENT","items_purchased":["Bouncing Flask","Predator","Bag of Preparation","Choke","Reflex","OrangePellets","Expertise","Footwork+1","Escape Plan"],"campfire_rested":2,"item_purchase_floors":[7,24,45,45,45,45,45,53,53],"current_hp_per_floor":[67,67,53,53,53,28,28,49,49,49,49,49,40,42,63,35,72,62,64,51,43,50,56,56,63,63,63,61,55,53,49,49,13,63,63,57,57,62,69,69,69,69,69,71,71,71,71,71,71,20,71,71,71,51,0],"gold":36,"neow_bonus":"BOSS_RELIC","is_prod":false,"is_daily":false,"chose_seed":false,"campfire_upgraded":4,"win_rate":0,"timestamp":1546292699,"path_taken":["M","M","?","?","?","E","$","R","T","?","M","M","E","?","R","BOSS","M","?","?","?","?","E","$","E","T","M","E","?","E","M","R","BOSS","M","?","?","?","M","R","E","R","T","M","$","?","M","M","R","BOSS","R","$","E","BOSS"],"build_version":"2018-12-25","purchased_purges":2,"victory":false,"max_hp_per_floor":[70,70,70,70,70,70,70,70,70,70,70,70,70,72,72,72,72,72,74,51,56,56,56,56,63,63,63,63,63,63,63,63,63,63,63,67,67,67,69,69,69,69,69,71,71,71,71,71,71,71,71,71,71,71,71],"card_choices":[{"not_picked":["Quick Slash","Catalyst"],"picked":"Noxious Fumes","floor":1},{"not_picked":["PiercingWail","Acrobatics"],"picked":"Choke","floor":2},{"not_picked":["Slice","Well Laid Plans"],"picked":"Quick Slash","floor":5},{"not_picked":["Outmaneuver","Catalyst","Dagger Throw"],"picked":"SKIP","floor":6},{"not_picked":["Flying Knee","Well Laid Plans"],"picked":"Dash","floor":11},{"not_picked":["Quick Slash","Grand Finale"],"picked":"Backflip","floor":12},{"not_picked":["Prepared","Sucker Punch"],"picked":"Storm of Steel","floor":13},{"not_picked":["Dodge and Roll","Slice","Backstab"],"picked":"Singing Bowl","floor":14},{"not_picked":["Malaise","Storm of Steel"],"picked":"Adrenaline","floor":16},{"not_picked":["Masterful Stab+1","Escape Plan"],"picked":"Underhanded Strike+1","floor":18},{"not_picked":["Deadly Poison","Masterful Stab","Poisoned Stab+1"],"picked":"Singing Bowl","floor":19},{"not_picked":["Quick Slash+1","Cloak And Dagger"],"picked":"Acrobatics","floor":22},{"not_picked":["Footwork+1","Finisher"],"picked":"Eviscerate","floor":23},{"not_picked":["Finisher+1","Masterful Stab","Skewer+1"],"picked":"Singing Bowl","floor":25},{"not_picked":["Endless Agony","Quick Slash"],"picked":"Underhanded Strike","floor":27},{"not_picked":["Masterful Stab","Flechettes"],"picked":"Predator","floor":28},{"not_picked":["Slice","Concentrate"],"picked":"Crippling Poison","floor":30},{"not_picked":["Blade Dance","Infinite Blades+1"],"picked":"Choke","floor":31},{"not_picked":["Grand Finale","Phantasmal Killer"],"picked":"After Image+1","floor":33},{"not_picked":["Backstab","Flechettes"],"picked":"Dash+1","floor":35},{"not_picked":["Forethought","Discovery","Deep Breath"],"picked":"Singing Bowl","floor":36},{"not_picked":["Jack Of All Trades","Purity"],"picked":"The Bomb","floor":36},{"not_picked":["Deep Breath","Bandage Up","Impatience"],"picked":"Singing Bowl","floor":36},{"not_picked":["Finisher","Cloak And Dagger"],"picked":"Footwork+1","floor":38},{"not_picked":["Deadly Poison+1","Outmaneuver","Finisher"],"picked":"Singing Bowl","floor":39},{"not_picked":["Cloak And Dagger+1","Dodge and Roll"],"picked":"Bouncing Flask+1","floor":41},{"not_picked":["PiercingWail+1","Skewer+1","Acrobatics"],"picked":"Singing Bowl","floor":44},{"not_picked":["Terror","Concentrate"],"picked":"Underhanded Strike","floor":47},{"not_picked":["Deadly Poison+1","Deflect"],"picked":"Underhanded Strike+1","floor":48},{"not_picked":["Heel Hook+1","Calculated Gamble+1"],"picked":"Reflex","floor":54}],"player_experience":283132,"relics_obtained":[{"floor":6,"key":"Ornamental Fan"},{"floor":9,"key":"Matryoshka"},{"floor":13,"key":"Singing Bowl"},{"floor":19,"key":"Red Mask"},{"floor":23,"key":"Anchor"},{"floor":25,"key":"Bag of Marbles"},{"floor":26,"key":"Art of War"},{"floor":28,"key":"Frozen Egg 2"},{"floor":30,"key":"MawBank"},{"floor":41,"key":"Pantograph"},{"floor":43,"key":"Pen Nib"},{"floor":43,"key":"Bottled Lightning"},{"floor":46,"key":"Dodecahedron"},{"floor":54,"key":"Paper Crane"}],"event_choices":[{"damage_healed":0,"gold_gain":0,"player_choice":"Entered Light","damage_taken":14,"max_hp_gain":0,"max_hp_loss":0,"event_name":"Shining Light","floor":3,"gold_loss":0,"cards_upgraded":["Strike_G","Noxious Fumes"]},{"cards_removed":["Neutralize"],"damage_healed":0,"gold_gain":0,"player_choice":"Card Removal","damage_taken":0,"max_hp_gain":0,"max_hp_loss":0,"event_name":"The Cleric","floor":4,"gold_loss":50},{"damage_healed":0,"gold_gain":0,"player_choice":"Gave Potion","damage_taken":0,"relics_obtained":["Mercury Hourglass"],"max_hp_gain":0,"max_hp_loss":0,"event_name":"WeMeetAgain","floor":10,"gold_loss":0},{"damage_healed":0,"gold_gain":0,"player_choice":"Fought Bandits","damage_taken":0,"max_hp_gain":0,"max_hp_loss":0,"event_name":"Masked Bandits","floor":19,"gold_loss":0},{"damage_healed":0,"gold_gain":0,"player_choice":"Became a vampire","damage_taken":0,"max_hp_gain":0,"max_hp_loss":23,"event_name":"Vampires","floor":20,"gold_loss":0,"cards_obtained":["Bite","Bite","Bite","Bite","Bite"]},{"damage_healed":0,"gold_gain":0,"player_choice":"Shed Blood","damage_taken":13,"max_hp_gain":5,"max_hp_loss":0,"event_name":"Forgotten Altar","floor":21,"gold_loss":0},{"damage_healed":0,"gold_gain":0,"player_choice":"Joined the Cult","damage_taken":6,"max_hp_gain":0,"max_hp_loss":0,"event_name":"Nest","floor":29,"gold_loss":0,"cards_obtained":["RitualDagger"]},{"damage_healed":0,"gold_gain":0,"player_choice":"Memory 3","damage_taken":10,"max_hp_gain":0,"max_hp_loss":0,"event_name":"SensoryStone","floor":36,"gold_loss":0},{"damage_healed":0,"gold_gain":0,"player_choice":"Trade","damage_taken":0,"relics_obtained":["SsserpentHead"],"max_hp_gain":0,"max_hp_loss":0,"event_name":"FaceTrader","floor":37,"gold_loss":0}],"is_beta":true,"boss_relics":[{"not_picked":["Empty Cage","Runic Dome"],"picked":"HoveringKite"},{"not_picked":["Eternal Feather","White Beast Statue"],"picked":"Astrolabe"}],"items_purged_floors":[24,45],"is_endless":false,"potions_floor_spawned":[1,5,14,16,18,23,25,27,33,39,44,54],"killed_by":"The Heart","ascension_level":0}