{"gold_per_floor":[111,125,75,88,88,88,88,88,111,111,122,141,141,157,157,262,262,272,272,288,70,85,85,85,119,119,137,137,37,37,72,72,174,174,188,63,74,74,89,89],"floor_reached":40,"playtime":1054,"items_purged":["Defend_R","Defend_R","Strike_R"],"score":465,"play_id":"86cb614c-dc7f-4906-b957-be2e6196a617","local_time":"20190324232825","is_ascension_mode":true,"campfire_choices":[{"data":"Flex","floor":6,"key":"SMITH"},{"data":"Bash","floor":10,"key":"SMITH"},{"data":"Flex","floor":15,"key":"SMITH"},{"data":"Limit Break","floor":23,"key":"SMITH"},{"floor":32,"key":"REST"}],"neow_cost":"TEN_PERCENT_HP_LOSS","seed_source_timestamp":525139579915100,"circlet_count":0,"master_deck":["Bash+1","Flex+1","Flex+1","Clash+1","Clash+1","Limit Break+1","Finesse","Dropkick+1","Offering","True Grit+1"],"relics":["Burning Blood","Juzu Bracelet","Oddly Smooth Stone","Black Star","Whetstone","Red Skull","Ornamental Fan","Bottled Flame","Dream Catcher","Question Card","Empty Cage"],"potions_floor_usage":[14,22,31,31,38,40],"damage_taken":[{"damage":6,"enemies":"Jaw Worm","floor":1,"turns":4},{"damage":0,"enemies":"Small Slimes","floor":2,"turns":3},{"damage":1,"enemies":"Cultist","floor":4,"turns":3},{"damage":8,"enemies":"Gremlin Gang","floor":11,"turns":5},{"damage":23,"enemies":"Lots of Slimes","floor":12,"turns":4},{"damage":0,"enemies":"Looter","floor":14,"turns":2},{"damage":28,"enemies":"Hexaghost","floor":16,"turns":6},{"damage":4,"enemies":"Chosen","floor":18,"turns":3},{"damage":20,"enemies":"3 Byrds","floor":20,"turns":6},{"damage":27,"enemies":"Shelled Parasite and Fungi","floor":22,"turns":3},{"damage":0,"enemies":"Gremlin Leader","floor":25,"turns":4},{"damage":0,"enemies":"Centurion and Healer","floor":27,"turns":3},{"damage":30,"enemies":"Book of Stabbing","floor":31,"turns":3},{"damage":38,"enemies":"Automaton","floor":33,"turns":6},{"damage":12,"enemies":"3 Shapes","floor":35,"turns":2},{"damage":6,"enemies":"Orb Walker","floor":37,"turns":1},{"damage":17,"enemies":"Sphere and 2 Shapes","floor":38,"turns":3},{"damage":24,"enemies":"3 Darklings","floor":39,"turns":5},{"damage":40,"enemies":"Nemesis","floor":40,"turns":2}],"seed_played":"-4400766408830728546","potions_obtained":[{"floor":11,"key":"BloodPotion"},{"floor":16,"key":"BloodPotion"},{"floor":25,"key":"Regen Potion"},{"floor":27,"key":"Poison Potion"},{"floor":30,"key":"SmokeBomb"},{"floor":33,"key":"EssenceOfSteel"},{"floor":35,"key":"FearPotion"}],"is_trial":false,"path_per_floor":["M","M","?","M","?","R","$","?","T","R","M","M","$","M","R","B",null,"M","?","M","$","M","R","$","E","T","M","?","$","?","E","R","B",null,"M","$","M","M","M","E"],"character_chosen":"IRONCLAD","items_purchased":["Whetstone"],"campfire_rested":1,"item_purchase_floors":[21],"current_hp_per_floor":[72,72,72,72,54,54,54,54,54,54,52,35,35,48,48,26,72,72,72,58,58,44,44,44,50,50,56,56,56,56,41,62,30,72,66,66,66,55,37,0],"gold":89,"neow_bonus":"REMOVE_TWO","is_prod":false,"is_daily":false,"chose_seed":false,"campfire_upgraded":4,"win_rate":0,"timestamp":1553495305,"path_taken":["M","M","?","M","?","R","?","?","T","R","M","M","$","M","R","BOSS","M","?","M","?","M","R","$","E","T","M","?","$","?","E","R","BOSS","M","$","M","M","M","E"],"build_version":"2019-01-23","purchased_purges":3,"victory":false,"max_hp_per_floor":[72,72,72,72,72,72,72,72,72,72,72,72,72,72,72,72,72,72,72,72,72,72,72,72,72,72,72,72,72,72,72,72,72,72,72,72,72,72,72,72],"card_choices":[{"not_picked":["Headbutt","Warcry","Ghostly Armor"],"picked":"SKIP","floor":1},{"not_picked":["Shrug It Off","Perfected Strike"],"picked":"Flex","floor":2},{"not_picked":["Clash","Metallicize","Iron Wave"],"picked":"SKIP","floor":4},{"not_picked":["Anger","Warcry"],"picked":"Flex","floor":11},{"not_picked":["Brutality","Intimidate"],"picked":"Clash","floor":12},{"not_picked":["Seeing Red","Flex"],"picked":"Clash","floor":14},{"not_picked":["Exhume","Berserk"],"picked":"Limit Break","floor":16},{"not_picked":["Anger+1","Thunderclap","Reckless Charge"],"picked":"SKIP","floor":18},{"not_picked":["Armaments","Seeing Red","True Grit"],"picked":"SKIP","floor":20},{"not_picked":["Perfected Strike+1","Carnage","Whirlwind"],"picked":"SKIP","floor":22},{"not_picked":["Havoc+1","Clash","Wild Strike+1"],"picked":"SKIP","floor":25},{"not_picked":["Body Slam","Cleave","Wild Strike+1"],"picked":"SKIP","floor":27},{"not_picked":["Warcry+1","Anger","Spot Weakness"],"picked":"SKIP","floor":31},{"not_picked":["Pummel+1","Burning Pact","Twin Strike"],"picked":"Dropkick+1","floor":32},{"not_picked":["Immolate","Barricade","Double Tap"],"picked":"Offering","floor":33},{"not_picked":["Heavy Blade","Iron Wave+1","Fire Breathing+1","Rampage+1"],"picked":"SKIP","floor":35},{"not_picked":["Flex+1","Spot Weakness+1","Shrug It Off"],"picked":"True Grit+1","floor":37},{"not_picked":["Shrug It Off+1","Entrench","Infernal Blade+1","Pommel Strike"],"picked":"SKIP","floor":39}],"player_experience":833894,"relics_obtained":[{"floor":9,"key":"Oddly Smooth Stone"},{"floor":25,"key":"Red Skull"},{"floor":25,"key":"Ornamental Fan"},{"floor":26,"key":"Bottled Flame"},{"floor":31,"key":"Dream Catcher"},{"floor":31,"key":"Question Card"}],"event_choices":[{"cards_removed":["Defend_R"],"damage_healed":0,"gold_gain":0,"player_choice":"Card Removal","damage_taken":0,"max_hp_gain":0,"max_hp_loss":0,"event_name":"The Cleric","floor":3,"gold_loss":50},{"damage_healed":0,"gold_gain":0,"player_choice":"Success","damage_taken":18,"relics_obtained":["Juzu Bracelet"],"max_hp_gain":0,"max_hp_loss":0,"event_name":"Scrap Ooze","floor":5,"gold_loss":0},{"cards_removed":["Defend_R"],"damage_healed":0,"gold_gain":0,"player_choice":"Offered Basic","damage_taken":0,"max_hp_gain":0,"max_hp_loss":0,"event_name":"Bonfire Elementals","floor":8,"gold_loss":0},{"damage_healed":0,"gold_gain":0,"player_choice":"1 cards matched","damage_taken":0,"max_hp_gain":0,"max_hp_loss":0,"event_name":"Match and Keep!","floor":19,"gold_loss":0,"cards_obtained":["Finesse"]},{"damage_healed":0,"gold_gain":0,"player_choice":"Ignored","damage_taken":0,"max_hp_gain":0,"max_hp_loss":0,"event_name":"Cursed Tome","floor":28,"gold_loss":0},{"damage_healed":0,"gold_gain":0,"player_choice":"Got Potions","damage_taken":0,"max_hp_gain":0,"max_hp_loss":0,"event_name":"Lab","floor":30,"gold_loss":0}],"is_beta":false,"boss_relics":[{"not_picked":["Runic Pyramid","Lizard Tail"],"picked":"Black Star"},{"not_picked":["Velvet Choker","Busted Crown"],"picked":"Empty Cage"}],"items_purged_floors":[21,29,36],"is_endless":false,"potions_floor_spawned":[11,16,25,27,33,35,37],"killed_by":"Nemesis","ascension_level":1}