{"gold_per_floor":[116,116,128,0,0,0,20,20,20,34,34,69,98,110,122,211,223,251,274,286,298,310,351,363,410,422,434,460,472,484,526,538,550],"floor_reached":33,"playtime":862,"items_purged":["Regret"],"score":712,"play_id":"294c72e5-7689-4d1a-a86c-b59274df30c5","local_time":"20190104150648","is_ascension_mode":true,"campfire_choices":[{"data":"1","floor":6.0,"key":"LIFT"},{"data":"2","floor":8.0,"key":"LIFT"},{"data":"3","floor":11.0,"key":"LIFT"},{"data":"Heavy Blade","floor":15.0,"key":"SMITH"},{"floor":24.0,"key":"REST"},{"floor":27.0,"key":"REST"},{"data":"Whirlwind","floor":30.0,"key":"SMITH"},{"floor":32.0,"key":"REST"}],"neow_cost":"PERCENT_DAMAGE","seed_source_timestamp":0,"circlet_count":0,"master_deck":["AscendersBane","Strike_R","Strike_R","Strike_R","Strike_R","Strike_R","Defend_R","Defend_R","Defend_R","Defend_R","Bash","Body Slam+1","Sword Boomerang","Twin Strike","Heavy Blade+1","Battle Trance","Spot Weakness","Flame Barrier","Iron Wave","Whirlwind+1","Impervious"],"special_seed":0,"relics":["Burning Blood","Girya","Ginger","Strawberry","MawBank","Orrery","Lantern","Mercury Hourglass","Frozen Egg 2","Red Mask"],"potions_floor_usage":[33],"damage_taken":[{"damage":6.0,"enemies":"Jaw Worm","floor":1.0,"turns":7.0},{"damage":8.0,"enemies":"Small Slimes","floor":3.0,"turns":4.0},{"damage":8.0,"enemies":"2 Louse","floor":7.0,"turns":4.0},{"damage":4.0,"enemies":"Red Slaver","floor":10.0,"turns":3.0},{"damage":0.0,"enemies":"Lagavulin","floor":12.0,"turns":2.0},{"damage":8.0,"enemies":"Blue Slaver","floor":13.0,"turns":3.0},{"damage":0.0,"enemies":"Slime Boss","floor":16.0,"turns":6.0},{"damage":1.0,"enemies":"Spheric Guardian","floor":18.0,"turns":3.0},{"damage":13.0,"enemies":"Chosen","floor":19.0,"turns":4.0},{"damage":69.0,"enemies":"Slavers","floor":23.0,"turns":6.0},{"damage":22.0,"enemies":"Book of Stabbing","floor":25.0,"turns":3.0},{"damage":0.0,"enemies":"Centurion and Healer","floor":28.0,"turns":5.0},{"damage":26.0,"enemies":"Masked Bandits","floor":31.0,"turns":3.0},{"damage":83,"enemies":"Automaton","floor":33,"turns":6}],"seed_played":"1050520930492841861","potions_obtained":[{"floor":1.0,"key":"Energy Potion"},{"floor":10.0,"key":"AttackPotion"},{"floor":18.0,"key":"Weak Potion"},{"floor":19.0,"key":"PowerPotion"},{"floor":31.0,"key":"Ancient Potion"}],"is_trial":false,"path_per_floor":["M","?","M","$","?","R","M","R","T","M","R","E","M","?","R","B",null,"M","M","$","?","$","E","R","E","T","R","M","?","R","?","R","B"],"character_chosen":"IRONCLAD","items_purchased":["Strength Potion"],"campfire_rested":3,"item_purchase_floors":[4],"current_hp_per_floor":[50,50,48,48,48,48,46,46,53,55,55,61,59,47,47,53,75,80,73,73,73,73,10,34,18,18,42,48,48,48,28,52,0],"gold":550,"neow_bonus":"ONE_RARE_RELIC","is_prod":false,"is_daily":false,"chose_seed":false,"campfire_upgraded":2,"win_rate":0,"timestamp":1546610808,"path_taken":["M","?","M","$","?","R","M","R","T","M","R","E","M","?","R","BOSS","M","M","$","?","$","E","R","E","T","R","M","?","R","?","R","BOSS"],"build_version":"2019-01-03v3","purchased_purges":1,"victory":false,"max_hp_per_floor":[75,75,75,75,75,75,75,75,82,82,82,82,82,82,82,82,82,82,82,82,82,82,82,82,82,82,82,82,82,82,82,82,82],"card_choices":[{"not_picked":["Blood for Blood","Wild Strike"],"picked":"Body Slam","floor":1.0},{"not_picked":["Pummel","Combust"],"picked":"Sword Boomerang","floor":3.0},{"not_picked":["Sentinel","Pommel Strike"],"picked":"Twin Strike","floor":7.0},{"not_picked":["Exhume","Havoc","Combust"],"picked":"SKIP","floor":10.0},{"not_picked":["Perfected Strike","Sword Boomerang"],"picked":"Heavy Blade","floor":12.0},{"not_picked":["Pommel Strike","Corruption"],"picked":"Battle Trance","floor":13.0},{"not_picked":["Evolve","Intimidate"],"picked":"Spot Weakness","floor":17.0},{"not_picked":["True Grit","Clash"],"picked":"Flame Barrier","floor":17.0},{"not_picked":["Headbutt","Blood for Blood"],"picked":"Iron Wave","floor":17.0},{"not_picked":["Flex","Anger","Power Through"],"picked":"SKIP","floor":18.0},{"not_picked":["Clothesline","Disarm"],"picked":"Whirlwind","floor":19.0},{"not_picked":["Anger","Carnage","Warcry"],"picked":"SKIP","floor":23.0},{"not_picked":["Pommel Strike+1","Feel No Pain"],"picked":"Impervious","floor":25.0},{"not_picked":["Flex+1","Sword Boomerang","Twin Strike"],"picked":"SKIP","floor":28.0}],"player_experience":1104160,"relics_obtained":[{"floor":9.0,"key":"Strawberry"},{"floor":12.0,"key":"MawBank"},{"floor":23.0,"key":"Lantern"},{"floor":25.0,"key":"Mercury Hourglass"},{"floor":26.0,"key":"Frozen Egg 2"},{"floor":31.0,"key":"Red Mask"}],"event_choices":[{"damage_healed":0.0,"max_hp_gain":0.0,"max_hp_loss":0.0,"gold_gain":0.0,"event_name":"Big Fish","player_choice":"Box","floor":2.0,"gold_loss":0.0,"damage_taken":0.0,"relics_obtained":["Ginger"],"cards_obtained":["Regret"]},{"damage_healed":0.0,"max_hp_gain":0.0,"max_hp_loss":0.0,"gold_gain":0.0,"event_name":"Living Wall","player_choice":"Grow","floor":5.0,"gold_loss":0.0,"damage_taken":0.0,"cards_upgraded":["Body Slam"]},{"damage_healed":0.0,"max_hp_gain":0.0,"max_hp_loss":0.0,"gold_gain":0.0,"event_name":"Wheel of Change","player_choice":"Damaged","floor":14.0,"gold_loss":0.0,"damage_taken":12.0},{"damage_healed":0.0,"max_hp_gain":0.0,"max_hp_loss":0.0,"gold_gain":0.0,"event_name":"Ghosts","player_choice":"Ignored","floor":21.0,"gold_loss":0.0,"damage_taken":0.0},{"damage_healed":0.0,"max_hp_gain":0.0,"max_hp_loss":0.0,"gold_gain":0.0,"event_name":"The Mausoleum","player_choice":"Ignored","floor":29.0,"gold_loss":0.0,"damage_taken":0.0},{"damage_healed":0.0,"max_hp_gain":0.0,"max_hp_loss":0.0,"gold_gain":0.0,"event_name":"Masked Bandits","player_choice":"Fought Bandits","floor":31.0,"gold_loss":0.0,"damage_taken":0.0}],"is_beta":false,"boss_relics":[{"not_picked":["Runic Pyramid","Tiny House"],"picked":"Orrery"}],"items_purged_floors":[4],"is_endless":false,"potions_floor_spawned":[1,10,18,19,31],"killed_by":"Automaton","ascension_level":20}