{"gold_per_floor":[119,129,141,141,157,186,196,196,222,32,51,77,77,111,111,213,213,226,226,30,30,130,130,156,156,456,456,489,489,489,515,515,515],"floor_reached":33,"playtime":6270,"items_purged":[],"score":424,"play_id":"8dcc1935-581e-4d9b-9664-f63299e06a32","local_time":"20190426232507","is_ascension_mode":true,"campfire_choices":[{"floor":8,"key":"REST"},{"data":"Infinite Blades","floor":15,"key":"SMITH"},{"data":"Blur","floor":23,"key":"SMITH"},{"data":"PiercingWail","floor":25,"key":"SMITH"},{"data":"Bouncing Flask","floor":27,"key":"SMITH"},{"data":"Sunder","floor":29,"key":"SMITH"},{"data":"Metallicize","floor":32,"key":"SMITH"}],"neow_cost":"NONE","seed_source_timestamp":276682126823599,"circlet_count":0,"master_deck":["Defend_G","Defend_G","Defend_G","Defend_G","Defend_G","Strike_G","Strike_G","Strike_G","Strike_G","Survivor","Neutralize+1","Flying Knee","Cloak And Dagger+1","Blur+1","Infinite Blades+1","Adrenaline","Bouncing Flask+1","Envenom","PiercingWail+1","Catalyst","Sunder+1","Trip+1","Ghostly","Ghostly","Ghostly","Ghostly","Ghostly","Metallicize+1"],"relics":["Ring of the Snake","Mango","Juzu Bracelet","MealTicket","Bag of Marbles","Snake Skull","Coffee Dripper","PrismaticShard","Pen Nib","Old Coin","The Courier","Potion Belt"],"potions_floor_usage":[12,12,12,24,28,28,33],"damage_taken":[{"damage":0,"enemies":"Small Slimes","floor":1,"turns":3},{"damage":0,"enemies":"Cultist","floor":2,"turns":3},{"damage":1,"enemies":"2 Louse","floor":3,"turns":4},{"damage":0,"enemies":"Red Slaver","floor":5,"turns":4},{"damage":44,"enemies":"Lagavulin","floor":6,"turns":11},{"damage":4,"enemies":"Gremlin Gang","floor":7,"turns":5},{"damage":2,"enemies":"Blue Slaver","floor":11,"turns":4},{"damage":16,"enemies":"Gremlin Nob","floor":12,"turns":4},{"damage":25,"enemies":"Lagavulin","floor":14,"turns":5},{"damage":21,"enemies":"Hexaghost","floor":16,"turns":8},{"damage":1,"enemies":"Shell Parasite","floor":18,"turns":5},{"damage":35,"enemies":"Slavers","floor":24,"turns":9},{"damage":12,"enemies":"Book of Stabbing","floor":28,"turns":4},{"damage":19,"enemies":"Gremlin Leader","floor":31,"turns":7},{"damage":21,"enemies":"Automaton","floor":33,"turns":8}],"seed_played":"-1347522186977073821","potions_obtained":[{"floor":2,"key":"Dexterity Potion"},{"floor":6,"key":"FearPotion"},{"floor":11,"key":"PowerPotion"},{"floor":14,"key":"AttackPotion"},{"floor":18,"key":"Dexterity Potion"},{"floor":24,"key":"Swift Potion"},{"floor":31,"key":"Fire Potion"}],"is_trial":false,"path_per_floor":["M","M","M","?","M","E","M","R","T","$","M","E","?","E","R","B",null,"M","?","$","?","?","R","E","R","T","R","E","R","?","E","R","B"],"character_chosen":"THE_SILENT","items_purchased":["MealTicket","PrismaticShard"],"campfire_rested":1,"item_purchase_floors":[10,20],"current_hp_per_floor":[70,70,69,69,69,39,35,60,60,60,58,42,84,59,59,38,73,72,72,84,84,84,84,49,49,49,49,37,37,37,18,18,0],"gold":515,"neow_bonus":"UPGRADE_CARD","is_prod":false,"is_daily":false,"chose_seed":false,"campfire_upgraded":6,"win_rate":0,"timestamp":1556335507,"path_taken":["M","M","M","?","M","E","M","R","T","$","M","E","?","E","R","BOSS","M","?","$","?","?","R","E","R","T","R","E","R","?","E","R","BOSS"],"build_version":"2019-01-23","purchased_purges":0,"victory":false,"max_hp_per_floor":[70,70,70,70,70,84,84,84,84,84,84,84,84,84,84,84,84,84,84,84,84,84,84,84,84,84,84,84,84,42,42,42,42],"card_choices":[{"not_picked":["Acrobatics","Poisoned Stab"],"picked":"Flying Knee","floor":1},{"not_picked":["Concentrate","Slice"],"picked":"Cloak And Dagger","floor":2},{"not_picked":["Underhanded Strike","Prepared","Poisoned Stab"],"picked":"SKIP","floor":3},{"not_picked":["Quick Slash","Eviscerate"],"picked":"Blur","floor":5},{"not_picked":["Underhanded Strike","Cloak And Dagger"],"picked":"Infinite Blades","floor":6},{"not_picked":["Outmaneuver","Slice"],"picked":"Adrenaline","floor":7},{"not_picked":["Dash","Acrobatics"],"picked":"Bouncing Flask","floor":11},{"not_picked":["Terror","Dodge and Roll"],"picked":"Concentrate","floor":12},{"not_picked":["Distraction","Dagger Spray","Underhanded Strike"],"picked":"SKIP","floor":14},{"not_picked":["Phantasmal Killer","Bullet Time"],"picked":"Envenom","floor":16},{"not_picked":["Flying Knee","Slice"],"picked":"PiercingWail","floor":18},{"not_picked":["Dagger Spray","Burning Pact"],"picked":"Sunder","floor":24},{"not_picked":["Warcry","Body Slam"],"picked":"Trip+1","floor":28},{"not_picked":["Warcry","Fire Breathing+1"],"picked":"Metallicize","floor":31}],"player_experience":219228,"relics_obtained":[{"floor":6,"key":"Mango"},{"floor":9,"key":"Juzu Bracelet"},{"floor":12,"key":"Bag of Marbles"},{"floor":14,"key":"Snake Skull"},{"floor":24,"key":"Pen Nib"},{"floor":26,"key":"Old Coin"},{"floor":28,"key":"The Courier"},{"floor":31,"key":"Potion Belt"}],"event_choices":[{"damage_healed":0,"gold_gain":0,"player_choice":"Upgraded","damage_taken":0,"max_hp_gain":0,"max_hp_loss":0,"event_name":"Upgrade Shrine","floor":4,"gold_loss":0,"cards_upgraded":["Cloak And Dagger"]},{"cards_removed":["Concentrate"],"damage_healed":42,"gold_gain":0,"player_choice":"Offered Uncommon","damage_taken":0,"max_hp_gain":0,"max_hp_loss":0,"event_name":"Bonfire Elementals","floor":13,"gold_loss":0},{"damage_healed":0,"gold_gain":0,"player_choice":"Read","damage_taken":0,"max_hp_gain":0,"max_hp_loss":0,"event_name":"The Library","floor":19,"gold_loss":0,"cards_obtained":["Catalyst"]},{"cards_removed":["Strike_G"],"damage_healed":0,"gold_gain":0,"player_choice":"Purged","damage_taken":0,"max_hp_gain":0,"max_hp_loss":0,"event_name":"Purifier","floor":21,"gold_loss":0},{"damage_healed":0,"gold_gain":100,"player_choice":"Pray","damage_taken":0,"max_hp_gain":0,"max_hp_loss":0,"event_name":"Golden Shrine","floor":22,"gold_loss":0},{"damage_healed":0,"gold_gain":0,"player_choice":"Became a Ghost","damage_taken":0,"max_hp_gain":0,"max_hp_loss":42,"event_name":"Ghosts","floor":30,"gold_loss":0,"cards_obtained":["Ghostly","Ghostly","Ghostly","Ghostly","Ghostly"]}],"is_beta":false,"boss_relics":[{"not_picked":["Eternal Feather","Orrery"],"picked":"Coffee Dripper"}],"items_purged_floors":[],"is_endless":false,"potions_floor_spawned":[2,6,11,14,18,24,31],"killed_by":"Automaton","ascension_level":5}