{"gold_per_floor":[113,133,133,152,6,6,36,48,73,173,189,203,21,40,40,138,138,155,55,67,67,67],"floor_reached":22,"playtime":2747,"items_purged":["Strike_B","Strike_B"],"score":226,"play_id":"6a7459a5-df0e-4963-bb81-7d0c89e5e1ff","local_time":"20180710194218","is_ascension_mode":true,"campfire_choices":[{"data":"Dualcast","floor":6.0,"key":"SMITH"},{"floor":15.0,"key":"REST"}],"neow_cost":"NONE","seed_source_timestamp":693926760859683,"circlet_count":0,"master_deck":["Strike_B","Strike_B","Defend_B","Defend_B+1","Defend_B","Defend_B","Zap+1","Dualcast+1","Gash","Capacitor","Fusion","Self Repair","BootSequence","Coolheaded","Gash","Magnetism","Multi-Cast","Echo Form"],"special_seed":0,"relics":["Cracked Core","Ancient Tea Set","Bag of Preparation","Coffee Dripper"],"potions_floor_usage":[],"damage_taken":[{"damage":0.0,"enemies":"Cultist","floor":1.0,"turns":2.0},{"damage":0.0,"enemies":"2 Louse","floor":2.0,"turns":3.0},{"damage":1.0,"enemies":"Small Slimes","floor":4.0,"turns":3.0},{"damage":44.0,"enemies":"3 Sentries","floor":7.0,"turns":11.0},{"damage":5.0,"enemies":"Exordium Thugs","floor":8.0,"turns":5.0},{"damage":1.0,"enemies":"Large Slime","floor":11.0,"turns":6.0},{"damage":0.0,"enemies":"Lots of Slimes","floor":12.0,"turns":4.0},{"damage":2.0,"enemies":"Looter","floor":14.0,"turns":4.0},{"damage":31.0,"enemies":"The Guardian","floor":16.0,"turns":10.0},{"damage":26,"enemies":"Chosen","floor":18,"turns":6},{"damage":34,"enemies":"3 Byrds","floor":20,"turns":5},{"damage":44,"enemies":"Snecko","floor":22,"turns":6}],"seed_played":"-1209257021439177481","potions_obtained":[{"floor":1.0,"key":"SteroidPotion"},{"floor":2.0,"key":"Poison Potion"},{"floor":11.0,"key":"Energy Potion"},{"floor":12.0,"key":"PowerPotion"},{"floor":18,"key":"Poison Potion"}],"is_trial":false,"path_per_floor":["M","M","?","M","$","R","E","M","T","?","M","M","$","M","R","B",null,"M","$","M","?"],"character_chosen":"DEFECT","items_purchased":["Self Repair","Magnetism"],"campfire_rested":1,"item_purchase_floors":[5,13],"current_hp_per_floor":[75,75,60,59,59,59,22,24,24,24,30,37,37,49,71,47,75,60,60,36,36,0],"gold":67,"neow_bonus":"THREE_CARDS","is_prod":false,"is_daily":false,"chose_seed":false,"campfire_upgraded":1,"win_rate":0,"timestamp":1531276938,"path_taken":["M","?","?","M","?","R","E","M","T","?","M","M","?","M","R","BOSS","M","$","M","?","M"],"build_version":"2018-07-05","purchased_purges":2,"victory":false,"max_hp_per_floor":[75,75,75,75,75,75,75,75,75,75,75,75,75,75,75,75,75,75,75,75,75,75],"card_choices":[{"not_picked":["Barrage","Streamline"],"picked":"Gash","floor":0.0},{"not_picked":["Auto Shields","Loop"],"picked":"Capacitor","floor":1.0},{"not_picked":["Barrage","Ball Lightning","Sweeping Beam"],"picked":"SKIP","floor":2.0},{"not_picked":["Leap","Barrage"],"picked":"Fusion","floor":4.0},{"not_picked":["Fusion","Doom and Gloom"],"picked":"BootSequence","floor":7.0},{"not_picked":["Sweeping Beam","Beam Cell"],"picked":"Coolheaded","floor":8.0},{"not_picked":["Rebound","Ball Lightning"],"picked":"Gash","floor":11.0},{"not_picked":["Undo","Rebound","FTL"],"picked":"SKIP","floor":12.0},{"not_picked":["Cold Snap","Ball Lightning"],"picked":"Multi-Cast","floor":14.0},{"not_picked":["Rainbow","Hyperbeam"],"picked":"Echo Form","floor":16.0},{"not_picked":["Sweeping Beam","Steam Power+1","Turbo"],"picked":"SKIP","floor":18},{"not_picked":["Turbo","Stack","Auto Shields"],"picked":"SKIP","floor":20}],"player_experience":603594,"relics_obtained":[{"floor":7.0,"key":"Ancient Tea Set"},{"floor":9.0,"key":"Bag of Preparation"}],"event_choices":[{"event_name":"Shining Light","player_choice":"Entered Light","floor":3.0,"damage_taken":0.0},{"event_name":"Golden Shrine","player_choice":"Pray","floor":10.0,"damage_taken":0.0},{"event_name":"Beggar","player_choice":"Ignored","floor":21,"damage_taken":0}],"boss_relics":[{"not_picked":["Fusion Hammer","Pandora\u0027s Box"],"picked":"Coffee Dripper"}],"items_purged_floors":[5,19],"is_endless":false,"potions_floor_spawned":[1,2,11,12,18],"killed_by":"Snecko","ascension_level":4}