{"gold_per_floor":[113,132,132,146,71,71,107,107,107,148,148,148,8,33,33,33],"floor_reached":16,"playtime":513,"items_purged":["Strike_G"],"score":216,"play_id":"e23ba21f-a43c-4649-be16-aa81a8c591c5","local_time":"20190301135846","is_ascension_mode":true,"campfire_choices":[{"data":"Poisoned Stab","floor":6,"key":"SMITH"},{"data":"Crippling Poison","floor":8,"key":"SMITH"},{"data":"Adrenaline","floor":11,"key":"SMITH"},{"floor":15,"key":"REST"}],"neow_cost":"NONE","seed_source_timestamp":707430232460679,"circlet_count":0,"master_deck":["AscendersBane","Defend_G","Defend_G","Defend_G","Defend_G","Defend_G","Strike_G","Strike_G","Strike_G","Survivor","Neutralize","Poisoned Stab+1","Crippling Poison+1","Adrenaline+1","All Out Attack","Poisoned Stab","Backflip"],"relics":["Ring of the Snake","NeowsBlessing","Golden Idol","Prayer Wheel","Gambling Chip","Darkstone Periapt"],"potions_floor_usage":[10,16,16],"damage_taken":[{"damage":0,"enemies":"Cultist","floor":1,"turns":1},{"damage":0,"enemies":"2 Louse","floor":2,"turns":1},{"damage":0,"enemies":"Jaw Worm","floor":4,"turns":1},{"damage":35,"enemies":"3 Sentries","floor":7,"turns":14},{"damage":3,"enemies":"Gremlin Nob","floor":10,"turns":3},{"damage":0,"enemies":"Looter","floor":14,"turns":2},{"damage":42,"enemies":"Slime Boss","floor":16,"turns":8}],"seed_played":"1582370956116863086","potions_obtained":[{"floor":1,"key":"Weak Potion"},{"floor":7,"key":"AttackPotion"}],"is_trial":false,"path_per_floor":["M","M","?","M","$","R","E","R","T","E","R","?","$","M","R","B"],"character_chosen":"THE_SILENT","items_purchased":["All Out Attack","Explosive Potion"],"campfire_rested":1,"item_purchase_floors":[13,13],"current_hp_per_floor":[59,59,59,59,59,59,24,24,24,21,21,21,21,21,39,0],"gold":33,"neow_bonus":"THREE_ENEMY_KILL","is_prod":false,"is_daily":false,"chose_seed":false,"campfire_upgraded":3,"win_rate":0,"timestamp":1551445126,"path_taken":["M","M","?","M","$","R","E","R","T","E","R","?","$","?","R","BOSS"],"build_version":"2019-01-23","purchased_purges":1,"victory":false,"max_hp_per_floor":[66,66,60,60,60,60,60,60,60,60,60,60,60,60,60,60],"card_choices":[{"not_picked":["Reflex","Backflip","Prepared"],"picked":"SKIP","floor":1},{"not_picked":["PiercingWail","Underhanded Strike"],"picked":"Poisoned Stab","floor":2},{"not_picked":["Tactician","Leg Sweep"],"picked":"Crippling Poison","floor":4},{"not_picked":["Distraction","Underhanded Strike"],"picked":"Adrenaline","floor":7},{"not_picked":["Flying Knee","Eviscerate","Blade Dance"],"picked":"SKIP","floor":10},{"not_picked":["Distraction","Backflip"],"picked":"Poisoned Stab","floor":14},{"not_picked":["Flying Knee","Tactician"],"picked":"Backflip","floor":14}],"player_experience":1355785,"relics_obtained":[{"floor":7,"key":"Prayer Wheel"},{"floor":9,"key":"Gambling Chip"},{"floor":10,"key":"Darkstone Periapt"}],"event_choices":[{"damage_healed":0,"gold_gain":0,"player_choice":"Lose Max HP","damage_taken":0,"relics_obtained":["Golden Idol"],"max_hp_gain":0,"max_hp_loss":6,"event_name":"Golden Idol","floor":3,"gold_loss":0},{"cards_removed":["Strike_G"],"damage_healed":0,"gold_gain":0,"player_choice":"Offered Basic","damage_taken":0,"max_hp_gain":0,"max_hp_loss":0,"event_name":"Bonfire Elementals","floor":12,"gold_loss":0}],"is_beta":false,"boss_relics":[],"items_purged_floors":[5],"is_endless":false,"potions_floor_spawned":[1,7,14],"killed_by":"Slime Boss","ascension_level":20}