{"gold_per_floor":[117,132,4,23,23,23,40,40,40,40,54,69,99,112,112,186,186,160,160,178,178,135,135,160,160,160,75,91,91,102,152,152,227,227,238,257,257,274,274,274,63,81,81,107,107],"floor_reached":45,"playtime":2154,"items_purged":[],"score":1080,"play_id":"7a3106f0-db7e-4a3c-a5fe-5589d732e412","local_time":"20190227142844","is_ascension_mode":true,"campfire_choices":[{"data":"Skewer","floor":6.0,"key":"SMITH"},{"data":"Bouncing Flask","floor":8.0,"key":"SMITH"},{"data":"Neutralize","floor":10.0,"key":"SMITH"},{"data":"Noxious Fumes","floor":15.0,"key":"SMITH"},{"data":"Crippling Poison","floor":23.0,"key":"SMITH"},{"floor":29.0,"key":"REST"},{"data":"Footwork","floor":32.0,"key":"SMITH"},{"data":"Malaise","floor":40.0,"key":"SMITH"}],"neow_cost":"NONE","seed_source_timestamp":0,"circlet_count":0,"master_deck":["AscendersBane","Defend_G","Defend_G","Defend_G","Defend_G","Defend_G","Strike_G","Strike_G","Strike_G","Survivor","Neutralize+1","Cloak And Dagger","Dash","Skewer+1","Footwork+1","Dagger Spray","Noxious Fumes+1","Malaise+1","Caltrops","Adrenaline","PiercingWail","Well Laid Plans+1","Dagger Throw","Tactician","Crippling Poison+1","Corpse Explosion","Deflect+1","Backflip+1"],"special_seed":0,"relics":["Ring of the Snake","Bronze Scales","FossilizedHelix","Sozu","Juzu Bracelet","Enchiridion","Frozen Egg 2","Pear","Cursed Key","OrangePellets","Singing Bowl"],"potions_floor_usage":[45],"damage_taken":[{"damage":0.0,"enemies":"Jaw Worm","floor":1.0,"turns":5.0},{"damage":0.0,"enemies":"2 Louse","floor":2.0,"turns":3.0},{"damage":3.0,"enemies":"Small Slimes","floor":4.0,"turns":4.0},{"damage":20.0,"enemies":"Exordium Wildlife","floor":7.0,"turns":4.0},{"damage":0.0,"enemies":"Looter","floor":11.0,"turns":3.0},{"damage":1.0,"enemies":"2 Fungi Beasts","floor":12.0,"turns":4.0},{"damage":13.0,"enemies":"3 Sentries","floor":13.0,"turns":6.0},{"damage":0.0,"enemies":"3 Louse","floor":14.0,"turns":4.0},{"damage":0.0,"enemies":"Hexaghost","floor":16.0,"turns":9.0},{"damage":0.0,"enemies":"2 Thieves","floor":18.0,"turns":4.0},{"damage":0.0,"enemies":"3 Byrds","floor":20.0,"turns":4.0},{"damage":30.0,"enemies":"Slavers","floor":24.0,"turns":5.0},{"damage":0.0,"enemies":"Snecko","floor":28.0,"turns":5.0},{"damage":5.0,"enemies":"Shelled Parasite and Fungi","floor":30.0,"turns":5.0},{"damage":33.0,"enemies":"Automaton","floor":33.0,"turns":12.0},{"damage":8.0,"enemies":"3 Darklings","floor":35.0,"turns":4.0},{"damage":0.0,"enemies":"Orb Walker","floor":36.0,"turns":4.0},{"damage":1.0,"enemies":"Maw","floor":38.0,"turns":8.0},{"damage":12.0,"enemies":"Spire Growth","floor":42.0,"turns":7.0},{"damage":0.0,"enemies":"Nemesis","floor":44.0,"turns":9.0},{"damage":47,"enemies":"Transient","floor":45,"turns":5}],"seed_played":"1527584227598510949","potions_obtained":[{"floor":1.0,"key":"Ancient Potion"},{"floor":4.0,"key":"FearPotion"},{"floor":7.0,"key":"SteroidPotion"},{"floor":14.0,"key":"Regen Potion"}],"is_trial":false,"path_per_floor":["M","M","$","M","?","R","M","R","T","R","M","M","E","M","R","B",null,"M","?","M","?","$","R","E","?","T","?","M","R","M","?","R","B",null,"M","M","?","M","?","R","$","M","T","E","M"],"character_chosen":"THE_SILENT","items_purchased":["Skewer","Footwork","Crippling Poison","OrangePellets"],"campfire_rested":1,"item_purchase_floors":[3,3,22,41],"current_hp_per_floor":[59,59,59,56,56,56,36,36,36,36,36,35,22,22,22,37,59,59,59,59,59,59,59,29,8,8,18,18,40,35,35,35,2,58,50,50,50,49,49,49,49,37,37,37,0],"gold":107,"neow_bonus":"RANDOM_COMMON_RELIC","is_prod":false,"is_daily":false,"chose_seed":false,"campfire_upgraded":7,"win_rate":0,"timestamp":1551274124,"path_taken":["M","M","$","M","?","R","M","R","T","R","M","M","E","M","R","BOSS","M","?","M","?","?","R","E","?","T","?","M","R","M","?","R","BOSS","M","M","?","M","?","R","$","M","T","E","M"],"build_version":"2019-01-23","purchased_purges":0,"victory":false,"max_hp_per_floor":[66,66,66,66,66,66,66,66,66,66,66,66,66,66,66,66,66,66,66,66,66,66,66,66,66,66,76,76,76,76,76,76,76,76,76,76,76,76,76,76,76,76,76,76,76],"card_choices":[{"not_picked":["Deflect","Eviscerate"],"picked":"Cloak And Dagger","floor":1.0},{"not_picked":["Quick Slash","Prepared"],"picked":"Dash","floor":2.0},{"not_picked":["Quick Slash","Slice"],"picked":"Bouncing Flask","floor":4.0},{"not_picked":["Infinite Blades","Underhanded Strike","Masterful Stab"],"picked":"SKIP","floor":7.0},{"not_picked":["Cloak And Dagger","All Out Attack"],"picked":"Dagger Spray","floor":11.0},{"not_picked":["Dash","Predator"],"picked":"Noxious Fumes","floor":12.0},{"not_picked":["Acrobatics","Eviscerate"],"picked":"Malaise","floor":13.0},{"not_picked":["Sucker Punch","Concentrate"],"picked":"Caltrops","floor":14.0},{"not_picked":["Bullet Time","Wraith Form v2"],"picked":"Adrenaline","floor":16.0},{"not_picked":["Outmaneuver","Backstab"],"picked":"PiercingWail","floor":18.0},{"not_picked":["Cloak And Dagger","Bane"],"picked":"Well Laid Plans+1","floor":20.0},{"not_picked":["Acrobatics","Flying Knee","Bane+1"],"picked":"SKIP","floor":24.0},{"not_picked":["Prepared","Skewer","Slice+1"],"picked":"SKIP","floor":28.0},{"not_picked":["Sucker Punch","Acrobatics","Bane"],"picked":"SKIP","floor":30.0},{"not_picked":["Unload","Die Die Die"],"picked":"Corpse Explosion","floor":33.0},{"not_picked":["Sucker Punch","Flying Knee+1","Dagger Spray+1"],"picked":"SKIP","floor":35.0},{"not_picked":["Reflex","Flechettes","Dagger Throw+1"],"picked":"SKIP","floor":36.0},{"not_picked":["Expertise","Deadly Poison"],"picked":"Deflect+1","floor":38.0},{"not_picked":["Poisoned Stab","Finisher","Dagger Throw+1"],"picked":"SKIP","floor":42.0},{"not_picked":["Quick Slash+1","Wraith Form v2+1"],"picked":"Backflip+1","floor":44.0}],"player_experience":1349825,"relics_obtained":[{"floor":13.0,"key":"FossilizedHelix"},{"floor":24.0,"key":"Juzu Bracelet"},{"floor":25.0,"key":"Enchiridion"},{"floor":26.0,"key":"Frozen Egg 2"},{"floor":44.0,"key":"Singing Bowl"}],"event_choices":[{"damage_healed":0.0,"max_hp_gain":0.0,"max_hp_loss":0.0,"gold_gain":0.0,"event_name":"The Cleric","player_choice":"Leave","floor":5.0,"gold_loss":0.0,"damage_taken":0.0},{"damage_healed":0.0,"max_hp_gain":0.0,"max_hp_loss":0.0,"gold_gain":0.0,"event_name":"Vampires","player_choice":"Ignored","floor":19.0,"gold_loss":0.0,"damage_taken":0.0},{"damage_healed":0.0,"max_hp_gain":0.0,"max_hp_loss":0.0,"gold_gain":0.0,"cards_transformed":["Strike_G","Strike_G"],"event_name":"Drug Dealer","player_choice":"Became Test Subject","floor":21.0,"gold_loss":0.0,"damage_taken":0.0,"cards_obtained":["Dagger Throw","Tactician"]},{"damage_healed":0.0,"max_hp_gain":0.0,"max_hp_loss":0.0,"gold_gain":0.0,"event_name":"Cursed Tome","player_choice":"Obtained Book","floor":25.0,"gold_loss":0.0,"damage_taken":21.0},{"damage_healed":0.0,"max_hp_gain":0.0,"max_hp_loss":0.0,"gold_gain":0.0,"event_name":"Addict","player_choice":"Obtained Relic","floor":27.0,"gold_loss":85.0,"damage_taken":0.0,"relics_obtained":["Pear"]},{"damage_healed":0.0,"max_hp_gain":0.0,"max_hp_loss":0.0,"gold_gain":50.0,"event_name":"Nest","player_choice":"Stole From Cult","floor":31.0,"gold_loss":0.0,"damage_taken":0.0},{"damage_healed":0.0,"max_hp_gain":0.0,"max_hp_loss":0.0,"gold_gain":0.0,"event_name":"Tomb of Lord Red Mask","player_choice":"Ignored","floor":37.0,"gold_loss":0.0,"damage_taken":0.0},{"cards_removed":["Bouncing Flask"],"damage_healed":0.0,"max_hp_gain":0.0,"max_hp_loss":0.0,"gold_gain":0.0,"event_name":"Falling","player_choice":"Removed Skill","floor":39.0,"gold_loss":0.0,"damage_taken":0.0}],"is_beta":false,"boss_relics":[{"not_picked":["Astrolabe","White Beast Statue"],"picked":"Sozu"},{"not_picked":["Empty Cage","Fusion Hammer"],"picked":"Cursed Key"}],"items_purged_floors":[],"is_endless":false,"potions_floor_spawned":[1,4,7,11,14,18,30,33,35,36,42],"killed_by":"Transient","ascension_level":20}