{"path_per_floor":["M","?","M","?","M","R","?","E","T","R","M","T","M","$","R","B",null,"M","?","?","M","M","E","?","$","T","M","M"],"character_chosen":"DEFECT","items_purchased":["Heatsinks","Capacitor"],"gold_per_floor":[110,110,126,126,136,136,136,164,164,164,181,181,201,86,86,191,191,203,126,51,66,83,118,118,44,344,356,368,368],"floor_reached":29,"campfire_rested":3,"playtime":3079,"item_purchase_floors":[],"current_hp_per_floor":[74,59,59,47,46,68,68,17,27,52,45,45,34,34,59,30,85,78,78,78,80,57,37,37,37,37,9,22,0],"items_purged":["Strike_B"],"gold":368,"score":282,"play_id":"6470d80f-f849-4012-8eb3-c6a8437c410f","local_time":"20180602231146","is_prod":false,"is_daily":false,"chose_seed":false,"is_ascension_mode":true,"campfire_upgraded":0,"win_rate":0.0,"timestamp":1527995506,"campfire_choices":[{"floor":6.0,"key":"REST"},{"floor":10.0,"key":"REST"},{"floor":15.0,"key":"REST"}],"path_taken":["M","?","M","?","M","R","?","E","T","R","?","?","?","$","R","BOSS","M","?","?","M","M","E","?","?","T","M","M","?"],"build_version":"2018-05-31","seed_source_timestamp":526083939231975,"purchased_purges":1,"victory":false,"master_deck":["Zap+1","Dualcast+1","Chaos","Coolheaded","Defragment","Doom and Gloom","Blizzard","Heatsinks","Heatsinks","Amplify+1","White Noise","Leap","Force Field+1","Rip and Tear","Chill","Ball Lightning","J.A.X.","Self Repair","Multi-Cast","Rainbow","Bite","Bite","Bite","Bite","Bite","Capacitor","Reboot"],"max_hp_per_floor":[75,75,75,75,75,75,75,75,85,85,85,85,85,85,85,85,85,85,85,85,90,90,90,63,63,63,63,63,63],"relics":["Cracked Core","Ornamental Fan","Shuriken","Pear","Centennial Puzzle","Pandora\u0027s Box","War Paint","Old Coin"],"card_choices":[{"not_picked":["Conserve Battery","Storm"],"picked":"Chaos","floor":1.0},{"not_picked":["Cold Snap","Gash"],"picked":"Coolheaded","floor":3.0},{"not_picked":["Consume","Hologram"],"picked":"Defragment","floor":5.0},{"not_picked":["Reinforced Body","Skim"],"picked":"Doom and Gloom","floor":8.0},{"not_picked":["Skim","Stack"],"picked":"Blizzard","floor":11.0},{"not_picked":["Beam Cell","Rebound"],"picked":"Heatsinks","floor":13.0},{"not_picked":["Fission","All For One"],"picked":"Amplify","floor":16.0},{"not_picked":["Turbo","Coolheaded+1"],"picked":"Ball Lightning","floor":18.0},{"not_picked":["Turbo","Stack+1"],"picked":"Self Repair","floor":21.0},{"not_picked":["Compile Driver","Genetic Algorithm"],"picked":"Multi-Cast","floor":22.0},{"not_picked":["Coolheaded","Cold Snap+1"],"picked":"Rainbow","floor":23.0},{"not_picked":["Stack","Beam Cell","Hologram"],"picked":"SKIP","floor":27.0},{"not_picked":["Rebound","Sweeping Beam"],"picked":"Reboot","floor":28.0}],"player_experience":475381,"potions_floor_usage":[],"damage_taken":[{"damage":1.0,"enemies":"Cultist","floor":1.0,"turns":3.0},{"damage":0.0,"enemies":"2 Louse","floor":3.0,"turns":2.0},{"damage":1.0,"enemies":"Jaw Worm","floor":5.0,"turns":3.0},{"damage":51.0,"enemies":"Gremlin Nob","floor":8.0,"turns":5.0},{"damage":7.0,"enemies":"3 Louse","floor":11.0,"turns":2.0},{"damage":11.0,"enemies":"Large Slime","floor":13.0,"turns":4.0},{"damage":29.0,"enemies":"Slime Boss","floor":16.0,"turns":9.0},{"damage":7.0,"enemies":"2 Thieves","floor":18.0,"turns":4.0},{"damage":3.0,"enemies":"Spheric Guardian","floor":21.0,"turns":3.0},{"damage":23.0,"enemies":"Centurion and Healer","floor":22.0,"turns":6.0},{"damage":27.0,"enemies":"Slavers","floor":23.0,"turns":7.0},{"damage":34.0,"enemies":"Snake Plant","floor":27.0,"turns":6.0},{"damage":4.0,"enemies":"Snecko","floor":28.0,"turns":9.0},{"damage":44,"enemies":"Chosen and Byrds","floor":29,"turns":2}],"relics_obtained":[{"floor":8.0,"key":"Shuriken"},{"floor":9.0,"key":"Pear"},{"floor":12.0,"key":"Centennial Puzzle"},{"floor":23.0,"key":"War Paint"},{"floor":26.0,"key":"Old Coin"}],"event_choices":[{"event_name":"Shining Light","player_choice":"Entered Light","floor":2.0,"damage_taken":0.0},{"event_name":"Scrap Ooze","player_choice":"success","floor":4.0,"damage_taken":12.0},{"event_name":"Purifier","player_choice":"One Purge","floor":7.0,"damage_taken":0.0},{"event_name":"Drug Dealer","player_choice":"Got JAXXED","floor":19.0,"damage_taken":0.0},{"event_name":"Beggar","player_choice":"Gave Gold","floor":20.0,"damage_taken":0.0},{"event_name":"Vampires","player_choice":"Became a vampire","floor":24.0,"damage_taken":0.0}],"boss_relics":[],"items_purged_floors":[],"potions_floor_spawned":[1,3,5,18,21,22,23],"seed_played":"7688144596878010378","killed_by":"Chosen and Byrds","ascension_level":1,"potions_obtained":[{"floor":1.0,"key":"EssenceOfSteel"},{"floor":3.0,"key":"GamblersBrew"},{"floor":5.0,"key":"EssenceOfSteel"},{"floor":18.0,"key":"Fruit Juice"},{"floor":21.0,"key":"Fire Potion"},{"floor":22.0,"key":"Ancient Potion"},{"floor":23.0,"key":"LiquidBronze"}],"is_trial":false}