{"gold_per_floor":[119,119,5,5,17,17,50,50,50,50,61,95,95,128,128,200,200,214,214,0,18,33,33,65,79,79,79],"floor_reached":27,"playtime":1571,"items_purged":["Shame"],"score":548,"play_id":"e268aa1c-8ca1-4aba-a907-71810df9dc8e","local_time":"20190108141743","is_ascension_mode":true,"campfire_choices":[{"data":"Darkness","floor":6.0,"key":"SMITH"},{"data":"Zap","floor":8.0,"key":"SMITH"},{"data":"Dualcast","floor":13.0,"key":"SMITH"},{"data":"Glacier","floor":15.0,"key":"SMITH"},{"floor":23,"key":"REST"}],"neow_cost":"TEN_PERCENT_HP_LOSS","seed_source_timestamp":0,"circlet_count":0,"master_deck":["AscendersBane","Strike_B+1","Strike_B+1","Strike_B+1","Defend_B+1","Defend_B+1","Defend_B+1","Defend_B+1","Zap+1","Dualcast+1","Gash","Darkness+1","Rebound","Ball Lightning","Glacier+1","All For One","Coolheaded","Self Repair","Force Field","White Noise"],"special_seed":0,"relics":["Cracked Core","Mango","Centennial Puzzle","Bottled Lightning","Blood Vial","Ancient Tea Set","Snecko Eye","Question Card","Sundial"],"potions_floor_usage":[24,27],"damage_taken":[{"damage":7.0,"enemies":"Jaw Worm","floor":1.0,"turns":3.0},{"damage":2.0,"enemies":"Cultist","floor":5.0,"turns":4.0},{"damage":35.0,"enemies":"3 Sentries","floor":7.0,"turns":9.0},{"damage":0.0,"enemies":"Small Slimes","floor":11.0,"turns":2.0},{"damage":0.0,"enemies":"Gremlin Nob","floor":12.0,"turns":3.0},{"damage":5.0,"enemies":"Lagavulin","floor":14.0,"turns":5.0},{"damage":21.0,"enemies":"Hexaghost","floor":16.0,"turns":8.0},{"damage":34.0,"enemies":"Chosen","floor":18.0,"turns":6.0},{"damage":10,"enemies":"2 Thieves","floor":21,"turns":5},{"damage":2,"enemies":"Centurion and Healer","floor":22,"turns":7},{"damage":12,"enemies":"Slavers","floor":24,"turns":6},{"damage":8,"enemies":"Cultist and Chosen","floor":25,"turns":6},{"damage":52,"enemies":"Gremlin Leader","floor":27,"turns":5}],"seed_played":"-4845344817775761251","potions_obtained":[{"floor":5.0,"key":"GamblersBrew"},{"floor":7.0,"key":"SpeedPotion"},{"floor":12.0,"key":"Block Potion"},{"floor":16.0,"key":"Dexterity Potion"},{"floor":21,"key":"SpeedPotion"},{"floor":22,"key":"Block Potion"}],"is_trial":false,"path_per_floor":["M","?","$","?","M","R","E","R","T","$","M","E","R","E","R","B",null,"M","?","?","M","M","R","E","M","T","E"],"character_chosen":"DEFECT","items_purchased":["Darkness"],"campfire_rested":1,"item_purchase_floors":[3],"current_hp_per_floor":[71,71,71,71,69,69,34,34,34,34,34,34,34,31,31,12,62,30,30,30,22,22,45,42,43,43,0],"gold":79,"neow_bonus":"ONE_RARE_RELIC","is_prod":false,"is_daily":false,"chose_seed":false,"campfire_upgraded":4,"win_rate":0,"timestamp":1546953463,"path_taken":["M","?","?","?","M","R","E","R","T","$","M","E","R","E","R","BOSS","M","?","?","M","M","R","E","M","T","E"],"build_version":"2019-01-03v4","purchased_purges":1,"victory":false,"max_hp_per_floor":[78,78,78,78,78,78,78,78,78,78,78,78,78,78,78,78,78,78,78,78,78,78,78,78,78,78,78],"card_choices":[{"not_picked":["Streamline","Rebound"],"picked":"Gash","floor":1.0},{"not_picked":["Tempest","Lockon"],"picked":"Rebound","floor":5.0},{"not_picked":["Heatsinks","Fusion"],"picked":"Ball Lightning","floor":7.0},{"not_picked":["Heatsinks","Ball Lightning"],"picked":"Glacier","floor":11.0},{"not_picked":["Reprogram","Skim","Streamline"],"picked":"SKIP","floor":12.0},{"not_picked":["Steam","Reinforced Body","Rainbow"],"picked":"SKIP","floor":14.0},{"not_picked":["Amplify","Fission"],"picked":"All For One","floor":16.0},{"not_picked":["Compile Driver","Go for the Eyes","Coolheaded"],"picked":"SKIP","floor":18.0},{"not_picked":["Blizzard","Redo"],"picked":"Coolheaded","floor":21},{"not_picked":["Reinforced Body","Redo"],"picked":"Self Repair","floor":22},{"not_picked":["Darkness","Cold Snap"],"picked":"Force Field","floor":24},{"not_picked":["Compile Driver","Turbo","Streamline"],"picked":"White Noise","floor":25}],"player_experience":1136212,"relics_obtained":[{"floor":7.0,"key":"Centennial Puzzle"},{"floor":9.0,"key":"Bottled Lightning"},{"floor":12.0,"key":"Blood Vial"},{"floor":14.0,"key":"Ancient Tea Set"},{"floor":24,"key":"Question Card"},{"floor":26,"key":"Sundial"}],"event_choices":[{"damage_healed":0.0,"max_hp_gain":0.0,"max_hp_loss":0.0,"gold_gain":0.0,"event_name":"Match and Keep!","player_choice":"1 cards matched","floor":2.0,"gold_loss":0.0,"damage_taken":0.0,"cards_obtained":["Shame"]},{"cards_removed":["Strike_B"],"damage_healed":0.0,"max_hp_gain":0.0,"max_hp_loss":0.0,"gold_gain":0.0,"event_name":"Purifier","player_choice":"Purged","floor":4.0,"gold_loss":0.0,"damage_taken":0.0},{"damage_healed":0.0,"max_hp_gain":0.0,"max_hp_loss":0.0,"gold_gain":0.0,"event_name":"Back to Basics","player_choice":"Simplicity","floor":19.0,"gold_loss":0.0,"damage_taken":0.0,"cards_upgraded":["Strike_B","Strike_B","Strike_B","Defend_B","Defend_B","Defend_B","Defend_B"]},{"damage_healed":0,"gold_gain":0,"player_choice":"Paid Fearfully","damage_taken":0,"max_hp_gain":0,"max_hp_loss":0,"event_name":"Masked Bandits","floor":20,"gold_loss":214}],"is_beta":false,"boss_relics":[{"not_picked":["Nuclear Battery","Sozu"],"picked":"Snecko Eye"}],"items_purged_floors":[3],"is_endless":false,"potions_floor_spawned":[5,7,12,16,21,22],"killed_by":"Gremlin Leader","ascension_level":20}