{"gold_per_floor":[116,41,56,56,69,82,114,114,183,193,226,226,257,257,257,332,332,348,273,273,286,201,201,213,213,213,46,56,66,66,66,66,138,138,157,175,190,190],"floor_reached":38,"playtime":1471,"items_purged":["Shame"],"score":792,"play_id":"7b8880bd-60dc-489b-b50f-f76ea8169b9e","local_time":"20190130152515","is_ascension_mode":true,"campfire_choices":[{"data":"Poisoned Stab","floor":8,"key":"SMITH"},{"data":"Unload","floor":12,"key":"SMITH"},{"floor":15,"key":"REST"},{"data":"Poisoned Stab","floor":23,"key":"SMITH"},{"data":"Dodge and Roll","floor":25,"key":"SMITH"},{"floor":30,"key":"REST"},{"floor":32,"key":"REST"}],"neow_cost":"CURSE","seed_source_timestamp":100116034750970,"circlet_count":0,"master_deck":["AscendersBane","Defend_G","Defend_G","Defend_G","Defend_G","Defend_G","Strike_G","Strike_G","Survivor","Neutralize","Adrenaline","Poisoned Stab+1","Dagger Spray+1","Well Laid Plans","Unload+1","Terror","PiercingWail","Noxious Fumes+1","Die Die Die","Poisoned Stab+1","Storm of Steel","Corpse Explosion","Dodge and Roll+1","Backstab","Wraith Form v2","Adrenaline","Dodge and Roll+1","Caltrops","Choke"],"relics":["Ring of the Snake","Incense Burner","Blue Candle","Anchor","Ornamental Fan","Sozu","Boot","Mercury Hourglass","Orichalcum","Snecko Eye"],"potions_floor_usage":[7,16,24,29],"damage_taken":[{"damage":1,"enemies":"Jaw Worm","floor":1,"turns":5},{"damage":0,"enemies":"Cultist","floor":3,"turns":4},{"damage":0,"enemies":"2 Louse","floor":5,"turns":1},{"damage":0,"enemies":"Blue Slaver","floor":6,"turns":4},{"damage":32,"enemies":"Gremlin Nob","floor":7,"turns":4},{"damage":2,"enemies":"2 Fungi Beasts","floor":10,"turns":3},{"damage":2,"enemies":"Lagavulin","floor":11,"turns":6},{"damage":8,"enemies":"Gremlin Nob","floor":13,"turns":3},{"damage":10,"enemies":"Slime Boss","floor":16,"turns":6},{"damage":11,"enemies":"2 Thieves","floor":18,"turns":4},{"damage":13,"enemies":"Shell Parasite","floor":21,"turns":5},{"damage":9,"enemies":"Snake Plant","floor":24,"turns":4},{"damage":20,"enemies":"Shelled Parasite and Fungi","floor":28,"turns":3},{"damage":0,"enemies":"Sentry and Sphere","floor":29,"turns":4},{"damage":35,"enemies":"Automaton","floor":33,"turns":9},{"damage":0,"enemies":"3 Shapes","floor":35,"turns":2},{"damage":0,"enemies":"3 Darklings","floor":36,"turns":2},{"damage":35,"enemies":"Jaw Worm Horde","floor":37,"turns":3},{"damage":20,"enemies":"4 Shapes","floor":38,"turns":1}],"seed_played":"-1696991512448648703","potions_obtained":[{"floor":1,"key":"AttackPotion"},{"floor":3,"key":"Weak Potion"},{"floor":11,"key":"Strength Potion"},{"floor":16,"key":"Fire Potion"}],"is_trial":false,"path_per_floor":["M","$","M","?","M","M","E","R","T","M","E","R","E","?","R","B",null,"M","?","?","M","?","R","M","R","T","$","M","M","R","$","R","B",null,"M","M","M","M"],"character_chosen":"THE_SILENT","items_purchased":["Orichalcum"],"campfire_rested":3,"item_purchase_floors":[27],"current_hp_per_floor":[58,58,58,58,58,58,26,26,26,24,22,22,14,14,33,23,55,44,44,44,31,31,31,22,22,22,22,2,2,21,21,40,5,51,51,51,16,0],"gold":190,"neow_bonus":"THREE_RARE_CARDS","is_prod":false,"is_daily":false,"chose_seed":false,"campfire_upgraded":4,"win_rate":0,"timestamp":1548858315,"path_taken":["M","$","M","?","M","M","E","R","T","?","E","R","E","?","R","BOSS","M","?","?","M","?","R","M","R","T","$","?","M","R","?","R","BOSS","M","M","M","M"],"build_version":"2019-01-23","purchased_purges":1,"victory":false,"max_hp_per_floor":[66,66,66,66,66,66,66,66,66,66,66,66,66,66,66,66,66,66,66,66,66,66,66,66,66,66,66,66,66,66,66,66,66,66,66,66,66,66],"card_choices":[{"not_picked":["Tools of the Trade","Venomology"],"picked":"Adrenaline","floor":0},{"not_picked":["Tactician","Bane"],"picked":"Poisoned Stab","floor":1},{"not_picked":["Flying Knee","Dagger Throw"],"picked":"Dagger Spray","floor":3},{"not_picked":["Blade Dance","Deadly Poison"],"picked":"Well Laid Plans","floor":5},{"not_picked":["Flechettes","Acrobatics"],"picked":"Unload","floor":6},{"not_picked":["Eviscerate","Choke"],"picked":"Terror","floor":7},{"not_picked":["Bane","Dagger Spray","Prepared"],"picked":"SKIP","floor":10},{"not_picked":["Concentrate","Blade Dance"],"picked":"PiercingWail","floor":11},{"not_picked":["Outmaneuver","Footwork"],"picked":"Noxious Fumes","floor":13},{"not_picked":["Tools of the Trade","Glass Knife"],"picked":"Die Die Die","floor":16},{"not_picked":["Prepared","Dagger Throw"],"picked":"Poisoned Stab","floor":18},{"not_picked":["Quick Slash","Bane","Slice"],"picked":"SKIP","floor":21},{"not_picked":["Deadly Poison","Predator+1"],"picked":"Dodge and Roll","floor":24},{"not_picked":["Dodge and Roll","Acrobatics+1"],"picked":"Backstab","floor":28},{"not_picked":["Slice","PiercingWail"],"picked":"Wraith Form v2","floor":29},{"not_picked":["Phantasmal Killer","Bullet Time"],"picked":"Adrenaline","floor":33},{"not_picked":["Deflect","Bane"],"picked":"Dodge and Roll+1","floor":35},{"not_picked":["Deflect+1","Blur"],"picked":"Caltrops","floor":36},{"not_picked":["Outmaneuver","Sucker Punch+1"],"picked":"Choke","floor":37}],"player_experience":1269870,"relics_obtained":[{"floor":7,"key":"Incense Burner"},{"floor":9,"key":"Blue Candle"},{"floor":11,"key":"Anchor"},{"floor":13,"key":"Ornamental Fan"},{"floor":26,"key":"Mercury Hourglass"}],"event_choices":[{"damage_healed":0,"gold_gain":0,"player_choice":"Forge","damage_taken":0,"max_hp_gain":0,"max_hp_loss":0,"event_name":"Accursed Blacksmith","floor":4,"gold_loss":0,"cards_upgraded":["Dagger Spray"]},{"damage_healed":0,"gold_gain":0,"player_choice":"Grow","damage_taken":0,"max_hp_gain":0,"max_hp_loss":0,"event_name":"Living Wall","floor":14,"gold_loss":0,"cards_upgraded":["Noxious Fumes"]},{"cards_removed":["Strike_G"],"damage_healed":0,"gold_gain":0,"player_choice":"Gave Gold","damage_taken":0,"max_hp_gain":0,"max_hp_loss":0,"event_name":"Beggar","floor":19,"gold_loss":75},{"damage_healed":0,"gold_gain":0,"cards_transformed":["Strike_G","Strike_G"],"player_choice":"Became Test Subject","damage_taken":0,"max_hp_gain":0,"max_hp_loss":0,"event_name":"Drug Dealer","floor":20,"gold_loss":0,"cards_obtained":["Storm of Steel","Corpse Explosion"]},{"damage_healed":0,"gold_gain":0,"player_choice":"Obtained Relic","damage_taken":0,"relics_obtained":["Boot"],"max_hp_gain":0,"max_hp_loss":0,"event_name":"Addict","floor":22,"gold_loss":85}],"is_beta":false,"boss_relics":[{"not_picked":["Calling Bell","White Beast Statue"],"picked":"Sozu"},{"not_picked":["Fusion Hammer","Runic Pyramid"],"picked":"Snecko Eye"}],"items_purged_floors":[2],"is_endless":false,"potions_floor_spawned":[1,3,6,11,16,18,21,33,36,37],"killed_by":"4 Shapes","ascension_level":20}