{"gold_per_floor":[368,383,383,445,464,464,539,539,539,568,568,230,240,250,250,351,351,367,292,304,304,20,45,45,57,57,57,72,82,82,82,82,82],"floor_reached":33,"playtime":1556,"items_purged":["Regret"],"score":265,"play_id":"a10e7f9a-236f-4e59-b0bf-bf661af37ecb","local_time":"20180710134414","is_ascension_mode":false,"campfire_choices":[{"data":"Cleave","floor":6,"key":"SMITH"},{"data":"Perfected Strike","floor":8,"key":"SMITH"},{"data":"Armaments","floor":11,"key":"SMITH"},{"floor":15,"key":"REST"},{"data":"Metallicize","floor":27,"key":"SMITH"},{"data":"Clothesline","floor":30,"key":"SMITH"},{"data":"Bash","floor":32,"key":"SMITH"}],"neow_cost":"FIFTY_PERCENT_DAMAGE","seed_source_timestamp":678676675978444,"circlet_count":0,"master_deck":["Strike_R+1","Strike_R+1","Strike_R+1","Strike_R+1","Defend_R+1","Defend_R+1","Defend_R+1","Defend_R+1","Bash+1","Clothesline+1","Cleave+1","Perfected Strike+1","Armaments+1","Rampage+1","Metallicize+1","Pommel Strike+1","Anger+1","Fire Breathing+1","Shrug It Off+1","Twin Strike+1","Ghostly Armor","Anger+1","Anger+1","Body Slam+1","Whirlwind+1"],"relics":["Black Blood","Strawberry","Gambling Chip","Molten Egg 2","Anchor","Bottled Tornado","Paper Frog","Thread and Needle"],"potions_floor_usage":[10,16,20,23,33,33,33],"damage_taken":[{"damage":8,"enemies":"2 Louse","floor":1,"turns":4},{"damage":7,"enemies":"Jaw Worm","floor":2,"turns":5},{"damage":3,"enemies":"Small Slimes","floor":5,"turns":3},{"damage":29,"enemies":"3 Sentries","floor":10,"turns":5},{"damage":9,"enemies":"Exordium Wildlife","floor":13,"turns":3},{"damage":2,"enemies":"Looter","floor":14,"turns":3},{"damage":27,"enemies":"Slime Boss","floor":16,"turns":7},{"damage":0,"enemies":"Chosen","floor":18,"turns":4},{"damage":7,"enemies":"2 Thieves","floor":20,"turns":3},{"damage":40,"enemies":"Book of Stabbing","floor":23,"turns":7},{"damage":12,"enemies":"Cultist and Chosen","floor":25,"turns":7},{"damage":5,"enemies":"Snecko","floor":28,"turns":6},{"damage":4,"enemies":"Sentry and Sphere","floor":29,"turns":7},{"damage":67,"enemies":"Collector","floor":33,"turns":10}],"seed_played":"-5207225980801966879","potions_obtained":[{"floor":2,"key":"EntropicBrew"},{"floor":16,"key":"Dexterity Potion"},{"floor":18,"key":"AttackPotion"},{"floor":23,"key":"Strength Potion"},{"floor":29,"key":"Poison Potion"}],"is_trial":false,"path_per_floor":["M","M","?","?","M","R","?","R","T","E","R","$","M","M","R","B",null,"M","?","M","?","$","E","?","M","T","R","M","M","R","?","R"],"character_chosen":"IRONCLAD","items_purchased":["Anchor","Rampage+1","Metallicize","Bottled Tornado","Twin Strike+1"],"campfire_rested":1,"item_purchase_floors":[12,12,12,22,22],"current_hp_per_floor":[38,37,44,44,47,47,36,36,36,13,13,13,10,14,40,19,87,87,87,87,87,87,57,57,55,55,55,60,66,66,66,66,0],"gold":82,"neow_bonus":"TWO_FIFTY_GOLD","is_prod":false,"is_daily":false,"chose_seed":false,"campfire_upgraded":6,"win_rate":0,"timestamp":1531223054,"path_taken":["M","M","?","?","?","R","?","R","T","E","R","$","M","M","R","BOSS","M","?","?","?","$","E","?","M","T","R","M","M","R","?","R","BOSS"],"build_version":"2018-07-05","purchased_purges":1,"victory":false,"max_hp_per_floor":[80,80,87,87,87,87,87,87,87,87,87,87,87,87,87,87,87,87,87,87,87,87,87,87,87,87,87,87,87,87,87,87,87],"card_choices":[{"not_picked":["Sword Boomerang","Warcry"],"picked":"Clothesline","floor":1},{"not_picked":["True Grit","Headbutt"],"picked":"Cleave","floor":2},{"not_picked":["Hemokinesis","Clothesline"],"picked":"Perfected Strike","floor":5},{"not_picked":["Dark Embrace","True Grit"],"picked":"Armaments","floor":10},{"not_picked":["Sever Soul+1","Clothesline+1"],"picked":"Pommel Strike+1","floor":13},{"not_picked":["Shrug It Off","Power Through"],"picked":"Anger+1","floor":14},{"not_picked":["Perfected Strike+1","Twin Strike+1"],"picked":"Fire Breathing+1","floor":18},{"not_picked":["Evolve+1","Sword Boomerang+1"],"picked":"Shrug It Off+1","floor":20},{"not_picked":["Warcry","Intimidate"],"picked":"Ghostly Armor","floor":23},{"not_picked":["Pummel+1","Cleave+1"],"picked":"Anger+1","floor":25},{"not_picked":["Corruption","Armaments"],"picked":"Anger+1","floor":28},{"not_picked":["Pummel+1","Heavy Blade+1"],"picked":"Body Slam+1","floor":29}],"player_experience":74410,"relics_obtained":[{"floor":9,"key":"Gambling Chip"},{"floor":10,"key":"Molten Egg 2"},{"floor":23,"key":"Paper Frog"},{"floor":26,"key":"Thread and Needle"}],"event_choices":[{"event_name":"Big Fish","player_choice":"Box","floor":3,"damage_taken":0},{"event_name":"Golden Wing","player_choice":"Gained Gold","floor":4,"damage_taken":0},{"event_name":"World of Goop","player_choice":"Gather Gold","floor":7,"damage_taken":0},{"event_name":"Beggar","player_choice":"Gave Gold","floor":19,"damage_taken":0},{"event_name":"Back to Basics","player_choice":"Simplicity","floor":21,"damage_taken":0},{"event_name":"Ghosts","player_choice":"Ignored","floor":24,"damage_taken":0},{"event_name":"The Library","player_choice":"Read","floor":31,"damage_taken":0}],"boss_relics":[{"not_picked":["Orrery","White Beast Statue"],"picked":"Black Blood"}],"items_purged_floors":[12],"is_endless":false,"potions_floor_spawned":[2,16,18,23,29],"killed_by":"Collector","ascension_level":0}