{"gold_per_floor":[111,127,140,34,48,48,73,73,73,73],"floor_reached":10,"playtime":211,"items_purged":[],"score":129,"play_id":"1b2e0fc6-5253-442c-8acb-3c375aa34dee","local_time":"20181206131637","is_ascension_mode":true,"campfire_choices":[{"data":"Riddle With Holes","floor":6,"key":"SMITH"}],"neow_cost":"NONE","seed_source_timestamp":587217278833243,"circlet_count":0,"master_deck":["AscendersBane","Defend_G","Defend_G","Defend_G","Defend_G","Defend_G","Strike_G","Strike_G","Strike_G","Strike_G","Strike_G","Survivor","Neutralize","Dagger Spray","Riddle With Holes+1","Escape Plan","Quick Slash","Escape Plan"],"relics":["Ring of the Snake","NeowsBlessing","Nunchaku","Du-Vu Doll"],"potions_floor_usage":[7],"damage_taken":[{"damage":0,"enemies":"Jaw Worm","floor":1,"turns":1},{"damage":0,"enemies":"Small Slimes","floor":2,"turns":1},{"damage":0,"enemies":"Cultist","floor":3,"turns":1},{"damage":1,"enemies":"3 Louse","floor":5,"turns":4},{"damage":33,"enemies":"Lagavulin","floor":7,"turns":6},{"damage":32,"enemies":"Gremlin Nob","floor":10,"turns":3}],"seed_played":"5205858589661354076","potions_obtained":[{"floor":3,"key":"Strength Potion"}],"is_trial":false,"path_per_floor":["M","M","M","$","M","R","E","?","T","E"],"character_chosen":"THE_SILENT","items_purchased":["Escape Plan","Quick Slash"],"campfire_rested":0,"item_purchase_floors":[4,4],"current_hp_per_floor":[59,59,59,59,58,58,25,25,25,0],"gold":73,"neow_bonus":"THREE_ENEMY_KILL","is_prod":false,"is_daily":false,"chose_seed":false,"campfire_upgraded":1,"win_rate":0,"timestamp":1544098597,"path_taken":["M","M","M","$","M","R","E","?","T","E"],"build_version":"2018-11-15","purchased_purges":0,"victory":false,"max_hp_per_floor":[66,66,66,66,66,66,66,66,66,66],"card_choices":[{"not_picked":["Underhanded Strike","Slice","Outmaneuver"],"picked":"SKIP","floor":1},{"not_picked":["Caltrops","Dodge and Roll"],"picked":"Dagger Spray","floor":2},{"not_picked":["Flechettes","Slice"],"picked":"Riddle With Holes","floor":3},{"not_picked":["Flying Knee","Finisher"],"picked":"Escape Plan","floor":5},{"not_picked":["Night Terror","Flechettes","Deadly Poison"],"picked":"SKIP","floor":7}],"player_experience":900650,"relics_obtained":[{"floor":7,"key":"Nunchaku"},{"floor":9,"key":"Du-Vu Doll"}],"event_choices":[{"damage_healed":0,"gold_gain":0,"player_choice":"Ignored","damage_taken":0,"max_hp_gain":0,"max_hp_loss":0,"event_name":"Golden Idol","floor":8,"gold_loss":0}],"is_beta":false,"boss_relics":[],"items_purged_floors":[],"is_endless":false,"potions_floor_spawned":[3],"killed_by":"Gremlin Nob","ascension_level":18}