{"gold_per_floor":[114,189,189,209,228,228,258,258,258,258,278,296,329,403,403,477,477,487,487,498,120,120,120,148,148],"floor_reached":25,"playtime":643,"items_purged":["Steam Power"],"score":460,"play_id":"8729d08d-8aa1-46e1-b86d-ee1167cb621e","local_time":"20190421003039","is_ascension_mode":true,"campfire_choices":[{"data":"Zap","floor":6,"key":"SMITH"},{"floor":8,"key":"REST"},{"data":"Dualcast","floor":10,"key":"SMITH"},{"floor":15,"key":"REST"},{"floor":23,"key":"REST"}],"neow_cost":"NONE","seed_source_timestamp":39021953637524,"circlet_count":0,"master_deck":["AscendersBane","Strike_B","Defend_B","Defend_B","Defend_B","Defend_B","Zap+1","Dualcast+1","Ball Lightning","Conserve Battery","Ball Lightning","Core Surge","Echo Form","Barrage","Barrage","Ball Lightning"],"relics":["Cracked Core","Du-Vu Doll","Letter Opener","Kunai","Inserter","Strawberry","Oddly Smooth Stone","Matryoshka"],"potions_floor_usage":[16,24],"damage_taken":[{"damage":7,"enemies":"Jaw Worm","floor":1,"turns":3},{"damage":7,"enemies":"2 Louse","floor":4,"turns":3},{"damage":0,"enemies":"Cultist","floor":5,"turns":3},{"damage":23,"enemies":"3 Sentries","floor":7,"turns":7},{"damage":0,"enemies":"2 Fungi Beasts","floor":11,"turns":3},{"damage":9,"enemies":"Exordium Thugs","floor":12,"turns":3},{"damage":19,"enemies":"Gremlin Nob","floor":13,"turns":4},{"damage":0,"enemies":"Slime Boss","floor":16,"turns":6},{"damage":22,"enemies":"Shell Parasite","floor":18,"turns":5},{"damage":13,"enemies":"Spheric Guardian","floor":20,"turns":4},{"damage":58,"enemies":"Slavers","floor":24,"turns":6},{"damage":10,"enemies":"Shelled Parasite and Fungi","floor":25,"turns":2}],"seed_played":"6433379265555290352","potions_obtained":[{"floor":1,"key":"Energy Potion"},{"floor":11,"key":"FearPotion"}],"is_trial":false,"path_per_floor":["M","?","?","M","M","R","E","R","T","R","M","M","E","?","R","B",null,"M","?","M","$","?","R","E","M"],"character_chosen":"DEFECT","items_purchased":["Strawberry","Oddly Smooth Stone"],"campfire_rested":3,"item_purchase_floors":[21,21],"current_hp_per_floor":[68,57,57,50,50,50,27,51,51,51,51,42,23,23,47,47,73,51,51,38,45,45,71,13,3],"gold":148,"neow_bonus":"TEN_PERCENT_HP_BONUS","is_prod":false,"is_daily":false,"chose_seed":false,"campfire_upgraded":2,"win_rate":0,"timestamp":1555817439,"path_taken":["M","?","?","?","M","R","E","R","T","R","M","M","E","?","R","BOSS","M","?","?","$","?","R","E","?"],"build_version":"2019-01-23","purchased_purges":1,"victory":false,"max_hp_per_floor":[82,82,82,82,82,82,82,82,82,82,82,82,82,82,82,82,82,82,82,82,89,89,89,89,89],"card_choices":[{"not_picked":["Auto Shields","Tempest"],"picked":"Ball Lightning","floor":1},{"not_picked":["Force Field","Go for the Eyes"],"picked":"Conserve Battery","floor":4},{"not_picked":["Darkness","Stack","Chaos"],"picked":"SKIP","floor":5},{"not_picked":["Streamline","Rebound","Beam Cell"],"picked":"SKIP","floor":7},{"not_picked":["Recycle","Leap"],"picked":"Ball Lightning","floor":11},{"not_picked":["Stack","Rebound","Force Field"],"picked":"SKIP","floor":12},{"not_picked":["Blizzard","Cold Snap"],"picked":"Core Surge","floor":13},{"not_picked":["Electrodynamics","Creative AI"],"picked":"Echo Form","floor":16},{"not_picked":["Conserve Battery","Rebound"],"picked":"Barrage","floor":18},{"not_picked":["Beam Cell","Coolheaded"],"picked":"Barrage","floor":20},{"not_picked":["Rip and Tear","Heatsinks"],"picked":"Ball Lightning","floor":24}],"player_experience":707682,"relics_obtained":[{"floor":7,"key":"Du-Vu Doll"},{"floor":9,"key":"Letter Opener"},{"floor":13,"key":"Kunai"},{"floor":24,"key":"Matryoshka"}],"event_choices":[{"damage_healed":0,"gold_gain":75,"player_choice":"Gather Gold","damage_taken":11,"max_hp_gain":0,"max_hp_loss":0,"event_name":"World of Goop","floor":2,"gold_loss":0},{"cards_removed":["Strike_B"],"damage_healed":0,"gold_gain":0,"player_choice":"Offered Basic","damage_taken":0,"max_hp_gain":0,"max_hp_loss":0,"event_name":"Bonfire Elementals","floor":3,"gold_loss":0},{"damage_healed":0,"gold_gain":74,"player_choice":"Gained Gold","damage_taken":0,"max_hp_gain":0,"max_hp_loss":0,"event_name":"Golden Wing","floor":14,"gold_loss":0},{"damage_healed":0,"gold_gain":0,"cards_transformed":["Strike_B"],"player_choice":"Transformed","damage_taken":0,"max_hp_gain":0,"max_hp_loss":0,"event_name":"Transmorgrifier","floor":19,"gold_loss":0,"cards_obtained":["Steam Power"]},{"cards_removed":["Strike_B"],"damage_healed":0,"gold_gain":0,"player_choice":"Purged","damage_taken":0,"max_hp_gain":0,"max_hp_loss":0,"event_name":"Purifier","floor":22,"gold_loss":0}],"is_beta":false,"boss_relics":[{"not_picked":["Lizard Tail","Runic Pyramid"],"picked":"Inserter"}],"items_purged_floors":[21],"is_endless":false,"potions_floor_spawned":[1,11,12],"killed_by":"Shelled Parasite and Fungi","ascension_level":13}