{"gold_per_floor":[112,132,132,152,152,178,178,208,208,99,99,117,117,127,127,225,225,237,266,282,302,302,302,317,317,317,317,328,328,344,344,344,440,440,454,468,69,79,95,107,107,135,135,135,135,146,146,156,156,156],"floor_reached":51,"playtime":3782,"items_purged":["Strike_B","Strike_B"],"score":819,"play_id":"33fbb713-dfd6-4a7f-8183-b8d3a1c3b70e","local_time":"20190412001834","is_ascension_mode":true,"campfire_choices":[{"data":"Zap","floor":7,"key":"SMITH"},{"floor":11,"key":"REST"},{"floor":13,"key":"REST"},{"data":"Reinforced Body","floor":15,"key":"SMITH"},{"floor":23,"key":"REST"},{"data":"Gash","floor":25,"key":"SMITH"},{"data":"Gash","floor":27,"key":"SMITH"},{"data":"Dualcast","floor":29,"key":"SMITH"},{"data":"Glacier","floor":32,"key":"SMITH"},{"data":"Reboot","floor":41,"key":"SMITH"},{"floor":45,"key":"REST"},{"data":"Reboot","floor":47,"key":"SMITH"},{"floor":49,"key":"REST"}],"neow_cost":"NONE","seed_source_timestamp":35109477278686,"circlet_count":0,"master_deck":["Strike_B","Defend_B","Defend_B","Defend_B","Defend_B","Zap+1","Dualcast+1","Machine Learning","Gash+1","Conserve Battery","Gash+1","Reinforced Body+1","Rip and Tear+1","Beam Cell+1","Gash+1","All For One+1","Go for the Eyes+1","Go for the Eyes+1","Hologram","Conserve Battery","Glacier+1","Sweeping Beam+1","Decay","Reboot+1","Chill+1","Leap","Sweeping Beam+1","Gash+1","Parasite","Reboot+1","Rebound+1","Writhe","Reinforced Body+1"],"relics":["Cracked Core","Letter Opener","Molten Egg 2","Bottled Tornado","Lizard Tail","Red Mask","Darkstone Periapt","Regal Pillow","Mummified Hand"],"potions_floor_usage":[6,8,19,19,33,33,50,50],"damage_taken":[{"damage":1,"enemies":"Cultist","floor":1,"turns":3},{"damage":0,"enemies":"2 Louse","floor":2,"turns":2},{"damage":7,"enemies":"Small Slimes","floor":4,"turns":3},{"damage":30,"enemies":"3 Sentries","floor":6,"turns":8},{"damage":35,"enemies":"Gremlin Nob","floor":8,"turns":4},{"damage":28,"enemies":"Exordium Thugs","floor":12,"turns":4},{"damage":0,"enemies":"2 Fungi Beasts","floor":14,"turns":2},{"damage":4,"enemies":"Hexaghost","floor":16,"turns":8},{"damage":25,"enemies":"3 Byrds","floor":18,"turns":5},{"damage":17,"enemies":"Masked Bandits","floor":19,"turns":5},{"damage":0,"enemies":"Spheric Guardian","floor":20,"turns":2},{"damage":15,"enemies":"Snake Plant","floor":21,"turns":3},{"damage":3,"enemies":"Chosen and Byrds","floor":24,"turns":3},{"damage":0,"enemies":"Snecko","floor":28,"turns":3},{"damage":0,"enemies":"Shelled Parasite and Fungi","floor":30,"turns":4},{"damage":57,"enemies":"Collector","floor":33,"turns":7},{"damage":6,"enemies":"3 Shapes","floor":35,"turns":6},{"damage":34,"enemies":"3 Darklings","floor":36,"turns":5},{"damage":4,"enemies":"4 Shapes","floor":38,"turns":4},{"damage":0,"enemies":"Transient","floor":39,"turns":5},{"damage":10,"enemies":"Writhing Mass","floor":40,"turns":5},{"damage":27,"enemies":"Giant Head","floor":42,"turns":6},{"damage":11,"enemies":"Spire Growth","floor":46,"turns":5},{"damage":18,"enemies":"3 Darklings","floor":48,"turns":4},{"damage":82,"enemies":"Donu and Deca","floor":50,"turns":10}],"seed_played":"1778576820777287732","potions_obtained":[{"floor":2,"key":"Regen Potion"},{"floor":4,"key":"Poison Potion"},{"floor":8,"key":"Dexterity Potion"},{"floor":18,"key":"SteroidPotion"},{"floor":19,"key":"SteroidPotion"},{"floor":30,"key":"Swift Potion"},{"floor":36,"key":"Poison Potion"},{"floor":39,"key":"Explosive Potion"},{"floor":40,"key":"AttackPotion"}],"is_trial":false,"path_per_floor":["M","?","?","?","?","M","?","?"],"character_chosen":"DEFECT","items_purchased":["Rip and Tear+1","Leap","GamblersBrew","Regal Pillow","Sweeping Beam+1"],"campfire_rested":5,"item_purchase_floors":[10,37,37,37,37],"current_hp_per_floor":[74,74,74,67,72,57,57,22,22,22,46,18,42,42,42,38,80,55,38,38,23,23,47,44,44,44,44,44,44,44,50,50,43,86,80,46,46,42,42,38,38,11,11,40,84,73,73,55,98,16],"gold":156,"neow_bonus":"ONE_RANDOM_RARE_CARD","is_prod":false,"is_daily":false,"chose_seed":false,"campfire_upgraded":8,"win_rate":0,"timestamp":1555003114,"path_taken":["M","?","?","M","?","E","R","E","T","$","R","M","R","M","R","BOSS","M","?","M","M","?","R","?","R","T","R","M","R","M","?","R","BOSS","M","M","$","M","M","M","R","E","T","?","R","M","R","M","R","BOSS"],"build_version":"2019-01-23","purchased_purges":2,"victory":true,"max_hp_per_floor":[75,75,75,75,80,80,80,80,80,80,80,80,80,80,80,80,80,80,80,80,80,80,80,80,80,80,80,80,80,80,86,86,86,86,86,86,86,86,86,92,92,92,92,98,98,98,98,98,98,98],"card_choices":[{"not_picked":["Beam Cell","Cold Snap"],"picked":"Gash","floor":1},{"not_picked":["Ball Lightning","Turbo"],"picked":"Conserve Battery","floor":2},{"not_picked":["FTL","Go for the Eyes"],"picked":"Gash","floor":4},{"not_picked":["Barrage","Steam Power","Fusion"],"picked":"SKIP","floor":6},{"not_picked":["Barrage","Blizzard"],"picked":"Reinforced Body","floor":8},{"not_picked":["Compile Driver+1","Rip and Tear+1"],"picked":"Beam Cell+1","floor":12},{"not_picked":["Go for the Eyes+1","Redo"],"picked":"Gash+1","floor":14},{"not_picked":["Rainbow","Seek"],"picked":"All For One+1","floor":16},{"not_picked":["Coolheaded","Stack"],"picked":"Go for the Eyes+1","floor":18},{"not_picked":["Storm","Recycle+1"],"picked":"Go for the Eyes+1","floor":19},{"not_picked":["Turbo","Stack"],"picked":"Hologram","floor":20},{"not_picked":["Storm","Ball Lightning+1","Sunder+1"],"picked":"SKIP","floor":21},{"not_picked":["Doom and Gloom+1","Thunder Strike+1"],"picked":"Conserve Battery","floor":24},{"not_picked":["Beam Cell+1","Blizzard+1"],"picked":"Glacier","floor":28},{"not_picked":["Conserve Battery+1","Heatsinks"],"picked":"Sweeping Beam+1","floor":30},{"not_picked":["Core Surge+1","Meteor Strike+1"],"picked":"Reboot","floor":33},{"not_picked":["Compile Driver+1","Go for the Eyes+1","Conserve Battery"],"picked":"SKIP","floor":35},{"not_picked":["Beam Cell+1","Cold Snap+1"],"picked":"Chill+1","floor":36},{"not_picked":["Stack","Cold Snap+1"],"picked":"Gash+1","floor":38},{"not_picked":["Glacier+1","Go for the Eyes+1","Sweeping Beam+1"],"picked":"SKIP","floor":39},{"not_picked":["Lockon+1","Reprogram+1"],"picked":"Reboot","floor":40},{"not_picked":["Static Discharge","Stack+1"],"picked":"Rebound+1","floor":42},{"not_picked":["Scrape+1","Compile Driver+1"],"picked":"Reinforced Body+1","floor":46},{"not_picked":["Storm","Chill","Lockon+1"],"picked":"SKIP","floor":48}],"player_experience":199938,"relics_obtained":[{"floor":6,"key":"Letter Opener"},{"floor":8,"key":"Molten Egg 2"},{"floor":9,"key":"Bottled Tornado"},{"floor":19,"key":"Red Mask"},{"floor":26,"key":"Darkstone Periapt"},{"floor":42,"key":"Mummified Hand"}],"event_choices":[{"damage_healed":0,"gold_gain":0,"player_choice":"Ignored","damage_taken":0,"max_hp_gain":0,"max_hp_loss":0,"event_name":"Liars Game","floor":3,"gold_loss":0},{"damage_healed":0,"gold_gain":0,"player_choice":"Donut","damage_taken":0,"max_hp_gain":5,"max_hp_loss":0,"event_name":"Big Fish","floor":5,"gold_loss":0},{"damage_healed":0,"gold_gain":0,"player_choice":"Fought Bandits","damage_taken":0,"max_hp_gain":0,"max_hp_loss":0,"event_name":"Masked Bandits","floor":19,"gold_loss":0},{"cards_removed":["Strike_B"],"damage_healed":0,"gold_gain":0,"player_choice":"Purged","damage_taken":0,"max_hp_gain":0,"max_hp_loss":0,"event_name":"Purifier","floor":22,"gold_loss":0},{"damage_healed":0,"gold_gain":0,"player_choice":"Smashed Altar","damage_taken":0,"max_hp_gain":0,"max_hp_loss":0,"event_name":"Forgotten Altar","floor":31,"gold_loss":0,"cards_obtained":["Decay"]},{"damage_healed":23,"gold_gain":0,"player_choice":"Writhe","damage_taken":0,"max_hp_gain":0,"max_hp_loss":0,"event_name":"Winding Halls","floor":44,"gold_loss":0,"cards_obtained":["Writhe"]}],"is_beta":false,"boss_relics":[{"not_picked":["Ectoplasm","Inserter"],"picked":"Lizard Tail"},{"not_picked":["Runic Dome","Philosopher\u0027s Stone","Snecko Eye"]}],"items_purged_floors":[10,37],"is_endless":false,"potions_floor_spawned":[2,4,8,18,19,30,36,39,40],"ascension_level":4}