{"gold_per_floor":[112,122,122,133,149,149,178,178,229,255,272,272,447,26,26,126,126,143,162,162,162,179,179,179],"floor_reached":24,"playtime":1622,"items_purged":["Strike_R"],"score":227,"play_id":"fb090d85-c89c-4c3e-9c80-b0fd36775de6","local_time":"20190323013550","is_ascension_mode":true,"campfire_choices":[{"data":"Barricade","floor":6,"key":"SMITH"},{"floor":8,"key":"REST"},{"floor":15,"key":"REST"},{"data":"Demon Form","floor":23,"key":"SMITH"}],"neow_cost":"NONE","seed_source_timestamp":86258340319404,"circlet_count":0,"master_deck":["Strike_R","Strike_R","Strike_R","Defend_R","Defend_R","Defend_R","Bash","Forethought","Carnage","Heavy Blade","Barricade+1","Iron Wave","Demon Form+1","Parasite","Doubt","Double Tap","Havoc","Bloodletting+1"],"relics":["Burning Blood","Singing Bowl","Bronze Scales","Medical Kit","Vajra","Runic Cube","Ginger"],"potions_floor_usage":[16,19,22,24],"damage_taken":[{"damage":8,"enemies":"2 Louse","floor":1,"turns":3},{"damage":1,"enemies":"Small Slimes","floor":2,"turns":3},{"damage":9,"enemies":"Jaw Worm","floor":4,"turns":3},{"damage":21,"enemies":"Exordium Thugs","floor":5,"turns":4},{"damage":26,"enemies":"Lagavulin","floor":7,"turns":5},{"damage":40,"enemies":"3 Sentries","floor":10,"turns":7},{"damage":9,"enemies":"2 Fungi Beasts","floor":11,"turns":4},{"damage":45,"enemies":"Hexaghost","floor":16,"turns":9},{"damage":38,"enemies":"Shell Parasite","floor":18,"turns":4},{"damage":5,"enemies":"3 Byrds","floor":19,"turns":2},{"damage":41,"enemies":"Centurion and Healer","floor":22,"turns":5},{"damage":27,"enemies":"Slavers","floor":24,"turns":2}],"seed_played":"-2016198406784570498","potions_obtained":[{"floor":1,"key":"Dexterity Potion"},{"floor":2,"key":"GamblersBrew"},{"floor":4,"key":"LiquidBronze"},{"floor":11,"key":"Strength Potion"},{"floor":18,"key":"Block Potion"},{"floor":19,"key":"BloodPotion"}],"is_trial":false,"path_per_floor":["?","?","?","$","?","?","M"],"character_chosen":"IRONCLAD","items_purchased":["Medical Kit","Vajra"],"campfire_rested":2,"item_purchase_floors":[14,14],"current_hp_per_floor":[78,80,73,70,55,55,37,61,61,27,24,44,44,44,68,29,82,52,53,53,53,26,26,0],"gold":179,"neow_bonus":"RANDOM_COLORLESS","is_prod":false,"is_daily":false,"chose_seed":false,"campfire_upgraded":2,"win_rate":0,"timestamp":1553279750,"path_taken":["M","M","?","M","M","R","E","R","T","E","M","?","?","?","R","BOSS","M","M","?","?","?","R","E"],"build_version":"2019-01-23","purchased_purges":1,"victory":false,"max_hp_per_floor":[80,80,80,80,80,80,82,82,82,82,82,82,82,82,82,82,82,84,84,84,84,84,84,84],"card_choices":[{"not_picked":["Reckless Charge","Iron Wave"],"picked":"Carnage","floor":1},{"not_picked":["Thunderclap","Iron Wave"],"picked":"Inflame","floor":2},{"not_picked":["Flame Barrier","Havoc"],"picked":"Heavy Blade","floor":4},{"not_picked":["Battle Trance","Pommel Strike"],"picked":"Barricade","floor":5},{"not_picked":["Ghostly Armor","Carnage","Clothesline"],"picked":"Singing Bowl","floor":7},{"not_picked":["Fire Breathing","True Grit"],"picked":"Iron Wave","floor":10},{"not_picked":["Anger","Entrench"],"picked":"Demon Form","floor":11},{"not_picked":["Immolate","Barricade"],"picked":"Double Tap","floor":16},{"not_picked":["Twin Strike+1","Sword Boomerang","True Grit"],"picked":"Singing Bowl","floor":18},{"not_picked":["Armaments","Iron Wave"],"picked":"Havoc","floor":19},{"not_picked":["Body Slam+1","Pommel Strike"],"picked":"Bloodletting+1","floor":22}],"player_experience":109428,"relics_obtained":[{"floor":7,"key":"Singing Bowl"},{"floor":10,"key":"Bronze Scales"}],"event_choices":[{"cards_removed":["Defend_R"],"damage_healed":0,"gold_gain":0,"player_choice":"Card Removal","damage_taken":7,"max_hp_gain":0,"max_hp_loss":0,"event_name":"Golden Wing","floor":3,"gold_loss":0},{"damage_healed":20,"gold_gain":0,"player_choice":"Healed and dodged fight","damage_taken":0,"max_hp_gain":0,"max_hp_loss":0,"event_name":"Mushrooms","floor":12,"gold_loss":0,"cards_obtained":["Parasite"]},{"damage_healed":0,"gold_gain":175,"player_choice":"AGREE","damage_taken":0,"max_hp_gain":0,"max_hp_loss":0,"event_name":"Liars Game","floor":13,"gold_loss":0,"cards_obtained":["Doubt"]},{"cards_removed":["Strike_R"],"damage_healed":0,"gold_gain":0,"player_choice":"Elegance","damage_taken":0,"max_hp_gain":0,"max_hp_loss":0,"event_name":"Back to Basics","floor":20,"gold_loss":0},{"cards_removed":["Inflame"],"damage_healed":0,"gold_gain":0,"player_choice":"Gave Card","damage_taken":0,"relics_obtained":["Ginger"],"max_hp_gain":0,"max_hp_loss":0,"event_name":"WeMeetAgain","floor":21,"gold_loss":0}],"is_beta":false,"boss_relics":[{"not_picked":["Fusion Hammer","White Beast Statue"],"picked":"Runic Cube"}],"items_purged_floors":[14],"is_endless":false,"potions_floor_spawned":[1,2,4,11,18,19],"killed_by":"Slavers","ascension_level":2}