{"gold_per_floor":[115,79,79,0,75,107,36,62,130,145,110,110,135,152,152,152],"floor_reached":16,"playtime":395,"items_purged":[],"score":203,"play_id":"b5571171-cc45-4a4b-b72d-54150aad63c7","local_time":"20190406021908","is_ascension_mode":true,"campfire_choices":[{"floor":15,"key":"REST"}],"neow_cost":"NONE","seed_source_timestamp":3389323372883,"circlet_count":0,"master_deck":["AscendersBane","Strike_R","Strike_R","Strike_R","Strike_R","Strike_R","Defend_R+1","Defend_R","Defend_R","Defend_R+1","Bash+1","Cleave","Flame Barrier","Inflame","Hemokinesis","True Grit","Flame Barrier","Shrug It Off"],"relics":["Burning Blood","Regal Pillow","Darkstone Periapt","Mummified Hand","War Paint"],"potions_floor_usage":[14],"damage_taken":[{"damage":1,"enemies":"Cultist","floor":1,"turns":4},{"damage":36,"enemies":"Lagavulin","floor":6,"turns":6},{"damage":27,"enemies":"Gremlin Nob","floor":8,"turns":4},{"damage":4,"enemies":"Small Slimes","floor":10,"turns":3},{"damage":26,"enemies":"Lagavulin","floor":13,"turns":7},{"damage":3,"enemies":"Jaw Worm","floor":14,"turns":3},{"damage":66,"enemies":"The Guardian","floor":16,"turns":9}],"seed_played":"-5036503751901615937","potions_obtained":[{"floor":10,"key":"Explosive Potion"},{"floor":12,"key":"PowerPotion"}],"is_trial":false,"path_per_floor":["M","$","?","$","?","E","$","E","T","M","?","?","E","M","R","B"],"character_chosen":"IRONCLAD","items_purchased":["Flame Barrier","Inflame","Hemokinesis"],"campfire_rested":1,"item_purchase_floors":[2,4,7],"current_hp_per_floor":[73,73,73,73,62,32,32,11,11,13,31,31,11,14,51,0],"gold":152,"neow_bonus":"UPGRADE_CARD","is_prod":false,"is_daily":false,"chose_seed":false,"campfire_upgraded":0,"win_rate":0,"timestamp":1554527948,"path_taken":["M","?","?","$","?","E","$","E","T","M","?","?","E","M","R","BOSS"],"build_version":"2019-01-23","purchased_purges":0,"victory":false,"max_hp_per_floor":[75,75,75,75,75,75,75,75,75,75,75,75,75,75,75,75],"card_choices":[{"not_picked":["Warcry","Flex"],"picked":"Cleave","floor":1},{"not_picked":["Rampage","Juggernaut","Brutality"],"picked":"SKIP","floor":6},{"not_picked":["Warcry","Perfected Strike","Pommel Strike"],"picked":"SKIP","floor":8},{"not_picked":["Rampage","Twin Strike"],"picked":"True Grit","floor":10},{"not_picked":["Rage","Perfected Strike"],"picked":"Flame Barrier","floor":13},{"not_picked":["Pommel Strike","Sentinel"],"picked":"Shrug It Off","floor":14}],"player_experience":522160,"relics_obtained":[{"floor":6,"key":"Regal Pillow"},{"floor":8,"key":"Darkstone Periapt"},{"floor":9,"key":"Mummified Hand"},{"floor":13,"key":"War Paint"}],"event_choices":[{"damage_healed":0,"gold_gain":0,"player_choice":"Ignored","damage_taken":0,"max_hp_gain":0,"max_hp_loss":0,"event_name":"Shining Light","floor":3,"gold_loss":0},{"damage_healed":0,"gold_gain":75,"player_choice":"Gather Gold","damage_taken":11,"max_hp_gain":0,"max_hp_loss":0,"event_name":"World of Goop","floor":5,"gold_loss":0},{"damage_healed":18,"gold_gain":0,"player_choice":"Healed","damage_taken":0,"max_hp_gain":0,"max_hp_loss":0,"event_name":"The Cleric","floor":11,"gold_loss":35},{"damage_healed":0,"gold_gain":0,"player_choice":"Got Potions","damage_taken":0,"max_hp_gain":0,"max_hp_loss":0,"event_name":"Lab","floor":12,"gold_loss":0}],"is_beta":false,"boss_relics":[],"items_purged_floors":[],"is_endless":false,"potions_floor_spawned":[10,13],"killed_by":"The Guardian","ascension_level":15}