{"gold_per_floor":[119,130,148,167,167,184,213,213,240,240,266,282,299,315,315,420,420,437,453,368,385,385],"floor_reached":22,"playtime":1463,"items_purged":[],"score":212,"play_id":"20e78750-6781-4be0-8ca1-7c4d1d8be379","local_time":"20190320015522","is_ascension_mode":true,"campfire_choices":[{"data":"Armaments","floor":8,"key":"SMITH"},{"data":"Demon Form","floor":10,"key":"SMITH"},{"floor":15,"key":"REST"}],"neow_cost":"NONE","seed_source_timestamp":13570265049986,"circlet_count":0,"master_deck":["Strike_R","Strike_R","Strike_R","Strike_R","Strike_R","Defend_R","Defend_R","Defend_R","Bash","Rampage","Armaments+1","Clash","Demon Form+1","Cleave","Infernal Blade","Flex","Dropkick"],"relics":["Burning Blood","Shuriken","Blood Vial","Black Star","Centennial Puzzle"],"potions_floor_usage":[6,7,14,16,18,21],"damage_taken":[{"damage":4,"enemies":"Small Slimes","floor":1,"turns":4},{"damage":1,"enemies":"Cultist","floor":2,"turns":3},{"damage":0,"enemies":"2 Louse","floor":3,"turns":3},{"damage":16,"enemies":"Blue Slaver","floor":4,"turns":4},{"damage":8,"enemies":"3 Louse","floor":6,"turns":4},{"damage":21,"enemies":"Lagavulin","floor":7,"turns":5},{"damage":50,"enemies":"Gremlin Nob","floor":11,"turns":6},{"damage":4,"enemies":"2 Fungi Beasts","floor":12,"turns":3},{"damage":8,"enemies":"Red Slaver","floor":13,"turns":2},{"damage":2,"enemies":"Blue Slaver","floor":14,"turns":2},{"damage":27,"enemies":"Hexaghost","floor":16,"turns":7},{"damage":0,"enemies":"3 Byrds","floor":18,"turns":3},{"damage":24,"enemies":"Shell Parasite","floor":19,"turns":4},{"damage":36,"enemies":"Snake Plant","floor":21,"turns":4},{"damage":27,"enemies":"Colosseum Slavers","floor":22,"turns":4},{"damage":19,"enemies":"Colosseum Nobs","floor":22,"turns":2}],"seed_played":"8285078072489088104","potions_obtained":[{"floor":1,"key":"EssenceOfSteel"},{"floor":3,"key":"SkillPotion"},{"floor":6,"key":"Ancient Potion"},{"floor":12,"key":"PowerPotion"},{"floor":13,"key":"Fire Potion"},{"floor":19,"key":"AttackPotion"}],"is_trial":false,"path_per_floor":["?","M","?","?"],"character_chosen":"IRONCLAD","items_purchased":[],"campfire_rested":1,"item_purchase_floors":[],"current_hp_per_floor":[80,80,80,70,70,68,53,53,53,53,9,13,13,19,43,24,80,80,62,62,34,0],"gold":385,"neow_bonus":"TRANSFORM_CARD","is_prod":false,"is_daily":false,"chose_seed":false,"campfire_upgraded":2,"win_rate":0,"timestamp":1553021722,"path_taken":["M","M","M","M","?","M","E","R","T","R","E","M","?","M","R","BOSS","M","M","?","M","?"],"build_version":"2019-01-23","purchased_purges":0,"victory":false,"max_hp_per_floor":[80,80,80,80,80,80,80,80,80,80,80,80,80,80,80,80,80,80,80,80,80,80],"card_choices":[{"not_picked":["Seeing Red","Thunderclap"],"picked":"Rampage","floor":1},{"not_picked":["Carnage","Body Slam","Wild Strike"],"picked":"SKIP","floor":2},{"not_picked":["Bloodletting","Combust"],"picked":"Armaments","floor":3},{"not_picked":["Sever Soul","Reckless Charge","Carnage"],"picked":"SKIP","floor":4},{"not_picked":["Havoc","Impervious"],"picked":"Clash","floor":6},{"not_picked":["Flex","Wild Strike"],"picked":"Demon Form","floor":7},{"not_picked":["Twin Strike","Inflame"],"picked":"Cleave","floor":11},{"not_picked":["Armaments","Body Slam","Warcry"],"picked":"SKIP","floor":12},{"not_picked":["Burning Pact","Clash"],"picked":"Infernal Blade","floor":13},{"not_picked":["Perfected Strike","Wild Strike","Clothesline"],"picked":"SKIP","floor":14},{"not_picked":["Twin Strike+1","Thunderclap"],"picked":"Flex","floor":18},{"not_picked":["Wild Strike","Battle Trance"],"picked":"Dropkick","floor":19},{"not_picked":["Wild Strike","Body Slam","Sword Boomerang+1"],"picked":"SKIP","floor":21}],"player_experience":84016,"relics_obtained":[{"floor":7,"key":"Shuriken"},{"floor":11,"key":"Blood Vial"}],"event_choices":[{"cards_removed":["Havoc"],"damage_healed":0,"gold_gain":0,"player_choice":"Purged","damage_taken":0,"max_hp_gain":0,"max_hp_loss":0,"event_name":"Purifier","floor":5,"gold_loss":0},{"damage_healed":0,"gold_gain":0,"player_choice":"Obtained Relic","damage_taken":0,"relics_obtained":["Centennial Puzzle"],"max_hp_gain":0,"max_hp_loss":0,"event_name":"Addict","floor":20,"gold_loss":85},{"damage_healed":0,"gold_gain":0,"player_choice":"Fight","damage_taken":0,"max_hp_gain":0,"max_hp_loss":0,"event_name":"Colosseum","floor":22,"gold_loss":0},{"damage_healed":0,"gold_gain":0,"player_choice":"Fought Nobs","damage_taken":0,"max_hp_gain":0,"max_hp_loss":0,"event_name":"Colosseum","floor":22,"gold_loss":0}],"is_beta":false,"boss_relics":[{"not_picked":["Orrery","Astrolabe"],"picked":"Black Star"}],"items_purged_floors":[],"is_endless":false,"potions_floor_spawned":[1,3,6,12,13,19,22],"killed_by":"Colosseum Nobs","ascension_level":1}