{"gold_per_floor":[116,127,55,67,67,67,93,93,117,142,0,0],"floor_reached":12,"playtime":1133,"items_purged":[],"score":172,"play_id":"a71b5b93-a429-4a3d-96ae-474f8b417706","local_time":"20190207142848","is_ascension_mode":true,"campfire_choices":[{"data":"Conserve Battery","floor":6,"key":"SMITH"},{"floor":8,"key":"REST"}],"neow_cost":"NONE","seed_source_timestamp":788310323224504,"circlet_count":0,"master_deck":["AscendersBane","Strike_B","Strike_B","Strike_B","Strike_B","Defend_B","Defend_B","Defend_B","Zap+1","Dualcast","Blizzard","Conserve Battery+1","Streamline","Rebound","Rip and Tear"],"relics":["Cracked Core","Bronze Scales","Blood Vial","Juzu Bracelet"],"potions_floor_usage":[7,10,12,12],"damage_taken":[{"damage":0,"enemies":"2 Louse","floor":1,"turns":2},{"damage":7,"enemies":"Small Slimes","floor":2,"turns":4},{"damage":1,"enemies":"Cultist","floor":4,"turns":3},{"damage":41,"enemies":"Gremlin Nob","floor":7,"turns":4},{"damage":20,"enemies":"3 Sentries","floor":10,"turns":6},{"damage":35,"enemies":"Lagavulin","floor":12,"turns":4}],"seed_played":"-6641777073334466313","potions_obtained":[{"floor":4,"key":"Swift Potion"},{"floor":7,"key":"Swift Potion"},{"floor":10,"key":"Swift Potion"}],"is_trial":false,"path_per_floor":["M","M","?","M","?","R","E","R","T","E","$","E"],"character_chosen":"DEFECT","items_purchased":["Rip and Tear","Strength Potion"],"campfire_rested":1,"item_purchase_floors":[11,11],"current_hp_per_floor":[64,57,57,56,56,56,15,36,36,18,18,0],"gold":0,"neow_bonus":"UPGRADE_CARD","is_prod":false,"is_daily":false,"chose_seed":false,"campfire_upgraded":1,"win_rate":0,"timestamp":1549546128,"path_taken":["M","M","?","M","?","R","E","R","T","E","$","E"],"build_version":"2019-01-23","purchased_purges":0,"victory":false,"max_hp_per_floor":[71,71,71,71,71,71,71,71,71,71,71,71],"card_choices":[{"not_picked":["Go for the Eyes","Redo","Recycle"],"picked":"SKIP","floor":1},{"not_picked":["Reprogram","Steam"],"picked":"Blizzard","floor":2},{"not_picked":["BootSequence","White Noise"],"picked":"Conserve Battery","floor":4},{"not_picked":["Meteor Strike","Turbo"],"picked":"Streamline","floor":7},{"not_picked":["Skim","Stack"],"picked":"Rebound","floor":10}],"player_experience":1304499,"relics_obtained":[{"floor":7,"key":"Bronze Scales"},{"floor":9,"key":"Blood Vial"},{"floor":10,"key":"Juzu Bracelet"}],"event_choices":[{"damage_healed":0,"gold_gain":0,"player_choice":"Left Gold","damage_taken":0,"max_hp_gain":0,"max_hp_loss":0,"event_name":"World of Goop","floor":3,"gold_loss":72},{"cards_removed":["Defend_B"],"damage_healed":0,"gold_gain":0,"player_choice":"Purged","damage_taken":0,"max_hp_gain":0,"max_hp_loss":0,"event_name":"Purifier","floor":5,"gold_loss":0}],"is_beta":false,"boss_relics":[],"items_purged_floors":[],"is_endless":false,"potions_floor_spawned":[4,7,10],"killed_by":"Lagavulin","ascension_level":20}