{"gold_per_floor":[113,132,132,146,156,156,175,175,175,175,194,212,223,248,248,248],"floor_reached":16,"playtime":618,"items_purged":[],"score":106,"play_id":"41812784-5801-42be-915e-36ae1c2bdd92","local_time":"20190323204717","is_ascension_mode":false,"campfire_choices":[{"data":"Flame Barrier","floor":6,"key":"SMITH"},{"data":"Bash","floor":8,"key":"SMITH"},{"data":"Sword Boomerang","floor":10,"key":"SMITH"},{"data":"Rampage","floor":15,"key":"SMITH"}],"neow_cost":"NONE","seed_source_timestamp":11945073457696,"circlet_count":0,"master_deck":["Strike_R","Strike_R","Strike_R","Strike_R","Defend_R","Defend_R","Defend_R","Defend_R","Bash+1","Heavy Blade","Twin Strike","Sword Boomerang+1","Flame Barrier+1","Rampage+1","Whirlwind","Bludgeon"],"relics":["Burning Blood","Ice Cream"],"potions_floor_usage":[],"damage_taken":[{"damage":1,"enemies":"Cultist","floor":1,"turns":3},{"damage":6,"enemies":"Jaw Worm","floor":2,"turns":3},{"damage":2,"enemies":"2 Louse","floor":4,"turns":3},{"damage":12,"enemies":"Blue Slaver","floor":5,"turns":4},{"damage":6,"enemies":"3 Louse","floor":7,"turns":4},{"damage":11,"enemies":"Large Slime","floor":11,"turns":5},{"damage":7,"enemies":"Blue Slaver","floor":12,"turns":3},{"damage":8,"enemies":"Red Slaver","floor":13,"turns":3},{"damage":28,"enemies":"Gremlin Nob","floor":14,"turns":4},{"damage":55,"enemies":"The Guardian","floor":16,"turns":9}],"seed_played":"668848537612419853","potions_obtained":[{"floor":5,"key":"FairyPotion"},{"floor":11,"key":"Explosive Potion"},{"floor":12,"key":"BloodPotion"}],"is_trial":false,"path_per_floor":["M","M","?","M","M","R","M","R","T","R","M","M","M","E","R","B"],"character_chosen":"IRONCLAD","items_purchased":[],"campfire_rested":0,"item_purchase_floors":[],"current_hp_per_floor":[80,80,80,80,74,74,74,74,74,74,69,68,66,44,44,0],"gold":248,"neow_bonus":"REMOVE_CARD","is_prod":false,"is_daily":false,"chose_seed":false,"campfire_upgraded":4,"win_rate":0,"timestamp":1553384837,"path_taken":["M","?","?","M","M","R","M","R","T","R","M","M","M","E","R","BOSS"],"build_version":"2019-01-23","purchased_purges":0,"victory":false,"max_hp_per_floor":[80,80,80,80,80,80,80,80,80,80,80,80,80,80,80,80],"card_choices":[{"not_picked":["Flex","Thunderclap"],"picked":"Heavy Blade","floor":1},{"not_picked":["Thunderclap","Ghostly Armor"],"picked":"Twin Strike","floor":2},{"not_picked":["Rupture","Pummel"],"picked":"Sword Boomerang","floor":4},{"not_picked":["Cleave","Iron Wave"],"picked":"Flame Barrier","floor":5},{"not_picked":["Wild Strike","Brutality"],"picked":"Rampage","floor":7},{"not_picked":["Rupture","Clash"],"picked":"Whirlwind","floor":11},{"not_picked":["Cleave","Armaments","Twin Strike"],"picked":"SKIP","floor":12},{"not_picked":["Fire Breathing","Combust","Anger"],"picked":"SKIP","floor":13},{"not_picked":["Anger","Corruption"],"picked":"Bludgeon","floor":14}],"player_experience":360593,"relics_obtained":[{"floor":14,"key":"Ice Cream"}],"event_choices":[{"damage_healed":0,"gold_gain":0,"player_choice":"Ignored","damage_taken":0,"max_hp_gain":0,"max_hp_loss":0,"event_name":"Liars Game","floor":3,"gold_loss":0}],"is_beta":false,"boss_relics":[],"items_purged_floors":[],"is_endless":false,"potions_floor_spawned":[5,11,12,13],"killed_by":"The Guardian","ascension_level":0}