{"path_per_floor":["M","?","?","M","T","R","M","M","T","R","$","R","?","E","R","B",null,"M","M","M","M","M","E","R","E","T","M","?","R","E","M","R","B",null,"M","$","?","?","M","R","E","?","T","R","M","E","R","M","R","B",null,"M","?","?","$","M","R","E","M","T","?","R","M","?","M","R","B",null,"M","$","?","M","M"],"character_chosen":"THE_SILENT","items_purchased":["Trip","Night Terror","Mind Blast","Tough Bandages","Dagger Throw","Incense Burner","Caltrops","Oddly Smooth Stone","Footwork"],"gold_per_floor":[117,117,117,132,132,132,142,154,222,222,51,51,16,48,48,149,149,161,178,194,206,216,246,246,281,306,322,322,322,352,369,369,470,470,480,9,9,9,24,24,59,59,83,83,83,114,114,128,128,230,230,248,307,382,1,15,15,50,66,66,96,96,110,110,124,124,219,219,231,6,6,26,42,42],"floor_reached":74,"campfire_rested":4,"playtime":3826,"item_purchase_floors":[11,11,36,36,36,55,55,70,70],"current_hp_per_floor":[70,63,49,49,49,49,49,43,43,43,43,43,60,60,60,41,70,66,48,42,42,15,15,36,36,36,32,32,53,36,36,57,37,70,62,62,62,62,62,62,39,29,29,65,65,65,65,65,65,53,70,70,70,59,59,59,59,59,59,59,59,59,59,45,45,45,38,35,35,35,35,22,22,0],"items_purged":["Normality"],"gold":42,"score":1281,"play_id":"8bb0b3f7-63e4-4947-b20a-a1382d8c6cd7","local_time":"20180623222235","is_prod":false,"is_daily":false,"chose_seed":false,"is_ascension_mode":false,"campfire_upgraded":10,"win_rate":0,"timestamp":1529817755,"campfire_choices":[{"data":"Neutralize","floor":6,"key":"SMITH"},{"data":"Flying Knee","floor":10,"key":"SMITH"},{"data":"Night Terror","floor":12,"key":"SMITH"},{"data":"Trip","floor":15,"key":"SMITH"},{"floor":24,"key":"REST"},{"floor":29,"key":"REST"},{"floor":32,"key":"REST"},{"data":"Mind Blast","floor":40,"key":"SMITH"},{"floor":44,"key":"REST"},{"data":"Envenom","floor":47,"key":"SMITH"},{"data":"Storm of Steel","floor":49,"key":"SMITH"},{"data":"Tools of the Trade","floor":57,"key":"SMITH"},{"data":"Wraith Form v2","floor":62,"key":"SMITH"},{"data":"Adrenaline","floor":66,"key":"SMITH"}],"path_taken":["M","?","?","?","?","R","M","?","T","R","?","R","?","E","R","BOSS","M","M","M","M","M","E","R","E","T","M","?","R","E","?","R","BOSS","M","$","?","?","?","R","E","?","T","R","M","E","R","?","R","BOSS","M","?","?","$","M","R","E","M","T","?","R","?","?","M","R","BOSS","M","$","?","M","?","E"],"build_version":"2018-06-21","seed_source_timestamp":736558043193479,"purchased_purges":1,"circlet_count":0,"victory":false,"master_deck":["Defend_G","Defend_G","Defend_G","Defend_G+1","Strike_G+1","Strike_G","Strike_G","Strike_G+1","Survivor","Neutralize+1","Heel Hook","Deflect","Dagger Spray","Flying Knee+1","Trip+1","Night Terror+1","Acrobatics+1","Adrenaline+1","Slice+1","Leg Sweep+1","Malaise+1","Riddle With Holes+1","Escape Plan+1","Dagger Spray","Storm of Steel+1","Cloak And Dagger","Decay","Heel Hook+1","Deflect+1","Envenom+1","Noxious Fumes+1","Mind Blast+1","Dagger Throw","Underhanded Strike","Outmaneuver+1","Wraith Form v2+1","Sadistic Nature","Flash of Steel","Master of Strategy","Decay","Cloak And Dagger+1","All Out Attack+1","Quick Slash+1","Tools of the Trade+1","Dash","Caltrops+1","Dagger Throw","Regret","Flying Knee","Malaise","Die Die Die","Dodge and Roll+1","Footwork","Deflect+1","Infinite Blades"],"max_hp_per_floor":[70,70,70,70,70,70,70,70,70,70,70,70,70,70,70,70,70,70,70,70,70,70,70,70,70,70,70,70,70,70,70,70,70,70,70,70,70,70,70,70,70,70,70,70,70,70,70,70,70,70,70,70,70,70,70,70,70,70,70,70,70,70,70,70,70,70,70,35,35,35,35,35,35,35],"relics":["Runic Pyramid","Tingsha","Centennial Puzzle","Letter Opener","Du-Vu Doll","Cursed Key","Art of War","Anchor","Potion Belt","The Specimen","Philosopher\u0027s Stone","Tough Bandages","Mercury Hourglass","Regal Pillow","Ninja Scroll","Sozu","Incense Burner","War Paint","Odd Mushroom","Oddly Smooth Stone"],"card_choices":[{"not_picked":["Flechettes","Prepared"],"picked":"Heel Hook","floor":1},{"not_picked":["Slice","Prepared"],"picked":"Deflect","floor":4},{"not_picked":["Backflip","Flechettes"],"picked":"Dagger Spray","floor":7},{"not_picked":["Bane","Cloak And Dagger"],"picked":"Flying Knee","floor":8},{"not_picked":["Tactician","Skewer"],"picked":"Acrobatics","floor":14},{"not_picked":["Grand Finale","Venomology"],"picked":"Adrenaline","floor":16},{"not_picked":["Prepared","Deadly Poison"],"picked":"Slice+1","floor":18},{"not_picked":["Riddle With Holes","Dagger Spray"],"picked":"Leg Sweep+1","floor":19},{"not_picked":["Eviscerate","Cloak And Dagger"],"picked":"Malaise+1","floor":20},{"not_picked":["Prepared","Reflex+1"],"picked":"Riddle With Holes+1","floor":21},{"not_picked":["Dagger Spray","Accuracy"],"picked":"Escape Plan+1","floor":22},{"not_picked":["Choke","Eviscerate"],"picked":"Dagger Spray","floor":23},{"not_picked":["Escape Plan+1","Masterful Stab"],"picked":"Storm of Steel","floor":25},{"not_picked":["Expertise+1","Backflip"],"picked":"Cloak And Dagger","floor":27},{"not_picked":["Dagger Spray","Leg Sweep"],"picked":"Heel Hook","floor":30},{"not_picked":["Backflip","Dagger Spray"],"picked":"Deflect+1","floor":31},{"not_picked":["A Thousand Cuts","Tactician"],"picked":"Envenom","floor":33},{"not_picked":["Deadly Poison","Poisoned Stab"],"picked":"Noxious Fumes+1","floor":35},{"not_picked":["Backflip","Caltrops+1"],"picked":"Outmaneuver+1","floor":39},{"not_picked":["Heel Hook","Well Laid Plans"],"picked":"Wraith Form v2","floor":41},{"not_picked":["Master of Strategy","Magnetism"],"picked":"Sadistic Nature","floor":42},{"not_picked":["Swift Strike","Good Instincts"],"picked":"Flash of Steel","floor":42},{"not_picked":["Jack Of All Trades","Magnetism"],"picked":"Master of Strategy","floor":42},{"not_picked":["Underhanded Strike+1","Deflect+1"],"picked":"Cloak And Dagger+1","floor":45},{"not_picked":["Dagger Throw","Poisoned Stab+1"],"picked":"All Out Attack+1","floor":46},{"not_picked":["Poisoned Stab+1","Slice+1"],"picked":"Quick Slash+1","floor":48},{"not_picked":["Venomology","Phantasmal Killer"],"picked":"Tools of the Trade","floor":50},{"not_picked":["Outmaneuver","PiercingWail"],"picked":"Dash","floor":52},{"not_picked":["PiercingWail","Deadly Poison","Dodge and Roll"],"picked":"SKIP","floor":56},{"not_picked":["Deflect","Die Die Die"],"picked":"Dagger Throw","floor":58},{"not_picked":["Dodge and Roll","Backflip","Quick Slash"],"picked":"SKIP","floor":59},{"not_picked":["Backflip","Bouncing Flask"],"picked":"Flying Knee","floor":61},{"not_picked":["Slice","Well Laid Plans","Blade Dance"],"picked":"SKIP","floor":63},{"not_picked":["Dagger Spray","Endless Agony"],"picked":"Malaise","floor":65},{"not_picked":["Corpse Explosion","Bullet Time"],"picked":"Die Die Die","floor":67},{"not_picked":["Bane+1","Poisoned Stab+1"],"picked":"Dodge and Roll+1","floor":69},{"not_picked":["Underhanded Strike","Catalyst"],"picked":"Deflect+1","floor":72},{"not_picked":["PiercingWail","Dagger Spray"],"picked":"Infinite Blades","floor":73}],"player_experience":176188,"potions_floor_usage":[14,16,16,20,22,25,41,45,50],"damage_taken":[{"damage":0,"enemies":"2 Louse","floor":1,"turns":2},{"damage":0,"enemies":"Small Slimes","floor":4,"turns":3},{"damage":0,"enemies":"Jaw Worm","floor":7,"turns":3},{"damage":6,"enemies":"Gremlin Gang","floor":8,"turns":5},{"damage":0,"enemies":"3 Sentries","floor":14,"turns":3},{"damage":19,"enemies":"Slime Boss","floor":16,"turns":9},{"damage":4,"enemies":"Shell Parasite","floor":18,"turns":3},{"damage":18,"enemies":"2 Thieves","floor":19,"turns":3},{"damage":6,"enemies":"Snecko","floor":20,"turns":6},{"damage":0,"enemies":"Centurion and Healer","floor":21,"turns":4},{"damage":27,"enemies":"Cultist and Chosen","floor":22,"turns":6},{"damage":0,"enemies":"Book of Stabbing","floor":23,"turns":5},{"damage":0,"enemies":"Gremlin Leader","floor":25,"turns":6},{"damage":4,"enemies":"Slaver and Parasite","floor":27,"turns":4},{"damage":17,"enemies":"Slavers","floor":30,"turns":2},{"damage":0,"enemies":"Chosen and Byrds","floor":31,"turns":6},{"damage":20,"enemies":"Automaton","floor":33,"turns":10},{"damage":8,"enemies":"3 Darklings","floor":35,"turns":4},{"damage":0,"enemies":"3 Shapes","floor":39,"turns":3},{"damage":23,"enemies":"2 Orb Walkers","floor":41,"turns":5},{"damage":0,"enemies":"Sphere and 2 Shapes","floor":45,"turns":3},{"damage":0,"enemies":"Giant Head","floor":46,"turns":5},{"damage":0,"enemies":"3 Darklings","floor":48,"turns":2},{"damage":12,"enemies":"Time Eater","floor":50,"turns":8},{"damage":0,"enemies":"Jaw Worm","floor":52,"turns":1},{"damage":0,"enemies":"2 Louse","floor":56,"turns":1},{"damage":0,"enemies":"Gremlin Nob","floor":58,"turns":2},{"damage":0,"enemies":"Cultist","floor":59,"turns":1},{"damage":0,"floor":61,"turns":2},{"damage":0,"enemies":"Looter","floor":63,"turns":1},{"damage":0,"enemies":"Exordium Thugs","floor":65,"turns":1},{"damage":7,"enemies":"The Guardian","floor":67,"turns":4},{"damage":0,"enemies":"3 Byrds","floor":69,"turns":3},{"damage":13,"enemies":"Shell Parasite","floor":72,"turns":2},{"damage":0,"enemies":"Sentry and Sphere","floor":73,"turns":2},{"damage":27,"enemies":"Gremlin Leader","floor":74,"turns":2}],"relics_obtained":[{"floor":5,"key":"Centennial Puzzle"},{"floor":9,"key":"Letter Opener"},{"floor":14,"key":"Du-Vu Doll"},{"floor":23,"key":"Art of War"},{"floor":25,"key":"Anchor"},{"floor":26,"key":"Potion Belt"},{"floor":30,"key":"The Specimen"},{"floor":41,"key":"Mercury Hourglass"},{"floor":43,"key":"Regal Pillow"},{"floor":46,"key":"Ninja Scroll"},{"floor":60,"key":"War Paint"},{"floor":61,"key":"Odd Mushroom"}],"event_choices":[{"event_name":"Scrap Ooze","player_choice":"success","floor":2,"damage_taken":7},{"event_name":"Shining Light","player_choice":"Entered Light","floor":3,"damage_taken":0},{"event_name":"The Cleric","player_choice":"Healed","floor":13,"damage_taken":0},{"event_name":"Forgotten Altar","player_choice":"Smashed Altar","floor":28,"damage_taken":0},{"event_name":"Transmorgrifier","player_choice":"Transform","floor":37,"damage_taken":0},{"event_name":"Falling","player_choice":"Removed Attack","floor":38,"damage_taken":0},{"event_name":"SensoryStone","player_choice":"Memory 3","floor":42,"damage_taken":0},{"event_name":"Golden Wing","player_choice":"Gained Gold","floor":53,"damage_taken":0},{"event_name":"World of Goop","player_choice":"Gather Gold","floor":54,"damage_taken":0},{"event_name":"Mushrooms","player_choice":"Fought Mushrooms","floor":61,"damage_taken":0},{"event_name":"Shining Light","player_choice":"Entered Light","floor":64,"damage_taken":0},{"event_name":"Beggar","player_choice":"Ignored","floor":71,"damage_taken":0}],"boss_relics":[{"not_picked":["Astrolabe","Velvet Choker"],"picked":"Cursed Key"},{"not_picked":["Fusion Hammer","Pandora\u0027s Box"],"picked":"Philosopher\u0027s Stone"},{"not_picked":["Busted Crown","Snecko Eye"],"picked":"Sozu"},{"not_picked":["GraspOfShadows"],"picked":"BlightedDurian"}],"items_purged_floors":[36],"is_endless":true,"potions_floor_spawned":[1,8,14,19,21,22,33,41,46,59,61,63,65,69,73],"seed_played":"1001514292436949311","killed_by":"Gremlin Leader","ascension_level":0,"potions_obtained":[{"floor":1,"key":"SteroidPotion"},{"floor":8,"key":"Dexterity Potion"},{"floor":14,"key":"Explosive Potion"},{"floor":19,"key":"Swift Potion"},{"floor":21,"key":"PowerPotion"},{"floor":22,"key":"Strength Potion"},{"floor":33,"key":"GhostInAJar"},{"floor":41,"key":"Swift Potion"},{"floor":46,"key":"LiquidBronze"}],"is_trial":false}