{"gold_per_floor":[115,125,145,160,176,176,207,207,207,238,252,277,277,297,297,397,397,414,425,435,435,131,162,162,18,44,44,44],"floor_reached":28,"playtime":1499,"items_purged":["Strike_G","Strike_G"],"score":364,"play_id":"65672d5d-85ba-41a4-b9a7-e7766a9204a7","local_time":"20190419225207","is_ascension_mode":true,"campfire_choices":[{"data":"Envenom","floor":6,"key":"SMITH"},{"data":"Footwork","floor":8,"key":"SMITH"},{"data":"Noxious Fumes","floor":13,"key":"SMITH"},{"floor":15,"key":"REST"},{"floor":24,"key":"REST"},{"floor":27,"key":"REST"}],"neow_cost":"NONE","seed_source_timestamp":280206945448371,"circlet_count":0,"master_deck":["Defend_G","Defend_G","Defend_G","Defend_G","Defend_G","Strike_G","Survivor","Neutralize","Cloak And Dagger","Noxious Fumes+1","Footwork+1","Envenom+1","Blur","Deadly Poison","Dash","Corpse Explosion","Blade Dance","Leg Sweep","Infinite Blades+1","Noxious Fumes","Backflip+1","Accuracy","Backflip"],"relics":["Ring of the Snake","Blood Vial","Gremlin Horn","Art of War","Centennial Puzzle","Shuriken","Empty Cage","Snake Skull","Smiling Mask","Boot"],"potions_floor_usage":[12,12,16,18,18,20,28],"damage_taken":[{"damage":1,"enemies":"Cultist","floor":1,"turns":5},{"damage":0,"enemies":"Small Slimes","floor":2,"turns":4},{"damage":0,"enemies":"2 Louse","floor":3,"turns":3},{"damage":0,"enemies":"Blue Slaver","floor":4,"turns":5},{"damage":2,"enemies":"Large Slime","floor":5,"turns":7},{"damage":23,"enemies":"3 Sentries","floor":7,"turns":9},{"damage":7,"enemies":"Lagavulin","floor":10,"turns":10},{"damage":3,"enemies":"Looter","floor":11,"turns":3},{"damage":18,"enemies":"Gremlin Nob","floor":12,"turns":5},{"damage":6,"enemies":"Blue Slaver","floor":14,"turns":5},{"damage":8,"enemies":"The Guardian","floor":16,"turns":8},{"damage":21,"enemies":"2 Thieves","floor":18,"turns":3},{"damage":37,"enemies":"3 Byrds","floor":19,"turns":4},{"damage":8,"enemies":"Shelled Parasite and Fungi","floor":20,"turns":10},{"damage":21,"enemies":"Book of Stabbing","floor":23,"turns":8},{"damage":59,"enemies":"Slavers","floor":28,"turns":4}],"seed_played":"3484590964230253314","potions_obtained":[{"floor":5,"key":"Explosive Potion"},{"floor":7,"key":"EssenceOfSteel"},{"floor":11,"key":"Fire Potion"},{"floor":12,"key":"AttackPotion"},{"floor":14,"key":"Weak Potion"},{"floor":19,"key":"Poison Potion"},{"floor":23,"key":"Energy Potion"}],"is_trial":false,"path_per_floor":["M","M","?"],"character_chosen":"THE_SILENT","items_purchased":["Snake Skull","Noxious Fumes","Accuracy","Backflip"],"campfire_rested":3,"item_purchase_floors":[22,22,25,25],"current_hp_per_floor":[64,66,68,70,68,68,47,47,47,42,41,25,25,21,42,36,62,43,8,2,25,25,6,27,27,27,48,0],"gold":44,"neow_bonus":"RANDOM_COMMON_RELIC","is_prod":false,"is_daily":false,"chose_seed":false,"campfire_upgraded":3,"win_rate":0,"timestamp":1555689127,"path_taken":["M","M","?","M","M","R","E","R","T","E","M","E","R","M","R","BOSS","M","M","?","?","$","E","R","$","T","R","E"],"build_version":"2019-01-23","purchased_purges":2,"victory":false,"max_hp_per_floor":[70,70,70,70,70,70,70,70,70,70,70,70,70,70,70,70,70,70,70,70,70,70,70,70,70,70,70,70],"card_choices":[{"not_picked":["Underhanded Strike","Heel Hook"],"picked":"Cloak And Dagger","floor":1},{"not_picked":["Outmaneuver","Blade Dance"],"picked":"Noxious Fumes","floor":2},{"not_picked":["Acrobatics","Eviscerate"],"picked":"Footwork","floor":3},{"not_picked":["Slice","Underhanded Strike","Acrobatics"],"picked":"SKIP","floor":4},{"not_picked":["Finisher","Cloak And Dagger"],"picked":"Envenom","floor":5},{"not_picked":["Storm of Steel","Calculated Gamble"],"picked":"Blur","floor":7},{"not_picked":["Slice","Dagger Throw"],"picked":"Deadly Poison","floor":10},{"not_picked":["Expertise","Flying Knee","Choke"],"picked":"SKIP","floor":11},{"not_picked":["Blade Dance","Masterful Stab"],"picked":"Dash","floor":12},{"not_picked":["Riddle With Holes","Distraction","Skewer"],"picked":"SKIP","floor":14},{"not_picked":["Burst","Glass Knife"],"picked":"Corpse Explosion","floor":16},{"not_picked":["Slice+1","Dagger Spray"],"picked":"Blade Dance","floor":18},{"not_picked":["Riddle With Holes","Sucker Punch"],"picked":"Leg Sweep","floor":19},{"not_picked":["Slice","Flying Knee"],"picked":"Infinite Blades+1","floor":20},{"not_picked":["Deflect","Well Laid Plans+1"],"picked":"Backflip+1","floor":23}],"player_experience":275749,"relics_obtained":[{"floor":7,"key":"Gremlin Horn"},{"floor":9,"key":"Art of War"},{"floor":10,"key":"Centennial Puzzle"},{"floor":12,"key":"Shuriken"},{"floor":23,"key":"Smiling Mask"},{"floor":26,"key":"Boot"}],"event_choices":[{"damage_healed":23,"gold_gain":0,"player_choice":"Heal","damage_taken":0,"max_hp_gain":0,"max_hp_loss":0,"event_name":"The Library","floor":21,"gold_loss":0}],"is_beta":false,"boss_relics":[{"not_picked":["Runic Pyramid","Pandora\u0027s Box"],"picked":"Empty Cage"}],"items_purged_floors":[22,25],"is_endless":false,"potions_floor_spawned":[5,7,11,12,14,19,23],"killed_by":"Slavers","ascension_level":8}