{"gold_per_floor":[114,114,29,29,40,74,74,108,108,108,122,156,169,195,195,269,269,287,161,161,178,78,78,94,94,94,94,107,119,99,113,113,113],"floor_reached":33,"playtime":1385,"items_purged":["Strike_B","Strike_B"],"score":650,"play_id":"adc3e5da-7c8f-4c59-93fb-c161f9690527","local_time":"20190427175917","is_ascension_mode":true,"campfire_choices":[{"data":"Coolheaded","floor":7,"key":"SMITH"},{"floor":10,"key":"REST"},{"floor":15,"key":"REST"},{"floor":23,"key":"REST"},{"data":"Seek","floor":27,"key":"SMITH"},{"floor":32,"key":"REST"}],"neow_cost":"NONE","seed_source_timestamp":380848223779400,"circlet_count":0,"master_deck":["AscendersBane","Strike_B","Strike_B","Defend_B","Defend_B","Defend_B","Defend_B","Zap","Dualcast","Undo","Coolheaded+1","Ball Lightning","Genetic Algorithm","Buffer","Coolheaded","Seek+1","Coolheaded","Cold Snap","Ball Lightning","Blizzard"],"relics":["Cracked Core","DataDisk","Orichalcum","Incense Burner","Kunai","Thread and Needle","Frozen Egg 2","Lizard Tail","MutagenicStrength","Pear"],"potions_floor_usage":[8,8,8,12,16,18,24,31],"damage_taken":[{"damage":1,"enemies":"Small Slimes","floor":1,"turns":4},{"damage":0,"enemies":"Cultist","floor":5,"turns":3},{"damage":6,"enemies":"Lagavulin","floor":6,"turns":8},{"damage":32,"enemies":"Gremlin Nob","floor":8,"turns":5},{"damage":8,"enemies":"2 Louse","floor":11,"turns":2},{"damage":5,"enemies":"Lagavulin","floor":12,"turns":8},{"damage":0,"enemies":"Exordium Wildlife","floor":13,"turns":4},{"damage":1,"enemies":"Gremlin Nob","floor":14,"turns":4},{"damage":0,"enemies":"The Guardian","floor":16,"turns":12},{"damage":22,"enemies":"2 Thieves","floor":18,"turns":5},{"damage":31,"enemies":"3 Byrds","floor":21,"turns":8},{"damage":3,"enemies":"Centurion and Healer","floor":24,"turns":14},{"damage":0,"enemies":"Snake Plant","floor":28,"turns":4},{"damage":78,"enemies":"3 Cultists","floor":29,"turns":9},{"damage":0,"enemies":"Snecko","floor":31,"turns":8},{"damage":55,"enemies":"Champ","floor":33,"turns":17}],"seed_played":"4006460219006827526","potions_obtained":[{"floor":0,"key":"LiquidBronze"},{"floor":0,"key":"EntropicBrew"},{"floor":11,"key":"Strength Potion"},{"floor":13,"key":"SneckoOil"},{"floor":14,"key":"PowerPotion"},{"floor":21,"key":"SkillPotion"},{"floor":24,"key":"SkillPotion"},{"floor":29,"key":"AttackPotion"}],"is_trial":false,"path_per_floor":["M","?","$","?","M","E","R","E","T","R","M","E","M","E","R","B",null,"M","$","?","M","$","R","M","?","T","R","M","M","?","M","R","B"],"character_chosen":"DEFECT","items_purchased":["Coolheaded","Ball Lightning","Cold Snap"],"campfire_rested":4,"item_purchase_floors":[3,3,19],"current_hp_per_floor":[63,58,58,58,58,52,52,20,20,41,33,28,28,27,48,48,65,43,43,43,12,12,33,30,30,40,40,40,19,19,19,43,0],"gold":113,"neow_bonus":"THREE_SMALL_POTIONS","is_prod":false,"is_daily":false,"chose_seed":false,"campfire_upgraded":2,"win_rate":0,"timestamp":1556380757,"path_taken":["M","?","$","?","?","E","R","E","T","R","M","E","M","E","R","BOSS","M","$","?","M","$","R","M","?","T","R","?","M","?","?","R","BOSS"],"build_version":"2019-01-23","purchased_purges":2,"victory":false,"max_hp_per_floor":[71,71,71,71,71,71,71,71,71,71,71,71,71,71,71,71,71,71,71,71,71,71,71,71,71,81,81,81,81,81,81,81,81],"card_choices":[{"not_picked":["Steam","Reinforced Body"],"picked":"Undo","floor":1},{"not_picked":["Aggregate","Rebound","Go for the Eyes"],"picked":"SKIP","floor":5},{"not_picked":["Gash","Force Field"],"picked":"Genetic Algorithm","floor":6},{"not_picked":["Leap","Go for the Eyes"],"picked":"Buffer","floor":8},{"not_picked":["Turbo","Redo","Compile Driver"],"picked":"SKIP","floor":11},{"not_picked":["Streamline","Conserve Battery"],"picked":"Coolheaded","floor":12},{"not_picked":["Barrage","Chaos","Hyperbeam"],"picked":"SKIP","floor":13},{"not_picked":["Skim","Compile Driver","Hyperbeam"],"picked":"SKIP","floor":14},{"not_picked":["Rainbow","Meteor Strike"],"picked":"Seek","floor":16},{"not_picked":["FTL","Streamline"],"picked":"Coolheaded","floor":18},{"not_picked":["Steam","Gash"],"picked":"Ball Lightning","floor":21},{"not_picked":["White Noise","Steam","Beam Cell"],"picked":"SKIP","floor":24},{"not_picked":["Gash+1","Hologram","Steam"],"picked":"SKIP","floor":28},{"not_picked":["Multi-Cast","Cold Snap+1"],"picked":"Blizzard","floor":29},{"not_picked":["Go for the Eyes+1","Sweeping Beam","Redo"],"picked":"SKIP","floor":31}],"player_experience":637156,"relics_obtained":[{"floor":6,"key":"Orichalcum"},{"floor":8,"key":"Incense Burner"},{"floor":9,"key":"Kunai"},{"floor":12,"key":"Thread and Needle"},{"floor":14,"key":"Frozen Egg 2"},{"floor":26,"key":"Pear"}],"event_choices":[{"damage_healed":0,"gold_gain":0,"player_choice":"Success","damage_taken":5,"relics_obtained":["DataDisk"],"max_hp_gain":0,"max_hp_loss":0,"event_name":"Scrap Ooze","floor":2,"gold_loss":0},{"damage_healed":0,"gold_gain":0,"player_choice":"Got Potions","damage_taken":0,"max_hp_gain":0,"max_hp_loss":0,"event_name":"Lab","floor":4,"gold_loss":0},{"damage_healed":0,"gold_gain":0,"player_choice":"Inject Mutagens","damage_taken":0,"relics_obtained":["MutagenicStrength"],"max_hp_gain":0,"max_hp_loss":0,"event_name":"Drug Dealer","floor":20,"gold_loss":0},{"damage_healed":0,"gold_gain":0,"player_choice":"Ignored","damage_taken":0,"max_hp_gain":0,"max_hp_loss":0,"event_name":"N\u0027loth","floor":25,"gold_loss":0},{"damage_healed":0,"gold_gain":0,"player_choice":"Bought 1 Potion","damage_taken":0,"max_hp_gain":0,"max_hp_loss":0,"event_name":"The Woman in Blue","floor":30,"gold_loss":0}],"is_beta":false,"boss_relics":[{"not_picked":["Tiny House","Busted Crown"],"picked":"Lizard Tail"}],"items_purged_floors":[19,22],"is_endless":false,"potions_floor_spawned":[5,11,13,14,21,24,29],"killed_by":"Champ","ascension_level":20}