{"gold_per_floor":[361,361,21,21,21,55,65,65,65,15,41,41,74,74,74,74],"floor_reached":16,"playtime":474,"items_purged":["Tempest"],"score":171,"play_id":"27687a98-a424-4bbc-af9c-6533e6b73ef5","local_time":"20190412011700","is_ascension_mode":true,"campfire_choices":[{"floor":8,"key":"REST"},{"floor":15,"key":"REST"}],"neow_cost":"CURSE","seed_source_timestamp":36038329242738,"circlet_count":0,"master_deck":["AscendersBane","Strike_B","Strike_B","Strike_B","Strike_B","Defend_B","Defend_B","Defend_B","Defend_B","Hyperbeam","Sunder+1","Steam","Hologram","Melter"],"relics":["Cracked Core","Omamori","Ancient Tea Set","PreservedInsect","Mummified Hand"],"potions_floor_usage":[6,16],"damage_taken":[{"damage":9,"enemies":"Jaw Worm","floor":1,"turns":3},{"damage":30,"enemies":"Lagavulin","floor":6,"turns":8},{"damage":0,"enemies":"Cultist","floor":7,"turns":2},{"damage":5,"enemies":"3 Sentries","floor":11,"turns":5},{"damage":26,"enemies":"Lagavulin","floor":13,"turns":4},{"damage":36,"enemies":"The Guardian","floor":16,"turns":8}],"seed_played":"-6147348784212627008","potions_obtained":[{"floor":1,"key":"Block Potion"},{"floor":11,"key":"Strength Potion"}],"is_trial":false,"path_per_floor":["M","?","$","?","?","E","M","R","T","?","E","$","E","?","R","B"],"character_chosen":"DEFECT","items_purchased":["Hyperbeam","Sunder","Steam"],"campfire_rested":2,"item_purchase_floors":[3,3,3],"current_hp_per_floor":[59,59,59,59,52,22,22,44,44,44,39,39,13,13,35,0],"gold":74,"neow_bonus":"TWO_FIFTY_GOLD","is_prod":false,"is_daily":false,"chose_seed":false,"campfire_upgraded":0,"win_rate":0,"timestamp":1555042620,"path_taken":["M","?","$","?","?","E","M","R","T","?","E","$","E","?","R","BOSS"],"build_version":"2019-01-23","purchased_purges":1,"victory":false,"max_hp_per_floor":[75,75,75,75,75,75,75,75,75,75,75,75,75,75,75,75],"card_choices":[{"not_picked":["Undo","Skim"],"picked":"Tempest","floor":1},{"not_picked":["Turbo","White Noise"],"picked":"Hologram","floor":6},{"not_picked":["Compile Driver","Ball Lightning","Fusion"],"picked":"SKIP","floor":7},{"not_picked":["Self Repair","Skim"],"picked":"Melter","floor":11},{"not_picked":["Rainbow","Static Discharge","Ball Lightning"],"picked":"SKIP","floor":13}],"player_experience":613436,"relics_obtained":[{"floor":6,"key":"Omamori"},{"floor":9,"key":"Ancient Tea Set"},{"floor":11,"key":"PreservedInsect"},{"floor":13,"key":"Mummified Hand"}],"event_choices":[{"cards_removed":["Doubt"],"damage_healed":0,"gold_gain":0,"player_choice":"Removed Curses","damage_taken":0,"max_hp_gain":0,"max_hp_loss":0,"event_name":"Fountain of Cleansing","floor":2,"gold_loss":0},{"damage_healed":0,"gold_gain":0,"player_choice":"Grow","damage_taken":0,"max_hp_gain":0,"max_hp_loss":0,"event_name":"Living Wall","floor":4,"gold_loss":0,"cards_upgraded":["Sunder"]},{"cards_removed":["Zap"],"damage_healed":0,"gold_gain":0,"player_choice":"Card Removal","damage_taken":7,"max_hp_gain":0,"max_hp_loss":0,"event_name":"Golden Wing","floor":5,"gold_loss":0},{"cards_removed":["Dualcast"],"damage_healed":0,"gold_gain":0,"player_choice":"Card Removal","damage_taken":0,"max_hp_gain":0,"max_hp_loss":0,"event_name":"The Cleric","floor":10,"gold_loss":50},{"damage_healed":0,"gold_gain":0,"player_choice":"Ignored","damage_taken":0,"max_hp_gain":0,"max_hp_loss":0,"event_name":"Shining Light","floor":14,"gold_loss":0}],"is_beta":false,"boss_relics":[],"items_purged_floors":[3],"is_endless":false,"potions_floor_spawned":[1,11],"killed_by":"The Guardian","ascension_level":10}