{"gold_per_floor":[113,123,136,153,153,153,167,200,200,211,211],"floor_reached":11,"playtime":346,"items_purged":[],"score":146,"play_id":"11e7b27a-30db-4050-9cfa-e63cf806e50a","local_time":"20181211131629","is_ascension_mode":true,"campfire_choices":[{"data":"Zap","floor":6,"key":"SMITH"}],"neow_cost":"NONE","seed_source_timestamp":94229292234784,"circlet_count":0,"master_deck":["AscendersBane","Strike_B","Strike_B","Strike_B","Strike_B","Defend_B","Defend_B","Defend_B","Defend_B","Zap+1","Dualcast","Leap","Leap","Rebound","Self Repair","Electrodynamics","Tempest","Go for the Eyes"],"relics":["Cracked Core","NeowsBlessing","Oddly Smooth Stone","Potion Belt"],"potions_floor_usage":[8,8],"damage_taken":[{"damage":0,"enemies":"2 Louse","floor":1,"turns":1},{"damage":0,"enemies":"Cultist","floor":2,"turns":1},{"damage":0,"enemies":"Jaw Worm","floor":3,"turns":1},{"damage":4,"enemies":"Exordium Thugs","floor":4,"turns":6},{"damage":8,"enemies":"Large Slime","floor":7,"turns":5},{"damage":45,"enemies":"Lagavulin","floor":8,"turns":8},{"damage":6,"enemies":"Looter","floor":10,"turns":3},{"damage":11,"enemies":"Gremlin Gang","floor":11,"turns":2}],"seed_played":"-4550508452638846989","potions_obtained":[{"floor":2,"key":"GamblersBrew"},{"floor":4,"key":"Ancient Potion"},{"floor":10,"key":"Weak Potion"}],"is_trial":false,"path_per_floor":["M","M","M","M","?","R","M","E","T","M","M"],"character_chosen":"DEFECT","items_purchased":[],"campfire_rested":0,"item_purchase_floors":[],"current_hp_per_floor":[64,64,64,60,56,56,55,17,17,11,0],"gold":211,"neow_bonus":"THREE_ENEMY_KILL","is_prod":false,"is_daily":false,"chose_seed":false,"campfire_upgraded":1,"win_rate":0,"timestamp":1544530589,"path_taken":["M","M","M","M","?","R","M","E","T","?","M"],"build_version":"2018-12-06","purchased_purges":0,"victory":false,"max_hp_per_floor":[71,71,71,71,71,71,71,71,71,71,71],"card_choices":[{"not_picked":["Sweeping Beam","Barrage"],"picked":"Leap","floor":1},{"not_picked":["Scrape","Stack"],"picked":"Leap","floor":2},{"not_picked":["Barrage","Go for the Eyes"],"picked":"Rebound","floor":3},{"not_picked":["Redo","Recycle"],"picked":"Self Repair","floor":4},{"not_picked":["Static Discharge","Chill"],"picked":"Electrodynamics","floor":7},{"not_picked":["Double Energy","Rebound"],"picked":"Tempest","floor":8},{"not_picked":["Stack","Coolheaded"],"picked":"Go for the Eyes","floor":10}],"player_experience":939764,"relics_obtained":[{"floor":8,"key":"Oddly Smooth Stone"},{"floor":9,"key":"Potion Belt"}],"event_choices":[{"damage_healed":0,"gold_gain":0,"player_choice":"Bought 0 Potions","damage_taken":0,"max_hp_gain":0,"max_hp_loss":0,"event_name":"The Woman in Blue","floor":5,"gold_loss":0}],"is_beta":false,"boss_relics":[],"items_purged_floors":[],"is_endless":false,"potions_floor_spawned":[2,4,7,10],"killed_by":"Gremlin Gang","ascension_level":18}