{"gold_per_floor":[117,58,58,76,76,108,108,139,139,139,151,151,171,184,184,259,259,269,269,289,204,141,153,165],"floor_reached":24,"playtime":738,"items_purged":[],"score":408,"play_id":"2f61b62b-98ca-4b4f-8452-b43d4b5bfdfc","local_time":"20190427182715","is_ascension_mode":true,"campfire_choices":[{"floor":7,"key":"REST"},{"data":"Sunder","floor":10,"key":"SMITH"},{"data":"Loop","floor":15,"key":"SMITH"},{"floor":23,"key":"REST"}],"neow_cost":"NONE","seed_source_timestamp":383171679180600,"circlet_count":0,"master_deck":["AscendersBane","Strike_B+1","Defend_B","Defend_B+1","Defend_B","Defend_B","Zap+1","Dualcast","Conserve Battery","Cold Snap+1","Leap","Sunder+1","Glacier","FTL","Loop+1","Biased Cognition","Barrage","Scrape","Consume"],"relics":["Cracked Core","Potion Belt","Pear","Pantograph","Inserter","MawBank"],"potions_floor_usage":[16,16,24],"damage_taken":[{"damage":7,"enemies":"Cultist","floor":1,"turns":4},{"damage":8,"enemies":"Small Slimes","floor":4,"turns":3},{"damage":17,"enemies":"Lagavulin","floor":6,"turns":7},{"damage":8,"enemies":"3 Sentries","floor":8,"turns":10},{"damage":0,"enemies":"2 Louse","floor":11,"turns":1},{"damage":0,"enemies":"Blue Slaver","floor":13,"turns":3},{"damage":3,"enemies":"Exordium Thugs","floor":14,"turns":5},{"damage":42,"enemies":"Slime Boss","floor":16,"turns":15},{"damage":28,"enemies":"3 Byrds","floor":18,"turns":6},{"damage":1,"enemies":"Chosen","floor":20,"turns":5},{"damage":63,"enemies":"Slavers","floor":24,"turns":3}],"seed_played":"-7648752493849976429","potions_obtained":[{"floor":4,"key":"GamblersBrew"},{"floor":6,"key":"Swift Potion"},{"floor":11,"key":"Swift Potion"},{"floor":13,"key":"Block Potion"},{"floor":14,"key":"Block Potion"},{"floor":18,"key":"Explosive Potion"}],"is_trial":false,"path_per_floor":["M","$","?","M","?","E","R","E","T","R","M","?","M","M","R","B",null,"M","?","M","?","?","R","E"],"character_chosen":"DEFECT","items_purchased":["Cold Snap"],"campfire_rested":2,"item_purchase_floors":[2],"current_hp_per_floor":[57,57,57,49,28,11,32,34,34,34,34,27,27,24,24,7,63,35,35,34,34,34,58,0],"gold":165,"neow_bonus":"UPGRADE_CARD","is_prod":false,"is_daily":false,"chose_seed":false,"campfire_upgraded":2,"win_rate":0,"timestamp":1556382435,"path_taken":["M","$","?","M","?","E","R","E","T","R","M","?","M","M","R","BOSS","M","?","?","?","?","R","E"],"build_version":"2019-01-23","purchased_purges":0,"victory":false,"max_hp_per_floor":[71,71,71,71,71,71,71,81,81,81,81,81,81,81,81,81,81,81,81,81,81,81,81,81],"card_choices":[{"not_picked":["Coolheaded","Rebound"],"picked":"Conserve Battery","floor":1},{"not_picked":["Barrage","Steam Power"],"picked":"Leap","floor":4},{"not_picked":["Undo","Rebound"],"picked":"Sunder","floor":6},{"not_picked":["Recycle","Creative AI"],"picked":"Glacier","floor":8},{"not_picked":["Reinforced Body","Hologram"],"picked":"FTL","floor":11},{"not_picked":["Beam Cell","Gash","Aggregate"],"picked":"SKIP","floor":13},{"not_picked":["Coolheaded","Leap"],"picked":"Loop","floor":14},{"not_picked":["Machine Learning","Seek"],"picked":"Biased Cognition","floor":16},{"not_picked":["Stack","Conserve Battery"],"picked":"Barrage","floor":18},{"not_picked":["Go for the Eyes","Barrage"],"picked":"Consume","floor":20}],"player_experience":638541,"relics_obtained":[{"floor":6,"key":"Potion Belt"},{"floor":8,"key":"Pear"},{"floor":9,"key":"Pantograph"}],"event_choices":[{"damage_healed":0,"gold_gain":0,"player_choice":"Grow","damage_taken":0,"max_hp_gain":0,"max_hp_loss":0,"event_name":"Living Wall","floor":3,"gold_loss":0,"cards_upgraded":["Cold Snap"]},{"damage_healed":0,"gold_gain":0,"player_choice":"Entered Light","damage_taken":21,"max_hp_gain":0,"max_hp_loss":0,"event_name":"Shining Light","floor":5,"gold_loss":0,"cards_upgraded":["Strike_B","Defend_B"]},{"cards_removed":["Strike_B"],"damage_healed":0,"gold_gain":0,"player_choice":"Card Removal","damage_taken":7,"max_hp_gain":0,"max_hp_loss":0,"event_name":"Golden Wing","floor":12,"gold_loss":0},{"damage_healed":0,"gold_gain":0,"cards_transformed":["Strike_B"],"player_choice":"Transformed","damage_taken":0,"max_hp_gain":0,"max_hp_loss":0,"event_name":"Transmorgrifier","floor":19,"gold_loss":0,"cards_obtained":["Scrape"]},{"damage_healed":0,"gold_gain":0,"player_choice":"Obtained Relic","damage_taken":0,"relics_obtained":["MawBank"],"max_hp_gain":0,"max_hp_loss":0,"event_name":"Addict","floor":21,"gold_loss":85},{"cards_removed":["Strike_B"],"damage_healed":0,"gold_gain":0,"player_choice":"Gave Gold","damage_taken":0,"max_hp_gain":0,"max_hp_loss":0,"event_name":"Beggar","floor":22,"gold_loss":75}],"is_beta":false,"boss_relics":[{"not_picked":["Coffee Dripper","Sozu"],"picked":"Inserter"}],"items_purged_floors":[],"is_endless":false,"potions_floor_spawned":[4,6,11,13,14,18],"killed_by":"Slavers","ascension_level":20}