{"gold_per_floor":[115,115,127,3,22,22,40,56,56,88,88,119,119,152,152,226,226,245,245,160,210,4,4],"floor_reached":23,"playtime":1419,"items_purged":[],"score":362,"play_id":"c53b49dd-fe9c-4e5e-b28d-d24e062e4096","local_time":"20190424221309","is_ascension_mode":true,"campfire_choices":[{"data":"Footwork","floor":6,"key":"SMITH"},{"data":"Malaise","floor":13,"key":"SMITH"},{"data":"All Out Attack","floor":15,"key":"SMITH"}],"neow_cost":"NONE","seed_source_timestamp":11863841968970,"circlet_count":0,"master_deck":["AscendersBane","Defend_G","Defend_G","Defend_G","Defend_G","Defend_G","Strike_G","Strike_G","Strike_G","Strike_G","Strike_G","Survivor","Neutralize+1","Dash","Footwork+1","Dagger Throw","All Out Attack+1","Malaise+1","Adrenaline+1","Bullet Time+1","PiercingWail+1"],"relics":["Ring of the Serpent","Singing Bowl","Happy Flower","Turnip","Toxic Egg 2","Gremlin Horn","Lee\u0027s Waffle"],"potions_floor_usage":[14,16,23],"damage_taken":[{"damage":3,"enemies":"Cultist","floor":1,"turns":5},{"damage":7,"enemies":"Small Slimes","floor":3,"turns":5},{"damage":0,"enemies":"Jaw Worm","floor":5,"turns":3},{"damage":1,"enemies":"Looter","floor":7,"turns":4},{"damage":3,"enemies":"Exordium Thugs","floor":8,"turns":6},{"damage":7,"enemies":"3 Sentries","floor":10,"turns":9},{"damage":11,"enemies":"Lagavulin","floor":12,"turns":9},{"damage":23,"enemies":"Gremlin Nob","floor":14,"turns":5},{"damage":2,"enemies":"Hexaghost","floor":16,"turns":14},{"damage":14,"enemies":"3 Byrds","floor":18,"turns":7},{"damage":85,"enemies":"Gremlin Leader","floor":23,"turns":10}],"seed_played":"8035088446936291527","potions_obtained":[{"floor":1,"key":"Regen Potion"},{"floor":5,"key":"Strength Potion"},{"floor":18,"key":"Regen Potion"}],"is_trial":false,"path_per_floor":["M","?","M","$","M","R","M","M","T","E","?","E","R","E","R","B",null,"M","?","?","?","$","E"],"character_chosen":"THE_SILENT","items_purchased":["Footwork","Dagger Throw","Lee\u0027s Waffle"],"campfire_rested":0,"item_purchase_floors":[4,4,22],"current_hp_per_floor":[56,56,49,49,49,49,48,45,45,38,38,29,29,11,11,9,53,39,39,39,39,75,0],"gold":4,"neow_bonus":"THREE_CARDS","is_prod":false,"is_daily":false,"chose_seed":false,"campfire_upgraded":3,"win_rate":0,"timestamp":1556154789,"path_taken":["M","?","M","$","M","R","?","M","T","E","?","E","R","E","R","BOSS","M","?","?","?","$","E"],"build_version":"2019-01-23","purchased_purges":0,"victory":false,"max_hp_per_floor":[66,66,66,66,66,66,66,66,66,66,66,68,68,68,68,68,68,68,68,68,68,75,75],"card_choices":[{"not_picked":["Escape Plan","Infinite Blades","Slice"],"picked":"SKIP","floor":1},{"not_picked":["Blade Dance","PiercingWail"],"picked":"Dash","floor":3},{"not_picked":["Setup","Blur"],"picked":"All Out Attack","floor":5},{"not_picked":["Underhanded Strike","Slice","Deadly Poison"],"picked":"SKIP","floor":7},{"not_picked":["Choke","Infinite Blades","Flechettes"],"picked":"SKIP","floor":8},{"not_picked":["Doppelganger","Choke"],"picked":"Malaise","floor":10},{"not_picked":["Quick Slash","Bane","Prepared"],"picked":"Singing Bowl","floor":12},{"not_picked":["Poisoned Stab","Bane"],"picked":"Adrenaline","floor":14},{"not_picked":["Wraith Form v2","Corpse Explosion+1"],"picked":"Bullet Time+1","floor":16},{"not_picked":["Endless Agony","Deadly Poison+1"],"picked":"PiercingWail+1","floor":18}],"player_experience":748842,"relics_obtained":[{"floor":9,"key":"Singing Bowl"},{"floor":10,"key":"Happy Flower"},{"floor":12,"key":"Turnip"},{"floor":14,"key":"Toxic Egg 2"}],"event_choices":[{"damage_healed":0,"gold_gain":0,"player_choice":"Upgraded","damage_taken":0,"max_hp_gain":0,"max_hp_loss":0,"event_name":"Upgrade Shrine","floor":2,"gold_loss":0,"cards_upgraded":["Neutralize"]},{"damage_healed":0,"gold_gain":0,"player_choice":"Ignored","damage_taken":0,"max_hp_gain":0,"max_hp_loss":0,"event_name":"Liars Game","floor":11,"gold_loss":0},{"damage_healed":0,"gold_gain":0,"player_choice":"Ignored","damage_taken":0,"max_hp_gain":0,"max_hp_loss":0,"event_name":"Ghosts","floor":19,"gold_loss":0},{"damage_healed":0,"gold_gain":0,"player_choice":"Obtained Relic","damage_taken":0,"relics_obtained":["Gremlin Horn"],"max_hp_gain":0,"max_hp_loss":0,"event_name":"Addict","floor":20,"gold_loss":85},{"damage_healed":0,"gold_gain":50,"player_choice":"Stole From Cult","damage_taken":0,"max_hp_gain":0,"max_hp_loss":0,"event_name":"Nest","floor":21,"gold_loss":0}],"is_beta":false,"boss_relics":[{"not_picked":["Philosopher\u0027s Stone","WristBlade"],"picked":"Ring of the Serpent"}],"items_purged_floors":[],"is_endless":false,"potions_floor_spawned":[1,5,12,18],"killed_by":"Gremlin Leader","ascension_level":15}