{"gold_per_floor":[119,119,119,138,62,101,101,132,186,227,227,246,171,191,191,284,284,308,327,252,11,24,65,65,65,65,30,65,17,17],"floor_reached":30,"playtime":1169,"items_purged":[],"score":541,"play_id":"19d0bb57-fc3d-48ac-aa2a-b424c1b9541b","local_time":"20181128135700","is_ascension_mode":true,"campfire_choices":[{"data":"Havoc","floor":7,"key":"SMITH"},{"floor":11,"key":"REST"},{"data":"Body Slam","floor":15,"key":"SMITH"},{"data":"True Grit","floor":24,"key":"SMITH"}],"neow_cost":"NONE","seed_source_timestamp":183285351785600,"circlet_count":0,"master_deck":["AscendersBane","Strike_R","Strike_R","Strike_R","Strike_R","Defend_R","Defend_R","Defend_R","Defend_R","Bash","Cleave+1","Flame Barrier","Shrug It Off","Havoc+1","Twin Strike","Clothesline","Body Slam+1","Impervious","Evolve","True Grit+1","Shame","Shockwave","Warcry"],"relics":["Burning Blood","NeowsBlessing","Golden Idol","Regal Pillow","Art of War","Strawberry","Bronze Scales","Velvet Choker","Meat on the Bone","Bottled Lightning","PreservedInsect","Letter Opener","Anchor"],"potions_floor_usage":[10,22,22,23],"damage_taken":[{"damage":0,"enemies":"Small Slimes","floor":1,"turns":1},{"damage":0,"enemies":"Jaw Worm","floor":4,"turns":1},{"damage":0,"enemies":"Gremlin Nob","floor":6,"turns":1},{"damage":58,"enemies":"Lagavulin","floor":8,"turns":8},{"damage":22,"enemies":"Gremlin Nob","floor":10,"turns":5},{"damage":0,"enemies":"2 Louse","floor":12,"turns":1},{"damage":3,"enemies":"Looter","floor":14,"turns":3},{"damage":49,"enemies":"Hexaghost","floor":16,"turns":12},{"damage":4,"enemies":"2 Thieves","floor":18,"turns":5},{"damage":12,"enemies":"3 Byrds","floor":19,"turns":4},{"damage":34,"enemies":"Cultist and Chosen","floor":22,"turns":6},{"damage":48,"enemies":"Gremlin Leader","floor":23,"turns":10},{"damage":28,"enemies":"Slavers","floor":28,"turns":4},{"damage":22,"enemies":"Book of Stabbing","floor":30,"turns":3}],"seed_played":"2937834779775305228","potions_obtained":[{"floor":1,"key":"Weak Potion"},{"floor":4,"key":"SpeedPotion"},{"floor":6,"key":"PowerPotion"},{"floor":14,"key":"Weak Potion"},{"floor":22,"key":"Regen Potion"}],"is_trial":false,"path_per_floor":["M","?","?","M","$","E","R","E","T","E","R","M","?","M","R","B",null,"M","M","?","$","M","E","R","?","T","$","E","$","E"],"character_chosen":"IRONCLAD","items_purchased":["Shrug It Off","Havoc","Meat on the Bone","Shockwave","Warcry"],"campfire_rested":1,"item_purchase_floors":[5,5,21,27,29],"current_hp_per_floor":[74,74,74,75,75,75,75,23,30,14,53,59,59,62,62,19,66,68,62,62,62,46,31,31,31,31,31,21,21,0],"gold":17,"neow_bonus":"THREE_ENEMY_KILL","is_prod":false,"is_daily":false,"chose_seed":false,"campfire_upgraded":3,"win_rate":0,"timestamp":1543409820,"path_taken":["M","?","?","M","$","E","R","E","T","E","R","M","?","M","R","BOSS","M","M","?","$","M","E","R","?","T","$","E","?","E"],"build_version":"2018-11-15","purchased_purges":0,"victory":false,"max_hp_per_floor":[75,75,75,75,75,75,75,75,82,82,82,82,82,82,82,82,82,82,82,82,82,82,82,82,82,82,82,82,82,82],"card_choices":[{"not_picked":["Whirlwind","Heavy Blade"],"picked":"Cleave","floor":1},{"not_picked":["Metallicize","Carnage"],"picked":"Flame Barrier","floor":4},{"not_picked":["Sentinel","Searing Blow"],"picked":"Twin Strike","floor":6},{"not_picked":["Second Wind","Body Slam"],"picked":"Clothesline","floor":8},{"not_picked":["Armaments","Flame Barrier"],"picked":"Body Slam","floor":10},{"not_picked":["Thunderclap","Exhume","Sword Boomerang"],"picked":"SKIP","floor":12},{"not_picked":["Twin Strike","Flex","Clothesline"],"picked":"SKIP","floor":14},{"not_picked":["Fiend Fire","Limit Break"],"picked":"Impervious","floor":16},{"not_picked":["Carnage","Twin Strike","Clothesline"],"picked":"SKIP","floor":18},{"not_picked":["Cleave","Clash","Body Slam"],"picked":"SKIP","floor":19},{"not_picked":["Iron Wave","Feed"],"picked":"Evolve","floor":22},{"not_picked":["Sword Boomerang","Pommel Strike"],"picked":"True Grit","floor":23},{"not_picked":["Whirlwind","Rupture","Ghostly Armor"],"picked":"SKIP","floor":28}],"player_experience":870554,"relics_obtained":[{"floor":6,"key":"Regal Pillow"},{"floor":8,"key":"Art of War"},{"floor":9,"key":"Strawberry"},{"floor":10,"key":"Bronze Scales"},{"floor":23,"key":"Bottled Lightning"},{"floor":26,"key":"Letter Opener"},{"floor":28,"key":"Anchor"}],"event_choices":[{"damage_healed":0,"gold_gain":0,"player_choice":"Take Wound","damage_taken":0,"relics_obtained":["Golden Idol"],"max_hp_gain":0,"max_hp_loss":0,"event_name":"Golden Idol","floor":2,"gold_loss":0,"cards_obtained":["Injury"]},{"damage_healed":0,"gold_gain":0,"player_choice":"Grow","damage_taken":0,"max_hp_gain":0,"max_hp_loss":0,"event_name":"Living Wall","floor":3,"gold_loss":0,"cards_upgraded":["Cleave"]},{"cards_removed":["Injury"],"damage_healed":0,"gold_gain":0,"player_choice":"Card Removal","damage_taken":0,"max_hp_gain":0,"max_hp_loss":0,"event_name":"The Cleric","floor":13,"gold_loss":75},{"cards_removed":["Strike_R"],"damage_healed":0,"gold_gain":0,"player_choice":"Gave Gold","damage_taken":0,"max_hp_gain":0,"max_hp_loss":0,"event_name":"Beggar","floor":20,"gold_loss":75},{"damage_healed":0,"gold_gain":0,"player_choice":"Stole Relic","damage_taken":0,"relics_obtained":["PreservedInsect"],"max_hp_gain":0,"max_hp_loss":0,"event_name":"Addict","floor":25,"gold_loss":0,"cards_obtained":["Shame"]}],"is_beta":false,"boss_relics":[{"not_picked":["Sozu","Black Blood"],"picked":"Velvet Choker"}],"items_purged_floors":[],"is_endless":false,"potions_floor_spawned":[1,4,6,14,18,22],"killed_by":"Book of Stabbing","ascension_level":15}