{"gold_per_floor":[116,116,116,126,143,143,119,119,146,164,164,199,211,211,211,211],"floor_reached":16,"playtime":500,"items_purged":[],"score":140,"play_id":"7c1a8794-d46f-41df-85fb-686640298be5","local_time":"20180905131521","is_ascension_mode":true,"campfire_choices":[{"data":"Pummel","floor":6,"key":"SMITH"},{"data":"Seeing Red","floor":11,"key":"SMITH"},{"data":"Thunderclap","floor":15,"key":"SMITH"}],"neow_cost":"NONE","seed_source_timestamp":65692477049705,"circlet_count":0,"master_deck":["Strike_R","Strike_R","Strike_R","Strike_R","Strike_R","Defend_R","Defend_R","Defend_R","Defend_R","Bash+1","Twin Strike","Pummel+1","Clothesline","Seeing Red+1","Thunderclap+1","Feed"],"relics":["Burning Blood","NeowsBlessing","Boot","Shuriken"],"potions_floor_usage":[12,16,16,16],"damage_taken":[{"damage":0,"enemies":"Jaw Worm","floor":1,"turns":1},{"damage":0,"enemies":"Cultist","floor":4,"turns":1},{"damage":0,"enemies":"2 Louse","floor":5,"turns":1},{"damage":17,"enemies":"Lots of Slimes","floor":10,"turns":4},{"damage":8,"enemies":"Gremlin Nob","floor":12,"turns":3},{"damage":12,"enemies":"2 Fungi Beasts","floor":13,"turns":3},{"damage":71,"enemies":"Hexaghost","floor":16,"turns":9}],"seed_played":"7295071280682398594","potions_obtained":[{"floor":4,"key":"GamblersBrew"},{"floor":5,"key":"BloodPotion"},{"floor":10,"key":"Explosive Potion"},{"floor":13,"key":"Fire Potion"}],"is_trial":false,"path_per_floor":["M","?","?","M","M","R","$","?","T","M","R","E","M","$","R"],"character_chosen":"IRONCLAD","items_purchased":["Clothesline"],"campfire_rested":0,"item_purchase_floors":[7],"current_hp_per_floor":[78,78,80,80,80,80,80,80,80,69,69,67,61,61,61,0],"gold":211,"neow_bonus":"THREE_ENEMY_KILL","is_prod":false,"is_daily":false,"chose_seed":false,"campfire_upgraded":3,"win_rate":0,"timestamp":1536146121,"path_taken":["M","?","?","M","M","R","$","?","T","M","R","E","?","?","R","BOSS"],"build_version":"2018-08-30","purchased_purges":0,"victory":false,"max_hp_per_floor":[80,80,80,80,80,80,80,80,80,80,80,80,80,80,80,80],"card_choices":[{"not_picked":["Clash","Headbutt"],"picked":"Dropkick","floor":1},{"not_picked":["Power Through","Clash"],"picked":"Twin Strike","floor":4},{"not_picked":["Havoc","Corruption"],"picked":"Pummel","floor":5},{"not_picked":["True Grit","Rupture"],"picked":"Seeing Red","floor":10},{"not_picked":["Ghostly Armor","Flex"],"picked":"Thunderclap","floor":12},{"not_picked":["Armaments","Combust"],"picked":"Feed","floor":13}],"player_experience":310315,"relics_obtained":[{"floor":9,"key":"Boot"},{"floor":12,"key":"Shuriken"}],"event_choices":[{"event_name":"Living Wall","player_choice":"Grow","floor":2,"damage_taken":0},{"event_name":"Bonfire Elementals","player_choice":"UNCOMMON","floor":3,"damage_taken":0},{"event_name":"Liars Game","player_choice":"disagreed","floor":8,"damage_taken":0}],"is_beta":false,"boss_relics":[],"items_purged_floors":[],"is_endless":false,"potions_floor_spawned":[4,5,10,13],"killed_by":"Hexaghost","ascension_level":8}