{"gold_per_floor":[110,110,110,210,226,257,257,281,281,51,51,5,46,46,46,169,169,182,220,220,220,244,282,282,323,335,347,399,426,348,373,385,527,539,565,636,672,700,712,758,770,798,884,896,929,85,99,142,142,142],"floor_reached":51,"playtime":2561,"items_purged":["Strike_R"],"score":1033,"play_id":"3c4ea363-df14-4467-88f0-682d063e4126","local_time":"20190206005840","is_ascension_mode":true,"campfire_choices":[{"floor":7,"key":"REST"},{"floor":15,"key":"REST"},{"floor":24,"key":"REST"},{"floor":27,"key":"REST"},{"floor":32,"key":"REST"},{"floor":41,"key":"RECALL"},{"data":"Limit Break","floor":49,"key":"SMITH"}],"neow_cost":"NONE","seed_source_timestamp":1896088228177400,"circlet_count":0,"master_deck":["Strike_R","Strike_R","Defend_R","Defend_R","Defend_R+1","Defend_R","Bash","Pommel Strike","Clothesline","Juggernaut","Sword Boomerang","Inflame","Limit Break+1","Swift Strike","Sword Boomerang","Shrug It Off","Armaments","Immolate+1","Shrug It Off+1","Flex+1","Seeing Red","Shockwave","RitualDagger","Rage+1","Shrug It Off+1","Metallicize","Iron Wave+1","Iron Wave+1","Limit Break+1","Heavy Blade","Inflame","Inflame+1","Shrug It Off","Reaper+1","Flame Barrier+1","Battle Trance","Flex+1","Shockwave+1","Flex+1","Havoc+1","Intimidate","Corruption+1","Flame Barrier+1","Inflame","Dark Shackles","Battle Trance"],"relics":["Burning Blood","Golden Idol","Gremlin Horn","Dream Catcher","Question Card","Prayer Wheel","Incense Burner","Philosopher\u0027s Stone","Red Mask","Self Forming Clay","MawBank","Ginger","Bag of Marbles","Coffee Dripper","Magic Flower","NlothsMask","Centennial Puzzle","ClockworkSouvenir","Gambling Chip","War Paint","Whetstone"],"potions_floor_usage":[6,28,33,33,36],"damage_taken":[{"damage":11,"enemies":"2 Louse","floor":1,"turns":3},{"damage":4,"enemies":"Jaw Worm","floor":5,"turns":3},{"damage":54,"enemies":"3 Sentries","floor":6,"turns":8},{"damage":1,"enemies":"Small Slimes","floor":8,"turns":4},{"damage":20,"enemies":"Lagavulin","floor":13,"turns":6},{"damage":53,"enemies":"The Guardian","floor":16,"turns":8},{"damage":9,"enemies":"Chosen","floor":18,"turns":4},{"damage":14,"enemies":"Masked Bandits","floor":19,"turns":2},{"damage":18,"enemies":"2 Thieves","floor":22,"turns":4},{"damage":23,"enemies":"Book of Stabbing","floor":23,"turns":5},{"damage":14,"enemies":"Gremlin Leader","floor":25,"turns":5},{"damage":20,"enemies":"Slavers","floor":28,"turns":4},{"damage":29,"enemies":"Snake Plant","floor":29,"turns":4},{"damage":21,"enemies":"Shelled Parasite and Fungi","floor":31,"turns":3},{"damage":28,"enemies":"Automaton","floor":33,"turns":8},{"damage":8,"enemies":"3 Darklings","floor":35,"turns":3},{"damage":5,"enemies":"2 Orb Walkers","floor":36,"turns":2},{"damage":4,"enemies":"Orb Walker","floor":37,"turns":2},{"damage":5,"enemies":"3 Darklings","floor":38,"turns":3},{"damage":23,"enemies":"Nemesis","floor":40,"turns":7},{"damage":0,"enemies":"Spire Growth","floor":42,"turns":3},{"damage":13,"enemies":"Transient","floor":45,"turns":5},{"damage":0,"enemies":"Jaw Worm Horde","floor":47,"turns":2},{"damage":0,"enemies":"Reptomancer","floor":48,"turns":2},{"damage":69,"enemies":"Awakened One","floor":50,"turns":11}],"seed_played":"2211399217762885868","potions_obtained":[{"floor":5,"key":"LiquidBronze"},{"floor":19,"key":"Explosive Potion"},{"floor":23,"key":"SpeedPotion"},{"floor":25,"key":"Ancient Potion"},{"floor":29,"key":"LiquidBronze"},{"floor":35,"key":"AttackPotion"},{"floor":36,"key":"Dexterity Potion"},{"floor":47,"key":"SkillPotion"},{"floor":48,"key":"AttackPotion"}],"is_trial":false,"path_per_floor":["M","?","?","?","M","E","R","M","T","$","?","$","E","T","R","B",null,"M","?","?","?","M","E","R","E","T","R","E","M","?","M","R","B",null,"M","?","M","M","?","E","R","M","T","?","M","$","M","E","R","B",null],"character_chosen":"IRONCLAD","items_purchased":["Inflame","Limit Break","Swift Strike","Sword Boomerang","ClockworkSouvenir","Gambling Chip","War Paint","Inflame","Dark Shackles"],"campfire_rested":5,"item_purchase_floors":[10,10,10,12,46,46,46,46,46],"current_hp_per_floor":[83,83,81,81,81,33,57,62,62,62,62,62,48,48,72,25,81,78,70,70,64,52,35,59,51,51,75,61,38,38,23,47,25,81,81,81,81,81,81,67,67,76,76,76,72,72,81,81,81,50],"gold":142,"neow_bonus":"TEN_PERCENT_HP_BONUS","is_prod":false,"is_daily":false,"chose_seed":false,"campfire_upgraded":1,"win_rate":0,"timestamp":1549439920,"path_taken":["M","?","?","?","?","E","R","?","T","?","?","$","E","?","R","BOSS","M","?","?","?","M","E","R","E","T","R","E","?","?","M","R","BOSS","M","?","M","M","?","E","R","?","T","?","?","?","M","E","R","BOSS"],"build_version":"2019-01-23","purchased_purges":1,"victory":true,"max_hp_per_floor":[88,88,81,81,81,81,81,81,81,81,81,81,81,81,81,81,81,81,81,81,81,81,81,81,81,81,81,81,81,81,81,81,81,81,81,81,81,81,81,81,81,81,81,81,81,81,81,81,81,81],"card_choices":[{"not_picked":["Clothesline","Thunderclap"],"picked":"Pommel Strike","floor":1},{"not_picked":["Infernal Blade","Clash"],"picked":"Clothesline","floor":5},{"not_picked":["Twin Strike","Iron Wave"],"picked":"Juggernaut","floor":6},{"not_picked":["Wild Strike","Anger"],"picked":"Sword Boomerang","floor":8},{"not_picked":["Armaments","Power Through","Ghostly Armor"],"picked":"Shrug It Off","floor":13},{"not_picked":["Clothesline","Dropkick","Intimidate"],"picked":"Armaments","floor":15},{"not_picked":["Offering","Brutality","Exhume"],"picked":"Immolate","floor":16},{"not_picked":["Pommel Strike+1","Headbutt","Seeing Red+1"],"picked":"Shrug It Off+1","floor":18},{"not_picked":["Thunderclap","Rage","Clothesline"],"picked":"Flex+1","floor":18},{"not_picked":["Twin Strike","Pommel Strike","Bloodletting"],"picked":"Seeing Red","floor":19},{"not_picked":["Pommel Strike","Reckless Charge+1","True Grit"],"picked":"Rage+1","floor":22},{"not_picked":["True Grit","Wild Strike","Whirlwind"],"picked":"Shrug It Off+1","floor":22},{"not_picked":["Perfected Strike","Brutality","Seeing Red"],"picked":"Metallicize","floor":23},{"not_picked":["Twin Strike+1","Hemokinesis","Sword Boomerang"],"picked":"Iron Wave","floor":24},{"not_picked":["Body Slam","Pommel Strike","Clothesline"],"picked":"Iron Wave+1","floor":25},{"not_picked":["Clash","Sword Boomerang+1","Dropkick"],"picked":"Limit Break","floor":28},{"not_picked":["Twin Strike+1","Cleave","Pommel Strike"],"picked":"Heavy Blade","floor":29},{"not_picked":["Clothesline","Uppercut+1","Pommel Strike"],"picked":"Inflame","floor":29},{"not_picked":["Iron Wave","Perfected Strike+1","Shrug It Off"],"picked":"Inflame+1","floor":31},{"not_picked":["Rampage","Havoc","Perfected Strike","Dropkick"],"picked":"SKIP","floor":31},{"not_picked":["Reckless Charge+1","Perfected Strike+1","Havoc"],"picked":"Shrug It Off","floor":32},{"not_picked":["Impervious","Fiend Fire","Berserk"],"picked":"Reaper","floor":33},{"not_picked":["Clash+1","Whirlwind","Heavy Blade+1"],"picked":"Flame Barrier+1","floor":35},{"not_picked":["Rupture","Twin Strike+1","Sever Soul+1","Headbutt"],"picked":"SKIP","floor":35},{"not_picked":["Dual Wield","Headbutt+1","Shockwave"],"picked":"Battle Trance","floor":37},{"not_picked":["Body Slam+1","Wild Strike+1","True Grit"],"picked":"Flex+1","floor":37},{"not_picked":["Rupture","Pommel Strike+1","Body Slam+1"],"picked":"Shockwave+1","floor":38},{"not_picked":["Uppercut","Body Slam","Wild Strike"],"picked":"Flex+1","floor":38},{"not_picked":["Metallicize","Ghostly Armor+1","Wild Strike+1"],"picked":"Havoc+1","floor":40},{"not_picked":["Limit Break","Dual Wield","Wild Strike+1"],"picked":"Intimidate","floor":42},{"not_picked":["Entrench","Thunderclap","Wild Strike+1","Blood for Blood+1"],"picked":"SKIP","floor":42},{"not_picked":["Combust+1","Anger","Shrug It Off+1"],"picked":"Corruption+1","floor":45},{"not_picked":["Flex+1","Dark Embrace","Anger"],"picked":"Flame Barrier+1","floor":45},{"not_picked":["Anger","Clash","Wild Strike","Headbutt"],"picked":"SKIP","floor":47},{"not_picked":["Pommel Strike","Armaments","Flex","Wild Strike+1"],"picked":"SKIP","floor":47},{"not_picked":["Twin Strike","Flex+1","Rampage+1"],"picked":"Battle Trance","floor":48}],"player_experience":458956,"relics_obtained":[{"floor":6,"key":"Gremlin Horn"},{"floor":9,"key":"Dream Catcher"},{"floor":13,"key":"Prayer Wheel"},{"floor":14,"key":"Incense Burner"},{"floor":19,"key":"Red Mask"},{"floor":23,"key":"Self Forming Clay"},{"floor":25,"key":"MawBank"},{"floor":26,"key":"Ginger"},{"floor":28,"key":"Bag of Marbles"},{"floor":36,"key":"Magic Flower"},{"floor":40,"key":"Centennial Puzzle"},{"floor":48,"key":"Whetstone"}],"event_choices":[{"cards_removed":["Strike_R"],"damage_healed":0,"gold_gain":0,"player_choice":"Forget","damage_taken":0,"max_hp_gain":0,"max_hp_loss":0,"event_name":"Living Wall","floor":2,"gold_loss":0},{"damage_healed":0,"gold_gain":0,"player_choice":"Lose Max HP","damage_taken":0,"relics_obtained":["Golden Idol"],"max_hp_gain":0,"max_hp_loss":7,"event_name":"Golden Idol","floor":3,"gold_loss":0},{"damage_healed":0,"gold_gain":100,"player_choice":"Pray","damage_taken":0,"max_hp_gain":0,"max_hp_loss":0,"event_name":"Golden Shrine","floor":4,"gold_loss":0},{"damage_healed":0,"gold_gain":0,"player_choice":"Searched \u00271\u0027 times","damage_taken":0,"relics_obtained":["Question Card"],"max_hp_gain":0,"max_hp_loss":0,"event_name":"Dead Adventurer","floor":11,"gold_loss":0},{"damage_healed":0,"gold_gain":0,"player_choice":"Fought Bandits","damage_taken":0,"max_hp_gain":0,"max_hp_loss":0,"event_name":"Masked Bandits","floor":19,"gold_loss":0},{"damage_healed":0,"gold_gain":0,"player_choice":"Read","damage_taken":0,"max_hp_gain":0,"max_hp_loss":0,"event_name":"The Library","floor":20,"gold_loss":0,"cards_obtained":["Shockwave"]},{"damage_healed":0,"gold_gain":0,"player_choice":"Joined the Cult","damage_taken":6,"max_hp_gain":0,"max_hp_loss":0,"event_name":"Nest","floor":21,"gold_loss":0,"cards_obtained":["RitualDagger"]},{"cards_removed":["Strike_R"],"damage_healed":0,"gold_gain":0,"player_choice":"Upgrade and Remove","damage_taken":0,"max_hp_gain":0,"max_hp_loss":0,"event_name":"Designer","floor":30,"gold_loss":90,"cards_upgraded":["Immolate"]},{"damage_healed":0,"gold_gain":0,"player_choice":"Fight","damage_taken":0,"max_hp_gain":0,"max_hp_loss":0,"event_name":"Mysterious Sphere","floor":36,"gold_loss":0},{"damage_healed":0,"gold_gain":0,"player_choice":"Trade","damage_taken":0,"relics_obtained":["NlothsMask"],"max_hp_gain":0,"max_hp_loss":0,"event_name":"FaceTrader","floor":39,"gold_loss":0},{"damage_healed":0,"gold_gain":0,"player_choice":"0 cards matched","damage_taken":0,"max_hp_gain":0,"max_hp_loss":0,"event_name":"Match and Keep!","floor":44,"gold_loss":0,"cards_obtained":[]}],"is_beta":true,"boss_relics":[{"not_picked":["Black Blood","Calling Bell"],"picked":"Philosopher\u0027s Stone"},{"not_picked":["Snecko Eye","Pandora\u0027s Box"],"picked":"Coffee Dripper"}],"items_purged_floors":[46],"is_endless":false,"potions_floor_spawned":[5,19,23,25,29,35,36,47,48],"ascension_level":3}