{"gold_per_floor":[115,135,150,100,118,118,138,138,164,198,212,212,227,285,285,382,382,400,325,240,251,251,251,285,285,332,344,367,367,387,287,287,388,388,407,407,407,433,446,446,479,498,525,625,659,710,537,547,547,547],"floor_reached":50,"playtime":1581,"items_purged":["Strike_R","Strike_R","Defend_R"],"score":688,"play_id":"c9e2a481-985f-478e-b724-6e0a4e81f2f7","local_time":"20190319162437","is_ascension_mode":true,"campfire_choices":[{"data":"Bash","floor":6,"key":"SMITH"},{"data":"Dropkick","floor":8,"key":"SMITH"},{"floor":12,"key":"RECALL"},{"data":"Dual Wield","floor":15,"key":"SMITH"},{"data":"Offering","floor":23,"key":"SMITH"},{"floor":25,"key":"REST"},{"data":"Defend_R","floor":29,"key":"SMITH"},{"data":"Defend_R","floor":32,"key":"SMITH"},{"floor":40,"key":"REST"},{"data":"Rage","floor":49,"key":"SMITH"}],"neow_cost":"NONE","seed_source_timestamp":67168356575300,"circlet_count":0,"master_deck":["Defend_R","Defend_R+1","Defend_R+1","Bash+1","Dropkick+1","Dual Wield+1","Offering+1","Dropkick+1","Rage+1"],"relics":["Burning Blood","NeowsBlessing","Art of War","Strawberry","Tiny Chest","Empty Cage","Kunai","Ancient Tea Set","Bag of Preparation","Lizard Tail","Lantern","Whetstone","Pen Nib","Bird Faced Urn","Paper Frog","Ice Cream"],"potions_floor_usage":[11,14,16,21,21,24,35,35,42,48,50],"damage_taken":[{"damage":0,"enemies":"Cultist","floor":1,"turns":1},{"damage":0,"enemies":"Small Slimes","floor":2,"turns":1},{"damage":0,"enemies":"2 Louse","floor":3,"turns":1},{"damage":5,"enemies":"Looter","floor":5,"turns":4},{"damage":5,"enemies":"3 Louse","floor":7,"turns":5},{"damage":21,"enemies":"Lagavulin","floor":10,"turns":6},{"damage":2,"enemies":"Blue Slaver","floor":11,"turns":3},{"damage":11,"enemies":"2 Fungi Beasts","floor":13,"turns":4},{"damage":43,"enemies":"3 Sentries","floor":14,"turns":10},{"damage":7,"enemies":"Slime Boss","floor":16,"turns":8},{"damage":24,"enemies":"Shell Parasite","floor":18,"turns":9},{"damage":17,"enemies":"Spheric Guardian","floor":21,"turns":4},{"damage":31,"enemies":"Slavers","floor":24,"turns":5},{"damage":12,"enemies":"Shelled Parasite and Fungi","floor":27,"turns":2},{"damage":6,"enemies":"Snecko","floor":30,"turns":1},{"damage":6,"enemies":"Champ","floor":33,"turns":1},{"damage":44,"enemies":"3 Darklings","floor":35,"turns":9},{"damage":6,"enemies":"Orb Walker","floor":39,"turns":1},{"damage":6,"enemies":"Nemesis","floor":41,"turns":1},{"damage":6,"enemies":"Writhing Mass","floor":42,"turns":1},{"damage":6,"enemies":"Mind Bloom Boss Battle","floor":44,"turns":1},{"damage":6,"enemies":"Giant Head","floor":45,"turns":1},{"damage":31,"enemies":"2 Orb Walkers","floor":46,"turns":3},{"damage":9,"enemies":"4 Shapes","floor":48,"turns":7},{"damage":134,"enemies":"Donu and Deca","floor":50,"turns":10}],"seed_played":"-3789206849747352148","potions_obtained":[{"floor":7,"key":"Swift Potion"},{"floor":10,"key":"Energy Potion"},{"floor":11,"key":"Weak Potion"},{"floor":16,"key":"Fire Potion"},{"floor":18,"key":"AttackPotion"},{"floor":21,"key":"SteroidPotion"},{"floor":24,"key":"Energy Potion"},{"floor":33,"key":"Fire Potion"},{"floor":35,"key":"LiquidBronze"},{"floor":39,"key":"Regen Potion"},{"floor":42,"key":"Fruit Juice"}],"is_trial":false,"path_per_floor":["M","M","M","?","M","R","M","R","T","E","M","R","M","E","R","B",null,"M","$","?","M","?","R","E","R","T","M","T","R","M","$","R","B",null,"M","?","?","T","M","R","E","M","T","?","E","?","$","M","R","B"],"character_chosen":"IRONCLAD","items_purchased":["Energy Potion"],"campfire_rested":2,"item_purchase_floors":[47],"current_hp_per_floor":[80,80,80,80,80,80,80,80,80,72,76,76,71,34,34,33,87,69,69,69,58,58,58,33,59,59,53,53,53,53,53,53,53,87,49,49,49,49,49,73,73,78,78,78,78,53,53,65,65,0],"gold":547,"neow_bonus":"THREE_ENEMY_KILL","is_prod":false,"is_daily":false,"chose_seed":false,"campfire_upgraded":7,"win_rate":0,"timestamp":1553037877,"path_taken":["M","?","?","?","M","R","M","R","T","E","M","R","M","E","R","BOSS","M","$","?","M","?","R","E","R","T","M","?","R","M","$","R","BOSS","M","?","?","?","?","R","E","M","T","?","E","?","$","M","R","BOSS"],"build_version":"2019-01-23","purchased_purges":3,"victory":false,"max_hp_per_floor":[80,80,80,80,80,80,80,80,80,87,87,87,87,87,87,87,87,87,87,87,87,87,87,87,87,87,87,87,87,87,87,87,87,87,87,87,83,83,83,83,83,88,88,88,88,88,88,88,88,88],"card_choices":[{"not_picked":["Headbutt","Havoc","Feel No Pain"],"picked":"SKIP","floor":1},{"not_picked":["Warcry","Shockwave","Havoc"],"picked":"SKIP","floor":2},{"not_picked":["Sword Boomerang","Pommel Strike","Wild Strike"],"picked":"SKIP","floor":3},{"not_picked":["Warcry","Inflame","Sever Soul"],"picked":"SKIP","floor":5},{"not_picked":["Shockwave","Perfected Strike"],"picked":"Dropkick","floor":7},{"not_picked":["Inflame","Body Slam","Corruption"],"picked":"SKIP","floor":10},{"not_picked":["Fire Breathing","Perfected Strike","Sever Soul"],"picked":"SKIP","floor":11},{"not_picked":["Power Through","Hemokinesis","Seeing Red"],"picked":"SKIP","floor":13},{"not_picked":["Pommel Strike","Armaments"],"picked":"Dual Wield","floor":14},{"not_picked":["Berserk","Reaper"],"picked":"Offering","floor":16},{"not_picked":["Inflame","Shrug It Off+1","Burning Pact+1"],"picked":"SKIP","floor":18},{"not_picked":["Hemokinesis","Headbutt","Entrench"],"picked":"SKIP","floor":21},{"not_picked":["Perfected Strike+1","Corruption","Carnage+1"],"picked":"SKIP","floor":24},{"not_picked":["Wild Strike+1","Perfected Strike","Pommel Strike+1"],"picked":"SKIP","floor":27},{"not_picked":["Flex","Dual Wield+1","Berserk"],"picked":"SKIP","floor":30},{"not_picked":["Clash","Armaments"],"picked":"Dropkick+1","floor":35},{"not_picked":["Wild Strike","Rage+1","Anger+1"],"picked":"SKIP","floor":39},{"not_picked":["Fire Breathing","Spot Weakness","Bludgeon"],"picked":"SKIP","floor":41},{"not_picked":["Entrench+1","Infernal Blade","Corruption+1"],"picked":"SKIP","floor":42},{"not_picked":["Shrug It Off","Clothesline+1","Ghostly Armor"],"picked":"SKIP","floor":45},{"not_picked":["Rage","Clash","Fire Breathing"],"picked":"SKIP","floor":48},{"not_picked":["Clash","Fire Breathing"],"picked":"Rage","floor":48}],"player_experience":813037,"relics_obtained":[{"floor":9,"key":"Art of War"},{"floor":10,"key":"Strawberry"},{"floor":14,"key":"Tiny Chest"},{"floor":24,"key":"Ancient Tea Set"},{"floor":28,"key":"Bag of Preparation"},{"floor":38,"key":"Lantern"},{"floor":41,"key":"Whetstone"},{"floor":43,"key":"Pen Nib"},{"floor":44,"key":"Bird Faced Urn"},{"floor":45,"key":"Paper Frog"},{"floor":46,"key":"Ice Cream"}],"event_choices":[{"cards_removed":["Strike_R"],"damage_healed":0,"gold_gain":0,"player_choice":"Card Removal","damage_taken":0,"max_hp_gain":0,"max_hp_loss":0,"event_name":"The Cleric","floor":4,"gold_loss":50},{"damage_healed":0,"gold_gain":0,"player_choice":"Obtained Relic","damage_taken":0,"relics_obtained":["Kunai"],"max_hp_gain":0,"max_hp_loss":0,"event_name":"Addict","floor":20,"gold_loss":85},{"damage_healed":0,"gold_gain":0,"player_choice":"Ignored","damage_taken":0,"max_hp_gain":0,"max_hp_loss":0,"event_name":"The Mausoleum","floor":22,"gold_loss":0},{"damage_healed":0,"gold_gain":0,"player_choice":"Memory 1","damage_taken":0,"max_hp_gain":0,"max_hp_loss":0,"event_name":"SensoryStone","floor":36,"gold_loss":0},{"damage_healed":0,"gold_gain":0,"player_choice":"Max HP","damage_taken":0,"max_hp_gain":0,"max_hp_loss":4,"event_name":"Winding Halls","floor":37,"gold_loss":0},{"damage_healed":0,"gold_gain":0,"player_choice":"Fight","damage_taken":0,"max_hp_gain":0,"max_hp_loss":0,"event_name":"MindBloom","floor":44,"gold_loss":0},{"damage_healed":0,"gold_gain":0,"player_choice":"Fight","damage_taken":0,"max_hp_gain":0,"max_hp_loss":0,"event_name":"Mysterious Sphere","floor":46,"gold_loss":0}],"is_beta":false,"boss_relics":[{"not_picked":["Pandora\u0027s Box","Snecko Eye"],"picked":"Empty Cage"},{"not_picked":["Velvet Choker","Orrery"],"picked":"Lizard Tail"}],"items_purged_floors":[19,31,47],"is_endless":false,"potions_floor_spawned":[7,10,11,16,18,21,24,33,35,39,42],"killed_by":"Donu and Deca","ascension_level":1}