{"gold_per_floor":[111,121,121,46,65,65,97,115,141,151,151,171,204,218,218,317,317,331,351,351,351,351],"floor_reached":22,"playtime":626,"items_purged":["Defend_R"],"score":198,"play_id":"4c1acf0a-14af-4e2c-83a4-916b2c8c0be4","local_time":"20190416151132","is_ascension_mode":false,"campfire_choices":[{"data":"Bash","floor":6,"key":"SMITH"},{"data":"Dropkick","floor":11,"key":"SMITH"},{"data":"Shrug It Off","floor":15,"key":"SMITH"}],"neow_cost":"NONE","seed_source_timestamp":421420185728600,"circlet_count":0,"master_deck":["Strike_R","Strike_R","Strike_R","Strike_R","Strike_R","Defend_R","Defend_R","Defend_R","Bash+1","Dropkick+1","Shrug It Off+1"],"relics":["Burning Blood","Dream Catcher","Matryoshka","Bag of Marbles","Omamori","Happy Flower","Potion Belt","Lizard Tail"],"potions_floor_usage":[13,14,16],"damage_taken":[{"damage":6,"enemies":"Cultist","floor":1,"turns":3},{"damage":3,"enemies":"Small Slimes","floor":2,"turns":4},{"damage":0,"enemies":"2 Louse","floor":5,"turns":2},{"damage":36,"enemies":"Lagavulin","floor":7,"turns":5},{"damage":8,"enemies":"Red Slaver","floor":8,"turns":2},{"damage":0,"enemies":"Large Slime","floor":10,"turns":4},{"damage":2,"enemies":"Blue Slaver","floor":12,"turns":3},{"damage":14,"enemies":"3 Sentries","floor":13,"turns":5},{"damage":11,"enemies":"Exordium Wildlife","floor":14,"turns":3},{"damage":11,"enemies":"Hexaghost","floor":16,"turns":10},{"damage":38,"enemies":"Spheric Guardian","floor":18,"turns":7},{"damage":6,"enemies":"Shell Parasite","floor":19,"turns":4},{"damage":48,"enemies":"Sentry and Sphere","floor":22,"turns":7}],"seed_played":"2912845738147044127","potions_obtained":[{"floor":2,"key":"Fire Potion"},{"floor":10,"key":"Swift Potion"},{"floor":13,"key":"SkillPotion"},{"floor":16,"key":"SkillPotion"}],"is_trial":false,"path_per_floor":["M","M","T","$","M","R","E","M","T","M","R","M","E","M","R","B",null,"M","M","?","?","M"],"character_chosen":"IRONCLAD","items_purchased":[],"campfire_rested":0,"item_purchase_floors":[],"current_hp_per_floor":[80,80,80,80,80,80,50,48,48,54,54,58,50,45,45,40,80,48,48,48,48,40],"gold":351,"neow_bonus":"RANDOM_COMMON_RELIC","is_prod":false,"is_daily":false,"chose_seed":false,"campfire_upgraded":3,"win_rate":0,"timestamp":1555420292,"path_taken":["M","M","?","$","M","R","E","M","T","M","R","M","E","?","R","BOSS","M","M","?","?","?"],"build_version":"2019-01-23","purchased_purges":1,"victory":false,"max_hp_per_floor":[80,80,80,80,80,80,80,80,80,80,80,80,80,80,80,80,80,80,80,80,80,80],"card_choices":[{"not_picked":["Cleave","Disarm"],"picked":"Dropkick","floor":1},{"not_picked":["Burning Pact","Body Slam","Cleave"],"picked":"SKIP","floor":2},{"not_picked":["True Grit","Anger","Headbutt"],"picked":"SKIP","floor":5},{"not_picked":["Rupture","Hemokinesis","Clothesline"],"picked":"SKIP","floor":7},{"not_picked":["Entrench","Perfected Strike"],"picked":"Shrug It Off","floor":8},{"not_picked":["Burning Pact","Armaments","Sword Boomerang"],"picked":"SKIP","floor":10},{"not_picked":["Clash","Armaments","Feel No Pain"],"picked":"SKIP","floor":12},{"not_picked":["Perfected Strike","Fire Breathing","Intimidate"],"picked":"SKIP","floor":13},{"not_picked":["Warcry","Flame Barrier","Feel No Pain"],"picked":"SKIP","floor":14},{"not_picked":["True Grit+1","Heavy Blade","Cleave"],"picked":"SKIP","floor":18},{"not_picked":["True Grit","Clash","Ghostly Armor"],"picked":"SKIP","floor":19}],"player_experience":592315,"relics_obtained":[{"floor":3,"key":"Matryoshka"},{"floor":7,"key":"Bag of Marbles"},{"floor":9,"key":"Omamori"},{"floor":9,"key":"Happy Flower"},{"floor":13,"key":"Potion Belt"}],"event_choices":[{"damage_healed":0,"gold_gain":0,"player_choice":"Ignored","damage_taken":0,"max_hp_gain":0,"max_hp_loss":0,"event_name":"The Mausoleum","floor":20,"gold_loss":0},{"damage_healed":0,"gold_gain":0,"player_choice":"Ignored","damage_taken":0,"max_hp_gain":0,"max_hp_loss":0,"event_name":"N\u0027loth","floor":21,"gold_loss":0}],"is_beta":false,"boss_relics":[{"not_picked":["Black Star","Snecko Eye"],"picked":"Lizard Tail"}],"items_purged_floors":[4],"is_endless":false,"potions_floor_spawned":[2,10,13,16],"killed_by":"Sentry and Sphere","ascension_level":0}