{"gold_per_floor":[113,123,133,133,151,151,1,16,16,45,0,0,25,44,44,118,118,137,87,101,116,134,165,165],"floor_reached":24,"playtime":900,"items_purged":[],"score":485,"play_id":"b63f6067-d2fd-4aef-8988-74444d326403","local_time":"20181206145105","is_ascension_mode":true,"campfire_choices":[{"data":"Deadly Poison","floor":6,"key":"SMITH"},{"floor":12,"key":"REST"},{"data":"Noxious Fumes","floor":15,"key":"SMITH"}],"neow_cost":"NONE","seed_source_timestamp":592195365132855,"circlet_count":0,"master_deck":["AscendersBane","Defend_G+1","Defend_G","Defend_G","Defend_G","Strike_G","Strike_G","Strike_G","Strike_G","Strike_G+1","Survivor","Neutralize","Backflip","Flechettes","Backflip","Deadly Poison+1","Noxious Fumes+1","Predator","Crippling Poison","Glass Knife","Corpse Explosion","Backflip+1","Deflect","Noxious Fumes"],"relics":["Ring of the Snake","NeowsBlessing","Bottled Tornado","Pantograph","Matryoshka","Busted Crown","Girya"],"potions_floor_usage":[10,13,22,23],"damage_taken":[{"damage":0,"enemies":"Cultist","floor":1,"turns":1},{"damage":0,"enemies":"Small Slimes","floor":2,"turns":1},{"damage":0,"enemies":"2 Louse","floor":3,"turns":1},{"damage":2,"enemies":"Looter","floor":5,"turns":5},{"damage":4,"enemies":"2 Fungi Beasts","floor":8,"turns":4},{"damage":24,"enemies":"Lagavulin","floor":10,"turns":6},{"damage":27,"enemies":"Gremlin Nob","floor":13,"turns":4},{"damage":8,"enemies":"Blue Slaver","floor":14,"turns":4},{"damage":18,"enemies":"Hexaghost","floor":16,"turns":8},{"damage":18,"enemies":"3 Byrds","floor":18,"turns":2},{"damage":9,"enemies":"Shell Parasite","floor":20,"turns":4},{"damage":13,"enemies":"Snecko","floor":21,"turns":5},{"damage":1,"enemies":"Centurion and Healer","floor":22,"turns":4},{"damage":7,"enemies":"Gremlin Leader","floor":23,"turns":8},{"damage":6,"enemies":"Snake Plant","floor":24,"turns":3}],"seed_played":"735782377136182855","potions_obtained":[{"floor":2,"key":"Explosive Potion"},{"floor":8,"key":"Weak Potion"},{"floor":10,"key":"Poison Potion"},{"floor":13,"key":"Dexterity Potion"},{"floor":20,"key":"GhostInAJar"},{"floor":21,"key":"GhostInAJar"},{"floor":22,"key":"SteroidPotion"}],"is_trial":false,"path_per_floor":["M","M","M","?","M","R","$","M","T","E","?","R","E","M","R","B",null,"M","?","M","M","M","E","M"],"character_chosen":"THE_SILENT","items_purchased":["Noxious Fumes","Predator"],"campfire_rested":1,"item_purchase_floors":[7,7],"current_hp_per_floor":[59,59,59,52,50,50,50,46,46,22,22,41,14,6,6,13,53,35,35,26,13,12,5,0],"gold":165,"neow_bonus":"THREE_ENEMY_KILL","is_prod":false,"is_daily":false,"chose_seed":false,"campfire_upgraded":2,"win_rate":0,"timestamp":1544104265,"path_taken":["M","M","?","?","M","R","$","M","T","E","?","R","E","M","R","BOSS","M","?","M","M","?","E","M"],"build_version":"2018-11-15","purchased_purges":0,"victory":false,"max_hp_per_floor":[66,66,66,66,66,66,66,66,66,66,66,66,66,66,66,66,66,66,66,66,66,66,66,66],"card_choices":[{"not_picked":["Slice","Outmaneuver"],"picked":"Backflip","floor":1},{"not_picked":["Bane","Setup"],"picked":"Flechettes","floor":2},{"not_picked":["Tactician","Outmaneuver"],"picked":"Backflip","floor":3},{"not_picked":["Dodge and Roll","Outmaneuver"],"picked":"Deadly Poison","floor":5},{"not_picked":["Backflip","Cloak And Dagger","Underhanded Strike"],"picked":"SKIP","floor":8},{"not_picked":["Outmaneuver","Masterful Stab"],"picked":"Crippling Poison","floor":10},{"not_picked":["Dagger Throw","Dodge and Roll"],"picked":"Glass Knife","floor":13},{"not_picked":["Flechettes","Skewer","Dagger Throw"],"picked":"SKIP","floor":14},{"not_picked":["Venomology","Grand Finale"],"picked":"Corpse Explosion","floor":16},{"not_picked":["Flechettes"],"picked":"SKIP","floor":18},{"not_picked":[],"picked":"Backflip+1","floor":20},{"not_picked":["Expertise"],"picked":"SKIP","floor":21},{"not_picked":[],"picked":"Deflect","floor":22},{"not_picked":[],"picked":"Noxious Fumes","floor":23}],"player_experience":905555,"relics_obtained":[{"floor":9,"key":"Bottled Tornado"},{"floor":10,"key":"Pantograph"},{"floor":13,"key":"Matryoshka"},{"floor":23,"key":"Girya"}],"event_choices":[{"cards_removed":["Defend_G"],"damage_healed":0,"gold_gain":0,"player_choice":"Card Removal","damage_taken":7,"max_hp_gain":0,"max_hp_loss":0,"event_name":"Golden Wing","floor":4,"gold_loss":0},{"damage_healed":0,"gold_gain":0,"player_choice":"Left Gold","damage_taken":0,"max_hp_gain":0,"max_hp_loss":0,"event_name":"World of Goop","floor":11,"gold_loss":45},{"damage_healed":0,"gold_gain":0,"player_choice":"Upgraded Two","damage_taken":0,"max_hp_gain":0,"max_hp_loss":0,"event_name":"Designer","floor":19,"gold_loss":50,"cards_upgraded":["Defend_G","Strike_G"]}],"is_beta":false,"boss_relics":[{"not_picked":["Pandora\u0027s Box","Philosopher\u0027s Stone"],"picked":"Busted Crown"}],"items_purged_floors":[],"is_endless":false,"potions_floor_spawned":[2,8,10,13,20,21,22],"killed_by":"Snake Plant","ascension_level":18}