{"gold_per_floor":[113,123,139,93,93,93,120,130,130,147,147,167,167,180,180,253,253,270,288,29,29,43,43],"floor_reached":23,"playtime":1297,"items_purged":[],"score":341,"play_id":"6fb554ea-0ee7-465c-a29f-3753c52d7383","local_time":"20190425020912","is_ascension_mode":true,"campfire_choices":[{"data":"Envenom","floor":6,"key":"SMITH"},{"data":"Footwork","floor":11,"key":"SMITH"},{"data":"Dagger Spray","floor":13,"key":"SMITH"},{"data":"Neutralize","floor":15,"key":"SMITH"}],"neow_cost":"NONE","seed_source_timestamp":26145082046699,"circlet_count":0,"master_deck":["AscendersBane","Defend_G","Defend_G","Defend_G","Defend_G","Defend_G","Strike_G","Strike_G","Strike_G","Strike_G","Strike_G","Survivor","Neutralize+1","Envenom+1","Dagger Throw","Footwork+1","Endless Agony","Sucker Punch","Dagger Spray+1","Flying Knee","Dodge and Roll","All Out Attack","PiercingWail","Noxious Fumes"],"relics":["Ring of the Snake","Meat on the Bone","Question Card","Fusion Hammer","Mummified Hand"],"potions_floor_usage":[10,23,23],"damage_taken":[{"damage":0,"enemies":"Small Slimes","floor":1,"turns":5},{"damage":0,"enemies":"Cultist","floor":2,"turns":4},{"damage":1,"enemies":"Jaw Worm","floor":3,"turns":6},{"damage":25,"enemies":"Lagavulin","floor":7,"turns":9},{"damage":1,"enemies":"Looter","floor":8,"turns":3},{"damage":2,"enemies":"2 Fungi Beasts","floor":10,"turns":2},{"damage":20,"enemies":"Gremlin Gang","floor":12,"turns":7},{"damage":2,"enemies":"Large Slime","floor":14,"turns":6},{"damage":18,"enemies":"The Guardian","floor":16,"turns":13},{"damage":0,"enemies":"3 Byrds","floor":18,"turns":4},{"damage":6,"enemies":"Chosen","floor":19,"turns":4},{"damage":1,"enemies":"Centurion and Healer","floor":22,"turns":9},{"damage":57,"enemies":"Slavers","floor":23,"turns":4}],"seed_played":"-5549758436861626055","potions_obtained":[{"floor":3,"key":"SpeedPotion"},{"floor":8,"key":"SteroidPotion"},{"floor":10,"key":"Dexterity Potion"},{"floor":19,"key":"Swift Potion"}],"is_trial":false,"path_per_floor":["M","M","M","$","?","R","E","M","T","M","R","M","R","M","R","B",null,"M","M","$","$","M","E"],"character_chosen":"THE_SILENT","items_purchased":["Sucker Punch","Mummified Hand"],"campfire_rested":0,"item_purchase_floors":[4,20],"current_hp_per_floor":[59,59,58,58,58,58,33,44,44,42,42,34,34,44,44,38,59,59,53,53,53,52,0],"gold":43,"neow_bonus":"ONE_RANDOM_RARE_CARD","is_prod":false,"is_daily":false,"chose_seed":false,"campfire_upgraded":4,"win_rate":0,"timestamp":1556168952,"path_taken":["M","M","M","$","?","R","E","M","T","M","R","M","R","M","R","BOSS","M","M","?","$","M","E"],"build_version":"2019-01-23","purchased_purges":0,"victory":false,"max_hp_per_floor":[66,66,66,66,66,66,66,66,66,66,66,66,66,66,66,66,66,66,66,66,66,66,66],"card_choices":[{"not_picked":["Escape Plan","Backflip"],"picked":"Dagger Throw","floor":1},{"not_picked":["Blur","Backflip"],"picked":"Footwork","floor":2},{"not_picked":["Backflip","A Thousand Cuts"],"picked":"Endless Agony","floor":3},{"not_picked":["Outmaneuver","Setup"],"picked":"Dagger Spray","floor":7},{"not_picked":["Accuracy","Expertise"],"picked":"Flying Knee","floor":8},{"not_picked":["Acrobatics","Quick Slash","Deadly Poison","Outmaneuver"],"picked":"SKIP","floor":10},{"not_picked":["Outmaneuver","Underhanded Strike","Bane"],"picked":"Dodge and Roll","floor":12},{"not_picked":["Outmaneuver","Deadly Poison","Tools of the Trade","All Out Attack"],"picked":"SKIP","floor":14},{"not_picked":["Deadly Poison","Deflect","Riddle With Holes"],"picked":"All Out Attack","floor":18},{"not_picked":["Backflip","Bouncing Flask","Outmaneuver"],"picked":"PiercingWail","floor":19},{"not_picked":["Riddle With Holes","Footwork","Poisoned Stab"],"picked":"Noxious Fumes","floor":22}],"player_experience":752156,"relics_obtained":[{"floor":7,"key":"Meat on the Bone"},{"floor":9,"key":"Question Card"}],"event_choices":[{"damage_healed":0,"gold_gain":0,"player_choice":"Ignored","damage_taken":0,"max_hp_gain":0,"max_hp_loss":0,"event_name":"Transmorgrifier","floor":5,"gold_loss":0}],"is_beta":false,"boss_relics":[{"not_picked":["Ectoplasm","Snecko Eye"],"picked":"Fusion Hammer"}],"items_purged_floors":[],"is_endless":false,"potions_floor_spawned":[3,8,10,12,14,19],"killed_by":"Slavers","ascension_level":15}