{"gold_per_floor":[118,135,146,166,166,201,71,71,152,152,152,165,189,224,224,320,320,344,344,27,47,66,66,102,127,127,171,187,230,230,261,261,356,356,381,397,397,397,420,455,469,513,537,104,147,147,166,207,207,207,207,207,207,53,88,88],"floor_reached":57,"playtime":5356,"items_purged":["Strike_B","Strike_B","Strike_B+1"],"score":3134,"play_id":"f5a56938-38b6-48f3-801c-58da88745db9","local_time":"20190430022647","is_ascension_mode":true,"campfire_choices":[{"data":"Loop","floor":8,"key":"SMITH"},{"floor":15,"key":"REST"},{"data":"Hologram","floor":23,"key":"SMITH"},{"data":"Zap","floor":30,"key":"SMITH"},{"data":"Coolheaded","floor":32,"key":"SMITH"},{"data":"Hologram","floor":46,"key":"SMITH"},{"floor":49,"key":"RECALL"},{"data":"Coolheaded","floor":53,"key":"SMITH"}],"neow_cost":"NONE","seed_source_timestamp":871996586333854,"circlet_count":0,"master_deck":["AscendersBane","Defend_B","Defend_B","Defend_B","Zap+1","Dualcast+1","Cold Snap","Loop+1","FTL","Electrodynamics","Leap+1","Biased Cognition","Glacier","Self Repair","Hologram+1","Coolheaded+1","Defragment+1","Doom and Gloom","Biased Cognition","Glacier","Echo Form","Chill+1","White Noise","Blizzard","Glacier+1","Hologram+1","Coolheaded+1","Static Discharge","Coolheaded+1"],"relics":["Cracked Core","Golden Idol","Bird Faced Urn","Sundial","Dream Catcher","Art of War","Whetstone","Orrery","Emotion Chip","Membership Card","Vajra","Pear","Red Mask","Question Card","Kunai","Coffee Dripper","Matryoshka","The Courier","War Paint","OrangePellets","DataDisk","Happy Flower","Ancient Tea Set","Pen Nib","Bronze Scales","Mango","Bag of Preparation","Centennial Puzzle","Mercury Hourglass"],"potions_floor_usage":[6,6,14,14,33,56,56],"damage_taken":[{"damage":10,"enemies":"Small Slimes","floor":1,"turns":3},{"damage":0,"enemies":"Jaw Worm","floor":2,"turns":4},{"damage":0,"enemies":"Cultist","floor":3,"turns":3},{"damage":9,"enemies":"3 Louse","floor":4,"turns":3},{"damage":16,"enemies":"Lagavulin","floor":6,"turns":7},{"damage":7,"enemies":"Red Slaver","floor":12,"turns":3},{"damage":12,"enemies":"Exordium Wildlife","floor":13,"turns":3},{"damage":5,"enemies":"Gremlin Nob","floor":14,"turns":4},{"damage":13,"enemies":"The Guardian","floor":16,"turns":13},{"damage":16,"enemies":"Chosen","floor":18,"turns":6},{"damage":6,"enemies":"Spheric Guardian","floor":21,"turns":3},{"damage":3,"enemies":"Snecko","floor":22,"turns":5},{"damage":27,"enemies":"Book of Stabbing","floor":24,"turns":5},{"damage":11,"enemies":"Snake Plant","floor":25,"turns":4},{"damage":26,"enemies":"Masked Bandits","floor":27,"turns":4},{"damage":4,"enemies":"Centurion and Healer","floor":28,"turns":8},{"damage":31,"enemies":"Gremlin Leader","floor":29,"turns":5},{"damage":10,"enemies":"Book of Stabbing","floor":31,"turns":7},{"damage":33,"enemies":"Automaton","floor":33,"turns":11},{"damage":0,"enemies":"Orb Walker","floor":35,"turns":4},{"damage":0,"enemies":"3 Shapes","floor":36,"turns":3},{"damage":22,"enemies":"Writhing Mass","floor":39,"turns":6},{"damage":12,"enemies":"Giant Head","floor":40,"turns":14},{"damage":50,"enemies":"Transient","floor":41,"turns":6},{"damage":60,"enemies":"Reptomancer","floor":42,"turns":9},{"damage":0,"enemies":"Nemesis","floor":45,"turns":9},{"damage":1,"enemies":"Maw","floor":47,"turns":9},{"damage":0,"enemies":"Reptomancer","floor":48,"turns":7},{"damage":10,"enemies":"Time Eater","floor":50,"turns":18},{"damage":0,"enemies":"Donu and Deca","floor":51,"turns":11},{"damage":2,"enemies":"Shield and Spear","floor":55,"turns":8},{"damage":13,"enemies":"The Heart","floor":56,"turns":9}],"seed_played":"2990081545699828975","potions_obtained":[{"floor":3,"key":"AttackPotion"},{"floor":4,"key":"PowerPotion"},{"floor":12,"key":"FocusPotion"},{"floor":14,"key":"FearPotion"},{"floor":25,"key":"Ancient Potion"},{"floor":27,"key":"Poison Potion"},{"floor":33,"key":"GamblersBrew"}],"is_trial":false,"path_per_floor":["M","M","M","M","?","E","$","R","T","?","?","M","M","E","R","B",null,"M","?","$","M","M","R","E","M","T","?","M","E","R","E","R","B",null,"M","M","?","?","M","E","M","E","T","$","E","R","M","E","R","B","B",null,"R","$","E","B",null],"character_chosen":"DEFECT","items_purchased":["Weak Potion","Membership Card","Doom and Gloom","OrangePellets","DataDisk","Happy Flower","Static Discharge","Ancient Tea Set","Pen Nib","Bag of Preparation","PowerPotion","Centennial Puzzle"],"campfire_rested":1,"item_purchase_floors":[7,20,20,44,44,44,44,44,44,54,54,54],"current_hp_per_floor":[61,61,61,52,52,36,36,36,36,18,18,15,7,6,27,18,58,57,57,57,64,71,71,48,56,66,46,61,49,49,58,58,44,72,81,81,81,81,71,71,46,16,16,16,47,47,81,95,95,95,95,95,95,95,95,95],"gold":88,"neow_bonus":"TEN_PERCENT_HP_BONUS","is_prod":false,"is_daily":false,"chose_seed":false,"campfire_upgraded":6,"win_rate":0,"timestamp":1556584007,"path_taken":["M","M","M","M","?","E","$","R","T","?","?","?","M","E","R","BOSS","M","?","$","M","M","R","E","?","T","?","M","E","R","E","R","BOSS","M","M","?","?","M","E","M","E","T","$","E","R","?","E","R","BOSS","BOSS","R","$","E","BOSS"],"build_version":"2019-01-23","purchased_purges":3,"victory":true,"max_hp_per_floor":[78,78,78,78,71,71,71,71,71,71,71,71,71,71,71,71,71,71,71,71,71,71,71,71,71,81,81,81,81,81,81,81,81,81,81,81,81,81,81,81,81,81,81,81,81,81,81,95,95,95,95,95,95,95,95,95],"card_choices":[{"not_picked":["Rebound","Aggregate"],"picked":"Cold Snap","floor":1},{"not_picked":["Redo","Gash","Stack"],"picked":"SKIP","floor":2},{"not_picked":["Beam Cell","Sweeping Beam"],"picked":"Loop","floor":3},{"not_picked":["Steam","Skim"],"picked":"FTL","floor":4},{"not_picked":["Steam Power","Steam"],"picked":"Electrodynamics","floor":6},{"not_picked":["Beam Cell","Sweeping Beam","Auto Shields"],"picked":"SKIP","floor":12},{"not_picked":["Storm","Steam"],"picked":"Leap","floor":13},{"not_picked":["Scrape","Fusion","Auto Shields"],"picked":"SKIP","floor":14},{"not_picked":["Multi-Cast","Rainbow"],"picked":"Biased Cognition","floor":16},{"not_picked":["Beam Cell","Heatsinks"],"picked":"Glacier","floor":17},{"not_picked":["Recycle","Force Field"],"picked":"Self Repair","floor":17},{"not_picked":["Ball Lightning","Chaos"],"picked":"Hologram","floor":17},{"not_picked":["Sunder","Force Field"],"picked":"Coolheaded","floor":17},{"not_picked":["Undo","Conserve Battery+1"],"picked":"Defragment+1","floor":18},{"not_picked":["Cold Snap","Gash"],"picked":"Biased Cognition","floor":21},{"not_picked":["Hello World","Go for the Eyes","Redo+1"],"picked":"SKIP","floor":22},{"not_picked":["Sunder","Beam Cell","Streamline"],"picked":"SKIP","floor":24},{"not_picked":["Leap","Static Discharge"],"picked":"Glacier","floor":25},{"not_picked":["Streamline","Loop","Barrage"],"picked":"SKIP","floor":28},{"not_picked":["Streamline","Loop","Barrage"],"picked":"SKIP","floor":28},{"not_picked":["Aggregate","Reprogram","Redo"],"picked":"SKIP","floor":29},{"not_picked":["Aggregate","Reprogram","Redo"],"picked":"SKIP","floor":29},{"not_picked":["White Noise","Compile Driver","Redo","Leap"],"picked":"SKIP","floor":31},{"not_picked":["Reboot","Multi-Cast","Fission"],"picked":"Echo Form","floor":33},{"not_picked":["Steam","Ball Lightning","Defragment"],"picked":"Chill+1","floor":35},{"not_picked":["Go for the Eyes","Redo","Recycle","Fusion"],"picked":"SKIP","floor":36},{"not_picked":["Leap","Gash","Lockon+1"],"picked":"Blizzard","floor":39},{"not_picked":["Streamline","Steam","Buffer"],"picked":"Glacier+1","floor":40},{"not_picked":["Stack","Heatsinks","Darkness"],"picked":"Hologram","floor":41},{"not_picked":["All For One","Streamline","Redo+1"],"picked":"Coolheaded","floor":42},{"not_picked":["Reinforced Body+1","Skim+1","Steam+1","Scrape"],"picked":"SKIP","floor":45},{"not_picked":["Compile Driver+1","Beam Cell","White Noise","Leap"],"picked":"SKIP","floor":47},{"not_picked":["Ball Lightning","Gash","Rainbow"],"picked":"Coolheaded+1","floor":48},{"not_picked":["Compile Driver","Auto Shields","Sunder","Go for the Eyes"],"picked":"SKIP","floor":55}],"player_experience":872821,"relics_obtained":[{"floor":6,"key":"Bird Faced Urn"},{"floor":9,"key":"Sundial"},{"floor":11,"key":"Art of War"},{"floor":14,"key":"Whetstone"},{"floor":24,"key":"Vajra"},{"floor":26,"key":"Pear"},{"floor":27,"key":"Red Mask"},{"floor":29,"key":"Question Card"},{"floor":31,"key":"Kunai"},{"floor":40,"key":"Matryoshka"},{"floor":42,"key":"The Courier"},{"floor":43,"key":"War Paint"},{"floor":45,"key":"Bronze Scales"},{"floor":48,"key":"Mango"},{"floor":55,"key":"Mercury Hourglass"}],"event_choices":[{"damage_healed":0,"gold_gain":0,"player_choice":"Lose Max HP","damage_taken":0,"relics_obtained":["Golden Idol"],"max_hp_gain":0,"max_hp_loss":7,"event_name":"Golden Idol","floor":5,"gold_loss":0},{"damage_healed":0,"gold_gain":0,"player_choice":"Success","damage_taken":18,"relics_obtained":["Dream Catcher"],"max_hp_gain":0,"max_hp_loss":0,"event_name":"Scrap Ooze","floor":10,"gold_loss":0},{"damage_healed":0,"gold_gain":0,"player_choice":"Relic","damage_taken":0,"max_hp_gain":0,"max_hp_loss":0,"event_name":"Wheel of Change","floor":11,"gold_loss":0},{"damage_healed":0,"gold_gain":0,"player_choice":"Gave Potion","damage_taken":0,"relics_obtained":["Emotion Chip"],"max_hp_gain":0,"max_hp_loss":0,"event_name":"WeMeetAgain","floor":19,"gold_loss":0},{"damage_healed":0,"gold_gain":0,"player_choice":"Fought Bandits","damage_taken":0,"max_hp_gain":0,"max_hp_loss":0,"event_name":"Masked Bandits","floor":27,"gold_loss":0},{"cards_removed":["Strike_B"],"damage_healed":0,"gold_gain":0,"player_choice":"Removed Attack","damage_taken":0,"max_hp_gain":0,"max_hp_loss":0,"event_name":"Falling","floor":37,"gold_loss":0},{"damage_healed":0,"gold_gain":0,"cards_transformed":["Defend_B"],"player_choice":"Transformed","damage_taken":0,"max_hp_gain":0,"max_hp_loss":0,"event_name":"Transmorgrifier","floor":38,"gold_loss":0,"cards_obtained":["White Noise"]}],"is_beta":false,"boss_relics":[{"not_picked":["Empty Cage","Sozu"],"picked":"Orrery"},{"not_picked":["FrozenCore","Fusion Hammer"],"picked":"Coffee Dripper"}],"items_purged_floors":[7,20,44],"is_endless":false,"potions_floor_spawned":[3,4,12,14,25,27,29,33,35,39,41,45],"ascension_level":20}