{"gold_per_floor":[109,59,59,35,55,89,89,124,202,202,28,28,51,84,84,213,213,238,257,382,437,362,403,403,403,403,418,437,456,456,479,479,607,607,622,53,78,97,115,115,153,153,178,212,228,228,251,251,251,251,251,251,39,73,73],"floor_reached":55,"playtime":3692,"items_purged":["Strike_G","Normality"],"score":840,"play_id":"5e2c3e36-613d-40ea-bffe-5d42cc8c8372","local_time":"20190325213116","is_ascension_mode":false,"campfire_choices":[{"data":"Skewer","floor":7,"key":"SMITH"},{"data":"Neutralize","floor":10,"key":"SMITH"},{"data":"Infinite Blades","floor":15,"key":"SMITH"},{"data":"Infinite Blades","floor":25,"key":"SMITH"},{"data":"Glass Knife","floor":30,"key":"SMITH"},{"floor":32,"key":"REST"},{"data":"A Thousand Cuts","floor":40,"key":"SMITH"},{"data":"Burst","floor":42,"key":"SMITH"},{"floor":46,"key":"RECALL"},{"floor":49,"key":"REST"},{"data":"PiercingWail","floor":52,"key":"SMITH"}],"neow_cost":"NONE","seed_source_timestamp":0,"circlet_count":0,"master_deck":["Defend_G","Defend_G","Defend_G","Defend_G","Defend_G","Strike_G","Survivor","Neutralize+1","Skewer+1","Deadly Poison","Deflect","PiercingWail+1","Sucker Punch","Infinite Blades+1","Flying Knee","Sucker Punch","Blur","Glass Knife+1","Injury","Clumsy","Dagger Spray","Dagger Throw","Infinite Blades+1","Blur","Acrobatics","Dagger Spray","Backflip","Dagger Throw","A Thousand Cuts+1","Riddle With Holes+1","Die Die Die","Terror+1","PiercingWail+1","Burst+1","Escape Plan","Cloak And Dagger+1","Deflect","Backflip","Footwork","Deflect+1"],"special_seed":0,"relics":["Ring of the Snake","NeowsBlessing","PreservedInsect","Darkstone Periapt","Ornamental Fan","Golden Idol","Blue Candle","Calling Bell","Art of War","Matryoshka","Du-Vu Doll","Incense Burner","Mercury Hourglass","Boot","Lantern","Omamori","Pen Nib","Question Card","Cursed Key","Ice Cream","Letter Opener","Smiling Mask","Bag of Preparation","Snake Skull"],"potions_floor_usage":[16,20,23,28,31,33,33,33,33,50,55,55],"damage_taken":[{"damage":0.0,"enemies":"2 Louse","floor":1.0,"turns":1.0},{"damage":0.0,"enemies":"Jaw Worm","floor":5.0,"turns":1.0},{"damage":0,"enemies":"Lagavulin","floor":6,"turns":1},{"damage":17,"enemies":"3 Sentries","floor":8,"turns":8},{"damage":0,"enemies":"Cultist","floor":13,"turns":2},{"damage":13,"enemies":"Lagavulin","floor":14,"turns":6},{"damage":27,"enemies":"Slime Boss","floor":16,"turns":12},{"damage":18,"enemies":"3 Byrds","floor":18,"turns":7},{"damage":9,"enemies":"2 Thieves","floor":19,"turns":4},{"damage":19,"enemies":"Colosseum Slavers","floor":20,"turns":4},{"damage":10,"enemies":"Colosseum Nobs","floor":20,"turns":5},{"damage":9,"enemies":"Book of Stabbing","floor":23,"turns":4},{"damage":4,"enemies":"Centurion and Healer","floor":27,"turns":4},{"damage":0,"enemies":"Snake Plant","floor":28,"turns":3},{"damage":0,"enemies":"Chosen and Byrds","floor":29,"turns":4},{"damage":1,"enemies":"Cultist and Chosen","floor":31,"turns":3},{"damage":2,"enemies":"Automaton","floor":33,"turns":8},{"damage":21,"enemies":"3 Shapes","floor":35,"turns":2},{"damage":3,"enemies":"Orb Walker","floor":37,"turns":2},{"damage":8,"enemies":"4 Shapes","floor":38,"turns":3},{"damage":5,"enemies":"Writhing Mass","floor":39,"turns":6},{"damage":5,"enemies":"Giant Head","floor":41,"turns":5},{"damage":0,"enemies":"Reptomancer","floor":44,"turns":3},{"damage":1,"enemies":"Jaw Worm Horde","floor":45,"turns":3},{"damage":32,"enemies":"4 Shapes","floor":47,"turns":4},{"damage":32,"enemies":"Donu and Deca","floor":50,"turns":7},{"damage":38,"enemies":"Shield and Spear","floor":54,"turns":5},{"damage":63,"enemies":"The Heart","floor":55,"turns":5}],"seed_played":"8428601356109780073","potions_obtained":[{"floor":1.0,"key":"Poison Potion"},{"floor":8,"key":"SneckoOil"},{"floor":13,"key":"GamblersBrew"},{"floor":18,"key":"EntropicBrew"},{"floor":20,"key":"GhostInAJar"},{"floor":28,"key":"Explosive Potion"},{"floor":31,"key":"Fruit Juice"},{"floor":33,"key":"EssenceOfSteel"},{"floor":39,"key":"PowerPotion"},{"floor":41,"key":"Strength Potion"}],"is_trial":false,"path_per_floor":["M","?","?","$","M","E","R","E","T","R","$","?","M","E","R","B",null,"M","M","?","T","?","E","?","R","T","M","M","M","R","M","R","B",null,"M","$","M","M","M","R","E","R","T","E","M","R","M","?","R","B",null,"R","$","E","B"],"character_chosen":"THE_SILENT","items_purchased":["Deadly Poison","Infinite Blades","Flying Knee","Ice Cream","Die Die Die","Footwork","Bag of Preparation"],"campfire_rested":2,"item_purchase_floors":[4,11,11,36,36,53,53],"current_hp_per_floor":[70,70,63,63,63,63,63,46,46,46,46,46,46,33,33,6,83,65,56,27,27,27,18,18,18,18,14,14,14,14,18,44,42,88,67,67,64,56,51,51,46,46,46,46,45,45,13,13,39,7,88,88,88,50,0],"gold":73,"neow_bonus":"THREE_ENEMY_KILL","is_prod":false,"is_daily":false,"chose_seed":false,"campfire_upgraded":8,"win_rate":0,"timestamp":1553560276,"path_taken":["M","?","?","?","M","E","R","E","T","R","$","?","M","E","R","BOSS","M","M","?","?","?","E","?","R","T","M","?","?","R","M","R","BOSS","M","$","M","?","M","R","E","R","T","E","?","R","M","?","R","BOSS","R","$","E","BOSS"],"build_version":"2019-01-23","purchased_purges":2,"victory":false,"max_hp_per_floor":[70,70,70,70,70,70,70,70,70,70,70,65,65,65,65,65,83,83,83,83,83,83,83,83,83,83,83,83,83,83,88,88,88,88,88,88,88,88,88,88,88,88,88,88,88,88,88,88,88,88,88,88,88,88,88],"card_choices":[{"not_picked":["Eviscerate","Heel Hook"],"picked":"Skewer","floor":1.0},{"not_picked":["Bane","All Out Attack"],"picked":"Deflect","floor":5},{"not_picked":["Reflex","Prepared"],"picked":"PiercingWail","floor":6},{"not_picked":["Tactician","Prepared"],"picked":"Sucker Punch","floor":8},{"not_picked":["Accuracy","Outmaneuver"],"picked":"Sucker Punch","floor":13},{"not_picked":["Outmaneuver","Setup"],"picked":"Blur","floor":14},{"not_picked":["Wraith Form v2","Malaise"],"picked":"Glass Knife","floor":16},{"not_picked":["Sucker Punch","Poisoned Stab"],"picked":"Dagger Spray","floor":18},{"not_picked":["Outmaneuver+1","Storm of Steel"],"picked":"Dagger Throw","floor":19},{"not_picked":["Bouncing Flask","Predator+1"],"picked":"Infinite Blades","floor":20},{"not_picked":["Setup+1","Expertise"],"picked":"Blur","floor":23},{"not_picked":["Quick Slash","Underhanded Strike+1","Heel Hook"],"picked":"Acrobatics","floor":27},{"not_picked":["Eviscerate","Concentrate","Backflip"],"picked":"Dagger Spray","floor":28},{"not_picked":["Noxious Fumes","Eviscerate","Acrobatics"],"picked":"Backflip","floor":29},{"not_picked":["Acrobatics","Quick Slash","Underhanded Strike"],"picked":"Dagger Throw","floor":31},{"not_picked":["Corpse Explosion","Die Die Die","Grand Finale"],"picked":"A Thousand Cuts","floor":33},{"not_picked":["Endless Agony","Deadly Poison","Slice"],"picked":"Riddle With Holes+1","floor":35},{"not_picked":["Flying Knee+1","Deadly Poison+1","Bouncing Flask"],"picked":"Terror+1","floor":37},{"not_picked":["Tactician+1","Choke+1","Deflect+1"],"picked":"PiercingWail+1","floor":38},{"not_picked":["Bane+1","Catalyst+1","Eviscerate"],"picked":"Burst","floor":39},{"not_picked":["Crippling Poison","Sucker Punch+1","Catalyst+1"],"picked":"Escape Plan","floor":41},{"not_picked":["Backflip","Endless Agony","Sucker Punch"],"picked":"Cloak And Dagger+1","floor":44},{"not_picked":["Catalyst+1","Acrobatics","Outmaneuver+1"],"picked":"Deflect","floor":45},{"not_picked":["Quick Slash+1","Flying Knee+1","Finisher+1"],"picked":"Backflip","floor":47},{"not_picked":["Adrenaline","Cloak And Dagger","Prepared"],"picked":"Deflect+1","floor":54}],"player_experience":371055,"relics_obtained":[{"floor":6,"key":"PreservedInsect"},{"floor":8,"key":"Darkstone Periapt"},{"floor":9,"key":"Ornamental Fan"},{"floor":14,"key":"Blue Candle"},{"floor":17,"key":"Art of War"},{"floor":17,"key":"Matryoshka"},{"floor":17,"key":"Du-Vu Doll"},{"floor":20,"key":"Incense Burner"},{"floor":20,"key":"Mercury Hourglass"},{"floor":21,"key":"Boot"},{"floor":21,"key":"Lantern"},{"floor":23,"key":"Omamori"},{"floor":26,"key":"Pen Nib"},{"floor":26,"key":"Question Card"},{"floor":41,"key":"Letter Opener"},{"floor":44,"key":"Smiling Mask"},{"floor":54,"key":"Snake Skull"}],"event_choices":[{"cards_removed":["Strike_G"],"damage_healed":0.0,"max_hp_gain":0.0,"max_hp_loss":0.0,"gold_gain":0.0,"event_name":"The Cleric","player_choice":"Card Removal","floor":2.0,"gold_loss":50.0,"damage_taken":0.0},{"cards_removed":["Strike_G"],"damage_healed":0.0,"max_hp_gain":0.0,"max_hp_loss":0.0,"gold_gain":0.0,"event_name":"Golden Wing","player_choice":"Card Removal","floor":3.0,"gold_loss":0.0,"damage_taken":7.0},{"damage_healed":0,"gold_gain":0,"player_choice":"Lose Max HP","damage_taken":0,"relics_obtained":["Golden Idol"],"max_hp_gain":0,"max_hp_loss":5,"event_name":"Golden Idol","floor":12,"gold_loss":0},{"damage_healed":0,"gold_gain":0,"player_choice":"Fight","damage_taken":0,"max_hp_gain":0,"max_hp_loss":0,"event_name":"Colosseum","floor":20,"gold_loss":0},{"damage_healed":0,"gold_gain":0,"player_choice":"Fought Nobs","damage_taken":0,"max_hp_gain":0,"max_hp_loss":0,"event_name":"Colosseum","floor":20,"gold_loss":0},{"cards_removed":["Strike_G"],"damage_healed":0,"gold_gain":0,"player_choice":"Gave Gold","damage_taken":0,"max_hp_gain":0,"max_hp_loss":0,"event_name":"Beggar","floor":22,"gold_loss":75},{"damage_healed":0,"gold_gain":0,"player_choice":"Ignored","damage_taken":0,"max_hp_gain":0,"max_hp_loss":0,"event_name":"Vampires","floor":24,"gold_loss":0},{"damage_healed":0,"gold_gain":0,"player_choice":"Ignored","damage_taken":0,"max_hp_gain":0,"max_hp_loss":0,"event_name":"Tomb of Lord Red Mask","floor":48,"gold_loss":0}],"is_beta":false,"boss_relics":[{"not_picked":["Fusion Hammer","Runic Dome"],"picked":"Calling Bell"},{"not_picked":["Snecko Eye","Empty Cage"],"picked":"Cursed Key"}],"items_purged_floors":[11,36],"is_endless":false,"potions_floor_spawned":[1,8,13,18,20,28,31,33,39,41,44,47],"killed_by":"The Heart","ascension_level":0}