{"gold_per_floor":[118,132,143,160,5,5,35,35,62,76,91,107,123,137,137,238,238,257,242,141,151,168,198,198,198,198,215,215,249,249,259,259,259],"floor_reached":33,"playtime":1575,"items_purged":["Strike_R"],"score":295,"play_id":"8a03856d-e57f-4c3c-805e-233536122be3","local_time":"20190322035020","is_ascension_mode":false,"campfire_choices":[{"data":"Armaments","floor":6.0,"key":"SMITH"},{"data":"Bash","floor":8.0,"key":"SMITH"},{"data":"Anger","floor":15,"key":"SMITH"},{"floor":25,"key":"REST"},{"data":"Inflame","floor":30,"key":"SMITH"},{"floor":32,"key":"REST"}],"neow_cost":"NONE","seed_source_timestamp":0,"circlet_count":0,"master_deck":["Defend_R","Defend_R","Defend_R","Defend_R","Bash+1","Armaments+1","Anger+1","Flame Barrier","Cleave+1","Flame Barrier","Whirlwind+1","Offering","Bloodletting+1","Twin Strike+1","Limit Break+1","Sword Boomerang+1","Shrug It Off","Seeing Red","Pummel+1","Clothesline","Carnage+1","Inflame+1"],"special_seed":0,"relics":["Burning Blood","Lantern","Smiling Mask","Bag of Preparation","Astrolabe","Whetstone","Mummified Hand","Bag of Marbles"],"potions_floor_usage":[19,29,31],"damage_taken":[{"damage":1.0,"enemies":"Cultist","floor":1.0,"turns":3.0},{"damage":2.0,"enemies":"Jaw Worm","floor":2.0,"turns":4.0},{"damage":4.0,"enemies":"2 Louse","floor":3.0,"turns":3.0},{"damage":0.0,"enemies":"2 Fungi Beasts","floor":4.0,"turns":4.0},{"damage":30.0,"enemies":"3 Sentries","floor":7.0,"turns":14.0},{"damage":1,"enemies":"Large Slime","floor":10,"turns":5},{"damage":5,"enemies":"Looter","floor":11,"turns":2},{"damage":6,"enemies":"Exordium Wildlife","floor":12,"turns":3},{"damage":0,"enemies":"Red Slaver","floor":13,"turns":3},{"damage":5,"enemies":"3 Louse","floor":14,"turns":2},{"damage":46,"enemies":"Slime Boss","floor":16,"turns":8},{"damage":11,"enemies":"Chosen","floor":18,"turns":3},{"damage":24,"enemies":"2 Thieves","floor":19,"turns":4},{"damage":28,"enemies":"Sentry and Sphere","floor":21,"turns":7},{"damage":12,"enemies":"Centurion and Healer","floor":22,"turns":7},{"damage":24,"enemies":"Slavers","floor":23,"turns":5},{"damage":6,"enemies":"Snecko","floor":27,"turns":4},{"damage":17,"enemies":"Book of Stabbing","floor":29,"turns":6},{"damage":15,"enemies":"Snake Plant","floor":31,"turns":3},{"damage":48,"enemies":"Automaton","floor":33,"turns":6}],"seed_played":"-2589552954647310296","potions_obtained":[{"floor":2.0,"key":"Swift Potion"},{"floor":4.0,"key":"Swift Potion"},{"floor":11,"key":"FairyPotion"},{"floor":12,"key":"LiquidBronze"},{"floor":16,"key":"GamblersBrew"},{"floor":19,"key":"LiquidBronze"},{"floor":21,"key":"PowerPotion"},{"floor":29,"key":"Fire Potion"}],"is_trial":false,"path_per_floor":["M","M","M","M","$","R","E","R","T","M","M","M","M","M","R","B",null,"M","M","$","M","M","E","?","R","T","M","$","E","R","M","R","B"],"character_chosen":"IRONCLAD","items_purchased":["Lantern","Fire Potion"],"campfire_rested":2,"item_purchase_floors":[5,20],"current_hp_per_floor":[80,80,80,80,80,80,56,56,56,61,62,62,68,69,69,29,80,75,57,57,35,29,11,11,35,35,35,35,24,24,15,39,0],"gold":259,"neow_bonus":"REMOVE_CARD","is_prod":false,"is_daily":false,"chose_seed":false,"campfire_upgraded":4,"win_rate":0,"timestamp":1553237420,"path_taken":["M","M","?","M","$","R","E","R","T","M","M","M","M","M","R","BOSS","M","M","$","M","M","E","?","R","T","M","$","E","R","M","R","BOSS"],"build_version":"2019-01-23","purchased_purges":1,"victory":false,"max_hp_per_floor":[80,80,80,80,80,80,80,80,80,80,80,80,80,80,80,80,80,80,80,80,80,80,80,80,80,80,80,80,80,80,80,80,80],"card_choices":[{"not_picked":["Headbutt","Havoc"],"picked":"Armaments","floor":1.0},{"not_picked":["Intimidate","Searing Blow","Warcry"],"picked":"SKIP","floor":2.0},{"not_picked":["Heavy Blade","Second Wind"],"picked":"Anger","floor":3.0},{"not_picked":["Havoc","Headbutt"],"picked":"Flame Barrier","floor":4.0},{"not_picked":["Anger","Clothesline"],"picked":"Cleave","floor":7.0},{"not_picked":["Sentinel","Thunderclap"],"picked":"Flame Barrier","floor":10},{"not_picked":["Burning Pact","Sword Boomerang","Armaments"],"picked":"SKIP","floor":11},{"not_picked":["Burning Pact","Metallicize"],"picked":"Whirlwind","floor":12},{"not_picked":["Armaments","Dual Wield","Heavy Blade"],"picked":"SKIP","floor":13},{"not_picked":["Clash","Flex","Anger"],"picked":"SKIP","floor":14},{"not_picked":["Berserk","Fiend Fire"],"picked":"Offering","floor":16},{"not_picked":["Pummel","Feel No Pain"],"picked":"Sword Boomerang+1","floor":18},{"not_picked":["Perfected Strike+1","Cleave+1"],"picked":"Shrug It Off","floor":19},{"not_picked":["Cleave","Thunderclap"],"picked":"Seeing Red","floor":21},{"not_picked":["Clash","Twin Strike"],"picked":"Pummel+1","floor":22},{"not_picked":["Clash","Second Wind"],"picked":"Clothesline","floor":23},{"not_picked":["Body Slam","Wild Strike+1"],"picked":"Carnage+1","floor":27},{"not_picked":["Juggernaut","Second Wind"],"picked":"Inflame","floor":29},{"not_picked":["Carnage","Thunderclap","Clothesline"],"picked":"SKIP","floor":31}],"player_experience":347230,"relics_obtained":[{"floor":7.0,"key":"Smiling Mask"},{"floor":9.0,"key":"Bag of Preparation"},{"floor":23,"key":"Whetstone"},{"floor":26,"key":"Mummified Hand"},{"floor":29,"key":"Bag of Marbles"}],"event_choices":[{"damage_healed":0,"gold_gain":0,"player_choice":"Ignored","damage_taken":0,"max_hp_gain":0,"max_hp_loss":0,"event_name":"Ghosts","floor":24,"gold_loss":0}],"is_beta":false,"boss_relics":[{"not_picked":["Black Star","Tiny House"],"picked":"Astrolabe"}],"items_purged_floors":[20],"is_endless":false,"potions_floor_spawned":[2,4,11,12,13,16,19,21,22,29],"killed_by":"Automaton","ascension_level":0}