{"gold_per_floor":[111,111,111,36,55,55,93,112,187,187],"floor_reached":10,"playtime":796,"items_purged":["Injury"],"score":106,"play_id":"f2938af6-5216-4ef2-953e-886f84860f81","local_time":"20190325225554","is_ascension_mode":true,"campfire_choices":[{"floor":6,"key":"REST"}],"neow_cost":"NONE","seed_source_timestamp":686648381633900,"circlet_count":0,"master_deck":["AscendersBane","Strike_B","Strike_B","Strike_B","Strike_B","Defend_B","Defend_B","Defend_B","Defend_B","Zap","Dualcast","Conserve Battery","Sweeping Beam","Machine Learning","Loop"],"relics":["Philosopher\u0027s Stone","Potion Belt","Golden Idol","Ginger","Pear"],"potions_floor_usage":[10],"damage_taken":[{"damage":6,"enemies":"Cultist","floor":1,"turns":4},{"damage":4,"enemies":"2 Louse","floor":5,"turns":3},{"damage":58,"enemies":"3 Sentries","floor":7,"turns":11},{"damage":3,"enemies":"Jaw Worm","floor":8,"turns":4},{"damage":17,"enemies":"Lagavulin","floor":10,"turns":7}],"seed_played":"-1757297587005099723","potions_obtained":[{"floor":8,"key":"EssenceOfSteel"}],"is_trial":false,"path_per_floor":["M","?","?","$","M","R","E","M","T","E"],"character_chosen":"DEFECT","items_purchased":[],"campfire_rested":1,"item_purchase_floors":[],"current_hp_per_floor":[62,50,50,50,46,68,10,7,17,0],"gold":187,"neow_bonus":"BOSS_RELIC","is_prod":false,"is_daily":false,"chose_seed":false,"campfire_upgraded":0,"win_rate":0,"timestamp":1553579754,"path_taken":["M","?","?","$","M","R","E","M","T","E"],"build_version":"2019-03-15","purchased_purges":1,"victory":false,"max_hp_per_floor":[75,75,75,75,75,75,75,75,85,85],"card_choices":[{"not_picked":["Recycle","Compile Driver"],"picked":"Conserve Battery","floor":1},{"not_picked":["Storm","Rebound"],"picked":"Sweeping Beam","floor":5},{"not_picked":["Blizzard","Hologram"],"picked":"Machine Learning","floor":7},{"not_picked":["Compile Driver","Ball Lightning"],"picked":"Loop","floor":8}],"player_experience":655809,"relics_obtained":[{"floor":7,"key":"Ginger"},{"floor":9,"key":"Pear"}],"event_choices":[{"damage_healed":0,"gold_gain":0,"player_choice":"Success","damage_taken":12,"relics_obtained":["Potion Belt"],"max_hp_gain":0,"max_hp_loss":0,"event_name":"Scrap Ooze","floor":2,"gold_loss":0},{"damage_healed":0,"gold_gain":0,"player_choice":"Take Wound","damage_taken":0,"relics_obtained":["Golden Idol"],"max_hp_gain":0,"max_hp_loss":0,"event_name":"Golden Idol","floor":3,"gold_loss":0,"cards_obtained":["Injury"]}],"is_beta":true,"boss_relics":[],"items_purged_floors":[4],"is_endless":false,"potions_floor_spawned":[8],"killed_by":"Lagavulin","ascension_level":12}