{"gold_per_floor":[360,377,389,407,180,180,214,226,226,226,238,46,58,78,78,155,155,168,168,168,125,125],"floor_reached":22,"playtime":866,"items_purged":["Strike_R"],"score":380,"play_id":"0294fd7d-dd0f-40ea-a344-5198a339cb8e","local_time":"20181228163143","is_ascension_mode":true,"campfire_choices":[{"data":"Uppercut","floor":6,"key":"SMITH"},{"floor":15,"key":"REST"}],"neow_cost":"TEN_PERCENT_HP_LOSS","seed_source_timestamp":81405948697230,"circlet_count":0,"master_deck":["AscendersBane","Strike_R+1","Strike_R","Strike_R","Strike_R","Defend_R","Defend_R","Defend_R","Defend_R","Bash","Uppercut+1","Shrug It Off","Pommel Strike+1","Evolve","Feed","Armaments","Demon Form","Combust","Feel No Pain","Shame","Body Slam+1"],"relics":["Black Blood","Darkstone Periapt","Whetstone","Blood Vial"],"potions_floor_usage":[11,14,16,18],"damage_taken":[{"damage":11,"enemies":"Jaw Worm","floor":1,"turns":5},{"damage":4,"enemies":"Cultist","floor":2,"turns":4},{"damage":0,"enemies":"2 Louse","floor":3,"turns":3},{"damage":6,"enemies":"Exordium Wildlife","floor":4,"turns":4},{"damage":40,"enemies":"Lagavulin","floor":7,"turns":6},{"damage":27,"enemies":"Exordium Thugs","floor":8,"turns":6},{"damage":0,"enemies":"3 Louse","floor":11,"turns":2},{"damage":3,"enemies":"Looter","floor":13,"turns":3},{"damage":10,"enemies":"Large Slime","floor":14,"turns":8},{"damage":35,"enemies":"Slime Boss","floor":16,"turns":8},{"damage":52,"enemies":"Shell Parasite","floor":18,"turns":11},{"damage":45,"enemies":"2 Thieves","floor":21,"turns":5},{"damage":15,"enemies":"Centurion and Healer","floor":22,"turns":1}],"seed_played":"-5300963789557321282","potions_obtained":[{"floor":1,"key":"FearPotion"},{"floor":7,"key":"Explosive Potion"},{"floor":11,"key":"FearPotion"},{"floor":16,"key":"EssenceOfSteel"},{"floor":21,"key":"Swift Potion"}],"is_trial":false,"path_per_floor":["M","M","M","M","$","R","E","M","T","?","M","$","M","M","R","B",null,"M","?","?","M","M"],"character_chosen":"IRONCLAD","items_purchased":["Feed","Fire Potion","Fire Potion","Feel No Pain"],"campfire_rested":1,"item_purchase_floors":[5,12,12,12],"current_hp_per_floor":[63,65,68,68,68,68,34,17,17,17,26,26,29,25,47,18,61,22,38,44,11,0],"gold":125,"neow_bonus":"TWO_FIFTY_GOLD","is_prod":false,"is_daily":false,"chose_seed":false,"campfire_upgraded":1,"win_rate":0,"timestamp":1546011103,"path_taken":["M","M","M","M","$","R","E","M","T","?","M","$","M","?","R","BOSS","M","?","?","M","M"],"build_version":"2018-12-20","purchased_purges":1,"victory":false,"max_hp_per_floor":[68,68,68,68,68,68,68,72,72,72,75,75,75,75,75,75,75,78,78,84,84,84],"card_choices":[{"not_picked":["Hemokinesis","Iron Wave"],"picked":"Uppercut","floor":1},{"not_picked":["Rupture","Armaments"],"picked":"Shrug It Off","floor":2},{"not_picked":["Spot Weakness","Infernal Blade"],"picked":"Pommel Strike","floor":3},{"not_picked":["Second Wind","Iron Wave"],"picked":"Evolve","floor":4},{"not_picked":["Havoc","Evolve"],"picked":"Armaments","floor":7},{"not_picked":["Shrug It Off","Carnage"],"picked":"Demon Form","floor":8},{"not_picked":["Intimidate","Pommel Strike"],"picked":"Combust","floor":11},{"not_picked":["Reckless Charge","Clash","Havoc"],"picked":"SKIP","floor":13},{"not_picked":["Twin Strike","Sever Soul","Reckless Charge"],"picked":"SKIP","floor":14},{"not_picked":["Sword Boomerang","Headbutt+1","Flex"],"picked":"SKIP","floor":18},{"not_picked":["Perfected Strike","Ghostly Armor"],"picked":"Body Slam+1","floor":21}],"player_experience":1055977,"relics_obtained":[{"floor":7,"key":"Darkstone Periapt"},{"floor":9,"key":"Whetstone"}],"event_choices":[{"damage_healed":0,"gold_gain":0,"player_choice":"0 cards matched","damage_taken":0,"max_hp_gain":0,"max_hp_loss":0,"event_name":"Match and Keep!","floor":10,"gold_loss":0,"cards_obtained":[]},{"damage_healed":16,"gold_gain":0,"player_choice":"Heal","damage_taken":0,"max_hp_gain":0,"max_hp_loss":0,"event_name":"The Library","floor":19,"gold_loss":0},{"damage_healed":0,"gold_gain":0,"player_choice":"Stole Relic","damage_taken":0,"relics_obtained":["Blood Vial"],"max_hp_gain":0,"max_hp_loss":0,"event_name":"Addict","floor":20,"gold_loss":0,"cards_obtained":["Shame"]}],"is_beta":false,"boss_relics":[{"not_picked":["White Beast Statue","Runic Dome"],"picked":"Black Blood"}],"items_purged_floors":[5],"is_endless":false,"potions_floor_spawned":[1,7,11,13,16,21],"killed_by":"Centurion and Healer","ascension_level":20}