{"gold_per_floor":[11,11,11,11,28,62,74,74,74,90,265,20,20,350,350,445,445,463,463,477,80,80,115,129,157,157,157,176,176,207,3,3,3],"floor_reached":33,"playtime":2228,"items_purged":[],"score":451,"play_id":"8bbfb479-01ea-4037-94d3-8b8374533507","local_time":"20190213210334","is_ascension_mode":true,"campfire_choices":[{"floor":8,"key":"REST"},{"floor":15,"key":"REST"},{"floor":27,"key":"REST"},{"floor":32,"key":"REST"}],"neow_cost":"NO_GOLD","seed_source_timestamp":2573545173117900,"circlet_count":0,"master_deck":["Defend_B+1","Defend_B+1","Dualcast+1","FTL+1","Machine Learning","Steam","Capacitor","Ball Lightning","Turbo","Conserve Battery","Cold Snap","Coolheaded+1","Conserve Battery","Reboot","Steam","Glacier","Storm+1","Storm","Glacier","Reinforced Body","Aggregate","Reinforced Body","Turbo+1","Static Discharge","White Noise"],"relics":["Cracked Core","Dodecahedron","Omamori","Runic Capacitor","Old Coin","Busted Crown","Bird Faced Urn","Bottled Lightning","Incense Burner","Whetstone","War Paint","Chemical X"],"potions_floor_usage":[6,14,14,23,23,24,25],"damage_taken":[{"damage":6,"enemies":"Small Slimes","floor":1,"turns":4},{"damage":0,"enemies":"Jaw Worm","floor":5,"turns":3},{"damage":17,"enemies":"3 Sentries","floor":6,"turns":5},{"damage":1,"enemies":"Cultist","floor":7,"turns":3},{"damage":7,"enemies":"Large Slime","floor":10,"turns":4},{"damage":8,"enemies":"Lagavulin","floor":14,"turns":6},{"damage":0,"enemies":"The Guardian","floor":16,"turns":12},{"damage":0,"enemies":"3 Byrds","floor":18,"turns":6},{"damage":4,"enemies":"Spheric Guardian","floor":20,"turns":5},{"damage":19,"enemies":"Slavers","floor":23,"turns":6},{"damage":8,"enemies":"Chosen and Byrds","floor":24,"turns":7},{"damage":56,"enemies":"Gremlin Leader","floor":25,"turns":10},{"damage":5,"enemies":"3 Cultists","floor":28,"turns":7},{"damage":33,"enemies":"Slavers","floor":30,"turns":8},{"damage":48,"enemies":"Champ","floor":33,"turns":16}],"seed_played":"1899971619099765537","potions_obtained":[{"floor":1,"key":"FocusPotion"},{"floor":6,"key":"Fire Potion"},{"floor":7,"key":"SkillPotion"},{"floor":10,"key":"FocusPotion"},{"floor":14,"key":"SteroidPotion"},{"floor":18,"key":"EssenceOfSteel"},{"floor":23,"key":"Dexterity Potion"},{"floor":24,"key":"SpeedPotion"}],"is_trial":false,"path_per_floor":["M","?","$","?","M","E","M","R","T","M","?","$","?","E","R","B",null,"M","?","M","$","?","E","M","E","T","R","M","?","E","$","R","B"],"character_chosen":"DEFECT","items_purchased":["Runic Capacitor","Coolheaded","Bird Faced Urn","Storm","Glacier","Chemical X"],"campfire_rested":4,"item_purchase_floors":[12,12,21,21,21,31],"current_hp_per_floor":[69,54,54,54,54,37,36,58,58,51,51,51,44,36,58,58,71,71,71,67,67,67,56,56,8,8,30,33,33,10,10,32,0],"gold":3,"neow_bonus":"TRANSFORM_TWO_CARDS","is_prod":false,"is_daily":false,"chose_seed":false,"campfire_upgraded":0,"win_rate":0,"timestamp":1550117014,"path_taken":["M","?","$","?","?","E","M","R","T","M","?","$","?","E","R","BOSS","M","?","M","$","?","E","M","E","T","R","M","?","E","$","R","BOSS"],"build_version":"2019-02-06","purchased_purges":0,"victory":false,"max_hp_per_floor":[75,75,75,75,75,75,75,75,75,75,75,75,75,75,75,75,75,75,75,75,75,75,75,75,75,75,75,75,75,75,75,75,75],"card_choices":[{"not_picked":["Rip and Tear","Recycle"],"picked":"Steam","floor":1},{"not_picked":["Turbo","Aggregate"],"picked":"Ball Lightning","floor":5},{"not_picked":["Blizzard","Darkness"],"picked":"Turbo","floor":6},{"not_picked":["Fusion","Lockon"],"picked":"Conserve Battery","floor":7},{"not_picked":["Force Field","Stack"],"picked":"Cold Snap","floor":10},{"not_picked":["Heatsinks","Rebound"],"picked":"Conserve Battery","floor":14},{"not_picked":["Meteor Strike","Biased Cognition"],"picked":"Reboot","floor":16},{"not_picked":[],"picked":"Steam","floor":18},{"not_picked":[],"picked":"Storm+1","floor":20},{"not_picked":[],"picked":"Reinforced Body","floor":23},{"not_picked":[],"picked":"Aggregate","floor":24},{"not_picked":[],"picked":"Reinforced Body","floor":25},{"not_picked":[],"picked":"Turbo+1","floor":28},{"not_picked":["Darkness"],"picked":"SKIP","floor":30}],"player_experience":501737,"relics_obtained":[{"floor":6,"key":"Dodecahedron"},{"floor":9,"key":"Omamori"},{"floor":14,"key":"Old Coin"},{"floor":23,"key":"Bottled Lightning"},{"floor":25,"key":"Incense Burner"},{"floor":26,"key":"Whetstone"},{"floor":30,"key":"War Paint"}],"event_choices":[{"damage_healed":0,"gold_gain":0,"player_choice":"Entered Light","damage_taken":15,"max_hp_gain":0,"max_hp_loss":0,"event_name":"Shining Light","floor":2,"gold_loss":0,"cards_upgraded":["Defend_B","Defend_B"]},{"damage_healed":0,"gold_gain":0,"cards_transformed":["Defend_B"],"player_choice":"Transformed","damage_taken":0,"max_hp_gain":0,"max_hp_loss":0,"event_name":"Transmorgrifier","floor":4,"gold_loss":0,"cards_obtained":["Capacitor"]},{"damage_healed":0,"gold_gain":175,"player_choice":"AGREE","damage_taken":0,"max_hp_gain":0,"max_hp_loss":0,"event_name":"Liars Game","floor":11,"gold_loss":0,"cards_obtained":["Doubt"]},{"cards_removed":["Defend_B"],"damage_healed":0,"gold_gain":0,"player_choice":"Card Removal","damage_taken":7,"max_hp_gain":0,"max_hp_loss":0,"event_name":"Golden Wing","floor":13,"gold_loss":0},{"damage_healed":0,"gold_gain":0,"player_choice":"Read","damage_taken":0,"max_hp_gain":0,"max_hp_loss":0,"event_name":"The Library","floor":19,"gold_loss":0,"cards_obtained":["Glacier"]},{"cards_removed":["Strike_B"],"damage_healed":0,"gold_gain":0,"player_choice":"Elegance","damage_taken":0,"max_hp_gain":0,"max_hp_loss":0,"event_name":"Back to Basics","floor":22,"gold_loss":0},{"damage_healed":0,"gold_gain":0,"cards_transformed":["Strike_B","Zap"],"player_choice":"Became Test Subject","damage_taken":0,"max_hp_gain":0,"max_hp_loss":0,"event_name":"Drug Dealer","floor":29,"gold_loss":0,"cards_obtained":["Static Discharge","White Noise"]}],"is_beta":true,"boss_relics":[{"not_picked":["Tiny House","Velvet Choker"],"picked":"Busted Crown"}],"items_purged_floors":[],"is_endless":false,"potions_floor_spawned":[1,6,7,10,14,18,23,24],"killed_by":"Champ","ascension_level":5}