{"gold_per_floor":[118,133,145,95,8,40,40,40,40,57,73,93,93,5,5,105,105,123,223,28,28,28],"floor_reached":22,"playtime":1605,"items_purged":["Strike_B"],"score":186,"play_id":"ecd6fd45-a264-4223-8f24-e4510fa66c94","local_time":"20190101230013","is_ascension_mode":false,"campfire_choices":[{"floor":7,"key":"RECALL"},{"floor":13,"key":"REST"},{"floor":15,"key":"REST"}],"neow_cost":"NONE","seed_source_timestamp":1501831660825770,"circlet_count":0,"master_deck":["Strike_B","Strike_B","Strike_B","Defend_B","Defend_B","Defend_B","Zap","Dualcast","Cold Snap","Hello World","Capacitor","Capacitor","Coolheaded","Compile Driver","Coolheaded","Biased Cognition","Conserve Battery","Consume","Conserve Battery","Electrodynamics","White Noise","Go for the Eyes","Stack","Heatsinks"],"relics":["Fusion Hammer","Pantograph","Pear","Black Star","Girya","Darkstone Periapt"],"potions_floor_usage":[16,19,21],"damage_taken":[{"damage":0,"enemies":"Cultist","floor":1,"turns":4},{"damage":0,"enemies":"Small Slimes","floor":2,"turns":3},{"damage":0,"enemies":"Jaw Worm","floor":3,"turns":4},{"damage":17,"enemies":"Lagavulin","floor":6,"turns":7},{"damage":24,"enemies":"Exordium Thugs","floor":10,"turns":6},{"damage":11,"enemies":"2 Fungi Beasts","floor":11,"turns":4},{"damage":12,"enemies":"Exordium Wildlife","floor":12,"turns":4},{"damage":22,"enemies":"Hexaghost","floor":16,"turns":13},{"damage":3,"enemies":"3 Byrds","floor":18,"turns":3},{"damage":25,"enemies":"Colosseum Slavers","floor":19,"turns":6},{"damage":51,"enemies":"Colosseum Nobs","floor":19,"turns":5},{"damage":0,"enemies":"Chosen","floor":21,"turns":1},{"damage":13,"enemies":"Snecko","floor":22,"turns":4}],"seed_played":"-4886634508322761508","potions_obtained":[{"floor":6,"key":"SpeedPotion"},{"floor":10,"key":"SteroidPotion"},{"floor":12,"key":"Block Potion"},{"floor":16,"key":"SmokeBomb"}],"is_trial":false,"path_per_floor":["M","M","M","?","$","E","R","$","T","M","M","M","R","$","R","B",null,"M","?","$","M","M"],"character_chosen":"DEFECT","items_purchased":["Capacitor","Coolheaded","Consume","Conserve Battery","Stack","Heatsinks"],"campfire_rested":2,"item_purchase_floors":[5,5,14,14,20,20],"current_hp_per_floor":[75,75,75,75,75,58,58,58,68,44,33,21,46,46,71,63,85,82,6,6,6,0],"gold":28,"neow_bonus":"BOSS_RELIC","is_prod":false,"is_daily":false,"chose_seed":false,"campfire_upgraded":0,"win_rate":0,"timestamp":1546408813,"path_taken":["M","?","?","?","?","E","R","$","T","M","?","M","R","$","R","BOSS","M","?","$","M","M"],"build_version":"2019-01-01v2","purchased_purges":1,"victory":false,"max_hp_per_floor":[75,75,75,75,75,75,75,75,85,85,85,85,85,85,85,85,85,85,85,85,85,85],"card_choices":[{"not_picked":["Barrage","Conserve Battery"],"picked":"Cold Snap","floor":1},{"not_picked":["Beam Cell","Steam"],"picked":"Hello World","floor":2},{"not_picked":["Coolheaded","Gash"],"picked":"Capacitor","floor":3},{"not_picked":["Rebound","Beam Cell"],"picked":"Compile Driver","floor":6},{"not_picked":["Redo","Beam Cell"],"picked":"Coolheaded","floor":10},{"not_picked":["Capacitor","Lockon"],"picked":"Biased Cognition","floor":11},{"not_picked":["Storm","Recycle"],"picked":"Conserve Battery","floor":12},{"not_picked":["Core Surge","Machine Learning"],"picked":"Electrodynamics","floor":16},{"not_picked":["Scrape","Beam Cell"],"picked":"White Noise","floor":18},{"not_picked":["Turbo","Consume"],"picked":"Go for the Eyes","floor":19}],"player_experience":288508,"relics_obtained":[{"floor":6,"key":"Pantograph"},{"floor":9,"key":"Pear"},{"floor":19,"key":"Girya"},{"floor":19,"key":"Darkstone Periapt"}],"event_choices":[{"cards_removed":["Defend_B"],"damage_healed":0,"gold_gain":0,"player_choice":"Card Removal","damage_taken":0,"max_hp_gain":0,"max_hp_loss":0,"event_name":"The Cleric","floor":4,"gold_loss":50},{"damage_healed":0,"gold_gain":0,"player_choice":"Fight","damage_taken":0,"max_hp_gain":0,"max_hp_loss":0,"event_name":"Colosseum","floor":19,"gold_loss":0},{"damage_healed":0,"gold_gain":0,"player_choice":"Fought Nobs","damage_taken":0,"max_hp_gain":0,"max_hp_loss":0,"event_name":"Colosseum","floor":19,"gold_loss":0}],"is_beta":true,"boss_relics":[{"not_picked":["Ectoplasm","Tiny House"],"picked":"Black Star"}],"items_purged_floors":[20],"is_endless":false,"potions_floor_spawned":[6,10,12,16,18],"killed_by":"Snecko","ascension_level":0}