{"gold_per_floor":[119,194,194,213,32,32,66,66,134,151,151,165,193,193,193,290,290,308,326,81,92,342,342,353,353,353,172,182,244,261,261],"floor_reached":31,"playtime":1406,"items_purged":["Strike_B","Defend_B","Defend_B"],"score":247,"play_id":"325e53cc-c8c9-4595-a828-4a2dcbab65ef","local_time":"20181213190305","is_ascension_mode":false,"campfire_choices":[{"data":"Zap","floor":6,"key":"SMITH"},{"data":"Dualcast","floor":11,"key":"SMITH"},{"floor":15,"key":"REST"},{"floor":23,"key":"REST"},{"floor":25,"key":"REST"}],"neow_cost":"NONE","seed_source_timestamp":2246831482007174,"circlet_count":0,"master_deck":["Strike_B","Strike_B","Strike_B","Defend_B","Defend_B","Zap+1","Dualcast+1","Thunder Strike+1","Gash+1","Leap","Swift Strike","Sweeping Beam","Hologram","Genetic Algorithm","Gash","Machine Learning","Scrape","Pain","Scrape","Hologram","Hologram+1"],"relics":["Cracked Core","Regal Pillow","Du-Vu Doll","Bottled Lightning","Vajra","SsserpentHead","Cursed Key","Whetstone","Bag of Marbles"],"potions_floor_usage":[10,13,13,13,29,31,31,31],"damage_taken":[{"damage":0,"enemies":"Small Slimes","floor":1,"turns":2},{"damage":3,"enemies":"Jaw Worm","floor":4,"turns":3},{"damage":21,"enemies":"Lagavulin","floor":7,"turns":6},{"damage":0,"enemies":"Cultist","floor":10,"turns":2},{"damage":5,"enemies":"2 Fungi Beasts","floor":12,"turns":3},{"damage":1,"enemies":"3 Sentries","floor":13,"turns":4},{"damage":46,"enemies":"Hexaghost","floor":16,"turns":9},{"damage":0,"enemies":"Chosen","floor":18,"turns":4},{"damage":28,"enemies":"Shell Parasite","floor":19,"turns":5},{"damage":24,"enemies":"Snake Plant","floor":21,"turns":4},{"damage":20,"enemies":"Snecko","floor":24,"turns":4},{"damage":14,"enemies":"Cultist and Chosen","floor":28,"turns":4},{"damage":28,"enemies":"Snake Plant","floor":29,"turns":4},{"damage":22,"enemies":"Snecko","floor":30,"turns":4},{"damage":12,"enemies":"Slavers","floor":31,"turns":1}],"seed_played":"-964980720862280008","potions_obtained":[{"floor":4,"key":"LiquidBronze"},{"floor":7,"key":"Swift Potion"},{"floor":8,"key":"Swift Potion"},{"floor":12,"key":"Strength Potion"},{"floor":21,"key":"Energy Potion"},{"floor":24,"key":"EssenceOfSteel"},{"floor":29,"key":"FocusPotion"},{"floor":30,"key":"Swift Potion"}],"is_trial":false,"path_per_floor":["M","?","T","M","$","R","E","?","T","M","R","M","E","?","R","B",null,"M","M","$","M","?","R","M","R","T","$","M","M","M","E"],"character_chosen":"DEFECT","items_purchased":["Swift Strike","Sweeping Beam","Whetstone","Scrape","Hologram"],"campfire_rested":3,"item_purchase_floors":[5,5,20,27,27],"current_hp_per_floor":[75,64,64,61,61,61,40,40,40,40,40,35,34,34,71,25,75,75,47,47,23,23,60,40,75,75,75,61,33,11,0],"gold":261,"neow_bonus":"ONE_RANDOM_RARE_CARD","is_prod":false,"is_daily":false,"chose_seed":false,"campfire_upgraded":2,"win_rate":0,"timestamp":1544752985,"path_taken":["M","?","?","M","$","R","E","?","T","M","R","?","E","?","R","BOSS","M","M","$","M","?","R","M","R","T","?","M","?","M","E"],"build_version":"2018-12-13","purchased_purges":3,"victory":false,"max_hp_per_floor":[75,75,75,75,75,75,75,75,75,75,75,75,75,75,75,75,75,75,75,75,75,75,75,75,75,75,75,75,75,75,75],"card_choices":[{"not_picked":["Streamline","Compile Driver"],"picked":"Gash","floor":1},{"not_picked":["Compile Driver","Streamline"],"picked":"Leap","floor":4},{"not_picked":["Creative AI","Steam"],"picked":"Hologram","floor":7},{"not_picked":["Hologram","Sweeping Beam"],"picked":"Genetic Algorithm","floor":10},{"not_picked":["Glacier","Coolheaded"],"picked":"Gash","floor":12},{"not_picked":["Sunder","Beam Cell"],"picked":"Machine Learning","floor":13},{"not_picked":["Darkness","Hello World","Ball Lightning"],"picked":"SKIP","floor":18},{"not_picked":["Leap","Capacitor","Chill"],"picked":"SKIP","floor":19},{"not_picked":["Hello World+1","Leap"],"picked":"Scrape","floor":21},{"not_picked":["Cold Snap","Steam","Creative AI"],"picked":"SKIP","floor":24},{"not_picked":["Go for the Eyes","White Noise","Streamline"],"picked":"SKIP","floor":28},{"not_picked":["Loop","Heatsinks","Reprogram"],"picked":"SKIP","floor":29},{"not_picked":["Rip and Tear","Cold Snap"],"picked":"Hologram+1","floor":30}],"player_experience":228416,"relics_obtained":[{"floor":3,"key":"Regal Pillow"},{"floor":7,"key":"Du-Vu Doll"},{"floor":9,"key":"Bottled Lightning"},{"floor":13,"key":"Vajra"},{"floor":26,"key":"Bag of Marbles"}],"event_choices":[{"damage_healed":0,"gold_gain":75,"player_choice":"Gather Gold","damage_taken":11,"max_hp_gain":0,"max_hp_loss":0,"event_name":"World of Goop","floor":2,"gold_loss":0},{"damage_healed":0,"gold_gain":0,"player_choice":"Got Potions","damage_taken":0,"max_hp_gain":0,"max_hp_loss":0,"event_name":"Lab","floor":8,"gold_loss":0},{"damage_healed":0,"gold_gain":0,"player_choice":"Trade","damage_taken":0,"relics_obtained":["SsserpentHead"],"max_hp_gain":0,"max_hp_loss":0,"event_name":"FaceTrader","floor":14,"gold_loss":0},{"damage_healed":0,"gold_gain":200,"player_choice":"Gold","damage_taken":0,"max_hp_gain":0,"max_hp_loss":0,"event_name":"Wheel of Change","floor":22,"gold_loss":0}],"is_beta":true,"boss_relics":[{"not_picked":["Orrery","Runic Pyramid"],"picked":"Cursed Key"}],"items_purged_floors":[5,20,27],"is_endless":false,"potions_floor_spawned":[4,7,12,21,24,29,30],"killed_by":"Slavers","ascension_level":0}