{"gold_per_floor":[116,41,54,69,69,69,96,37,37,54,65,95,95,33,33,111,111,122,140,190,201,95,129,129,148,148,148],"floor_reached":27,"playtime":1081,"items_purged":[],"score":486,"play_id":"977eec7a-e479-4e56-ac79-a905deecfad5","local_time":"20181231153139","is_ascension_mode":true,"campfire_choices":[{"data":"Glacier","floor":6,"key":"SMITH"},{"floor":13,"key":"REST"},{"data":"Ball Lightning","floor":15,"key":"SMITH"},{"floor":24,"key":"REST"}],"neow_cost":"NONE","seed_source_timestamp":336795454113260,"circlet_count":0,"master_deck":["AscendersBane","Strike_B","Defend_B","Defend_B","Defend_B","Defend_B","Zap+1","Dualcast","Conserve Battery","Biased Cognition+1","Glacier+1","Ball Lightning+1","FTL","Cold Snap","Electrodynamics","Panacea","Blizzard"],"relics":["Cracked Core","Bottled Flame","Bottled Lightning","Dream Catcher","Empty Cage","Anchor","Toxic Egg 2"],"potions_floor_usage":[16,27,27,27,27],"damage_taken":[{"damage":7,"enemies":"Small Slimes","floor":1,"turns":3},{"damage":2,"enemies":"Jaw Worm","floor":3,"turns":4},{"damage":0,"enemies":"Cultist","floor":4,"turns":3},{"damage":28,"enemies":"Gremlin Nob","floor":7,"turns":6},{"damage":0,"enemies":"2 Fungi Beasts","floor":10,"turns":3},{"damage":8,"enemies":"Large Slime","floor":11,"turns":5},{"damage":11,"enemies":"3 Sentries","floor":12,"turns":8},{"damage":2,"enemies":"The Guardian","floor":16,"turns":11},{"damage":4,"enemies":"Shell Parasite","floor":18,"turns":5},{"damage":0,"enemies":"Chosen","floor":19,"turns":5},{"damage":10,"enemies":"Centurion and Healer","floor":21,"turns":4},{"damage":35,"enemies":"Book of Stabbing","floor":23,"turns":7},{"damage":0,"enemies":"3 Cultists","floor":25,"turns":4},{"damage":33,"enemies":"Gremlin Leader","floor":27,"turns":7}],"seed_played":"-5906659275877765661","potions_obtained":[{"floor":7,"key":"FocusPotion"},{"floor":10,"key":"FairyPotion"},{"floor":12,"key":"FocusPotion"},{"floor":16,"key":"EntropicBrew"}],"is_trial":false,"path_per_floor":["M","?","M","M","?","R","E","$","T","M","M","E","R","?","R","B",null,"M","M","?","M","$","E","R","M","T","E"],"character_chosen":"DEFECT","items_purchased":["Ball Lightning","Panacea"],"campfire_rested":2,"item_purchase_floors":[8,22],"current_hp_per_floor":[57,57,55,55,55,55,27,27,27,27,19,8,29,29,29,27,60,56,56,56,46,46,11,32,32,32,0],"gold":148,"neow_bonus":"UPGRADE_CARD","is_prod":false,"is_daily":false,"chose_seed":false,"campfire_upgraded":2,"win_rate":0,"timestamp":1546266699,"path_taken":["M","?","M","M","?","R","E","$","T","M","M","E","R","?","R","BOSS","M","M","?","M","$","E","R","?","T","E"],"build_version":"2018-12-20","purchased_purges":0,"victory":false,"max_hp_per_floor":[71,71,71,71,71,71,71,71,71,71,71,71,71,71,71,71,71,71,71,71,71,71,71,71,71,71,71],"card_choices":[{"not_picked":["Barrage","Hologram"],"picked":"Conserve Battery","floor":1},{"not_picked":["Turbo","Gash"],"picked":"Biased Cognition","floor":3},{"not_picked":["Cold Snap","Hologram"],"picked":"Glacier","floor":4},{"not_picked":["Skim","Conserve Battery","Auto Shields"],"picked":"SKIP","floor":7},{"not_picked":["Hello World","Barrage"],"picked":"FTL","floor":10},{"not_picked":["Barrage","Heatsinks","Stack"],"picked":"SKIP","floor":11},{"not_picked":["Lockon","Recycle"],"picked":"Cold Snap","floor":12},{"not_picked":["All For One","Multi-Cast"],"picked":"Electrodynamics","floor":16},{"not_picked":["Gash","Capacitor","Compile Driver"],"picked":"SKIP","floor":18},{"not_picked":["Cold Snap","Genetic Algorithm","Glacier"],"picked":"SKIP","floor":19},{"not_picked":["Sweeping Beam","Streamline+1","Conserve Battery+1"],"picked":"SKIP","floor":21},{"not_picked":["Steam","Barrage"],"picked":"Blizzard","floor":23},{"not_picked":["Darkness","Skim","Gash"],"picked":"SKIP","floor":25}],"player_experience":1081639,"relics_obtained":[{"floor":7,"key":"Bottled Flame"},{"floor":9,"key":"Bottled Lightning"},{"floor":12,"key":"Dream Catcher"},{"floor":23,"key":"Anchor"},{"floor":26,"key":"Toxic Egg 2"}],"event_choices":[{"cards_removed":["Strike_B"],"damage_healed":0,"gold_gain":0,"player_choice":"Card Removal","damage_taken":0,"max_hp_gain":0,"max_hp_loss":0,"event_name":"The Cleric","floor":2,"gold_loss":75},{"damage_healed":0,"gold_gain":0,"player_choice":"Grow","damage_taken":0,"max_hp_gain":0,"max_hp_loss":0,"event_name":"Living Wall","floor":5,"gold_loss":0,"cards_upgraded":["Biased Cognition"]},{"damage_healed":0,"gold_gain":0,"player_choice":"Left Gold","damage_taken":0,"max_hp_gain":0,"max_hp_loss":0,"event_name":"World of Goop","floor":14,"gold_loss":62},{"damage_healed":0,"gold_gain":50,"player_choice":"Pray","damage_taken":0,"max_hp_gain":0,"max_hp_loss":0,"event_name":"Golden Shrine","floor":20,"gold_loss":0}],"is_beta":false,"boss_relics":[{"not_picked":["Calling Bell","Coffee Dripper"],"picked":"Empty Cage"}],"items_purged_floors":[],"is_endless":false,"potions_floor_spawned":[7,10,12,16,18,19,25],"killed_by":"Gremlin Leader","ascension_level":20}