{"gold_per_floor":[114,127,127,139,159,184,203,214,237,237,268,282,282,282,282,282],"floor_reached":16,"playtime":2838,"items_purged":[],"score":114,"play_id":"43e9f613-5254-435d-bf6f-fc95a83234ed","local_time":"20190414033302","is_ascension_mode":false,"campfire_choices":[{"floor":10,"key":"REST"},{"floor":15,"key":"REST"}],"neow_cost":"","seed_source_timestamp":127468631427800,"circlet_count":0,"master_deck":["Strike_R","Strike_R","Strike_R","Strike_R","Strike_R","Defend_R","Defend_R","Defend_R","Defend_R","Bash","Twin Strike","Clothesline","Rage","Shrug It Off","Searing Blow","Entrench","Flame Barrier","Dropkick","Anger"],"relics":["Burning Blood","Happy Flower","Charon\u0027s Ashes","Dream Catcher","Bag of Marbles","Potion Belt"],"potions_floor_usage":[11,16],"damage_taken":[{"damage":8,"enemies":"Jaw Worm","floor":1,"turns":4},{"damage":1,"enemies":"Cultist","floor":2,"turns":3},{"damage":3,"enemies":"Small Slimes","floor":4,"turns":3},{"damage":13,"enemies":"3 Louse","floor":5,"turns":3},{"damage":27,"enemies":"3 Sentries","floor":6,"turns":10},{"damage":12,"enemies":"Blue Slaver","floor":7,"turns":4},{"damage":1,"enemies":"Exordium Wildlife","floor":8,"turns":3},{"damage":13,"enemies":"Lagavulin","floor":11,"turns":5},{"damage":11,"enemies":"Large Slime","floor":12,"turns":8},{"damage":77,"enemies":"The Guardian","floor":16,"turns":9}],"seed_played":"-2340638177338488979","potions_obtained":[{"floor":2,"key":"GamblersBrew"},{"floor":4,"key":"SteroidPotion"},{"floor":11,"key":"Poison Potion"},{"floor":12,"key":"Dexterity Potion"}],"is_trial":false,"path_per_floor":["M","M","?","M","M","E","M","M","T","R","E","M","$","?","R","B"],"character_chosen":"IRONCLAD","items_purchased":[],"campfire_rested":2,"item_purchase_floors":[],"current_hp_per_floor":[78,80,80,80,73,52,46,51,51,75,68,63,63,51,75,0],"gold":282,"neow_bonus":"","is_prod":false,"is_daily":false,"chose_seed":false,"campfire_upgraded":0,"win_rate":0.0,"timestamp":1555227182,"path_taken":["M","M","?","M","M","E","M","M","T","R","E","?","?","?","R","BOSS"],"build_version":"2019-01-23","purchased_purges":0,"victory":false,"max_hp_per_floor":[80,80,80,80,80,80,80,80,80,80,80,80,80,80,80,80],"card_choices":[{"not_picked":["Shrug It Off","Sword Boomerang"],"picked":"Twin Strike","floor":1},{"not_picked":["Dark Embrace","Rupture"],"picked":"Clothesline","floor":2},{"not_picked":["Sword Boomerang","Burning Pact"],"picked":"Rage","floor":4},{"not_picked":["Feel No Pain","Sword Boomerang"],"picked":"Shrug It Off","floor":5},{"not_picked":["Entrench","Feel No Pain"],"picked":"Searing Blow","floor":6},{"not_picked":["Headbutt","Body Slam"],"picked":"Entrench","floor":7},{"not_picked":["Infernal Blade","Iron Wave"],"picked":"Flame Barrier","floor":8},{"not_picked":["Feed","Clothesline"],"picked":"Dropkick","floor":11},{"not_picked":["Armaments","Disarm","True Grit"],"picked":"SKIP","floor":12},{"not_picked":["True Grit","Pommel Strike"],"picked":"Anger","floor":15}],"player_experience":0,"relics_obtained":[{"floor":6,"key":"Charon\u0027s Ashes"},{"floor":9,"key":"Dream Catcher"},{"floor":11,"key":"Bag of Marbles"}],"event_choices":[{"damage_healed":0,"gold_gain":0,"player_choice":"Gave Potion","damage_taken":0,"relics_obtained":["Happy Flower"],"max_hp_gain":0,"max_hp_loss":0,"event_name":"WeMeetAgain","floor":3,"gold_loss":0},{"damage_healed":0,"gold_gain":0,"player_choice":"Success","damage_taken":12,"relics_obtained":["Potion Belt"],"max_hp_gain":0,"max_hp_loss":0,"event_name":"Scrap Ooze","floor":14,"gold_loss":0}],"is_beta":false,"boss_relics":[],"items_purged_floors":[],"is_endless":false,"potions_floor_spawned":[2,4,11,12],"killed_by":"The Guardian","ascension_level":0}