{"gold_per_floor":[361,361,536,216,216,216,251,251,278,305,305,336,336,347,347,347],"floor_reached":16,"playtime":688,"items_purged":["Doubt"],"score":177,"play_id":"abcbdc6a-ae38-4d1f-81b0-3fdb1a49da0c","local_time":"20190402154025","is_ascension_mode":true,"campfire_choices":[{"data":"Pommel Strike","floor":6,"key":"SMITH"},{"floor":8,"key":"REST"},{"floor":11,"key":"REST"},{"floor":15,"key":"REST"}],"neow_cost":"PERCENT_DAMAGE","seed_source_timestamp":85745620081891,"circlet_count":0,"master_deck":["AscendersBane","Strike_R","Strike_R","Strike_R","Strike_R","Strike_R","Defend_R","Defend_R","Defend_R","Defend_R","Bash+1","Pommel Strike+1","Shrug It Off","Ghostly Armor","Clothesline+1","Cleave+1"],"relics":["Burning Blood","Dodecahedron","ClockworkSouvenir","Molten Egg 2","Art of War","Toxic Egg 2","Regal Pillow"],"potions_floor_usage":[16],"damage_taken":[{"damage":2,"enemies":"2 Louse","floor":1,"turns":2},{"damage":32,"enemies":"Gremlin Nob","floor":7,"turns":4},{"damage":29,"enemies":"3 Sentries","floor":10,"turns":12},{"damage":42,"enemies":"Lagavulin","floor":12,"turns":9},{"damage":0,"enemies":"Small Slimes","floor":14,"turns":4},{"damage":60,"enemies":"Slime Boss","floor":16,"turns":8}],"seed_played":"-5540424848056876988","potions_obtained":[{"floor":14,"key":"EssenceOfSteel"}],"is_trial":false,"path_per_floor":["M","?","?","$","?","R","E","R","T","E","R","E","?","M","R","B"],"character_chosen":"IRONCLAD","items_purchased":["Shrug It Off","ClockworkSouvenir"],"campfire_rested":3,"item_purchase_floors":[4,4],"current_hp_per_floor":[55,52,52,52,52,52,26,50,50,27,51,15,15,21,60,0],"gold":347,"neow_bonus":"TWO_FIFTY_GOLD","is_prod":false,"is_daily":false,"chose_seed":false,"campfire_upgraded":1,"win_rate":0,"timestamp":1554230425,"path_taken":["M","?","?","$","?","R","E","R","T","E","R","E","?","M","R","BOSS"],"build_version":"2019-01-23","purchased_purges":1,"victory":false,"max_hp_per_floor":[80,80,80,80,80,80,80,80,80,80,80,80,80,80,80,80],"card_choices":[{"not_picked":["Twin Strike","Armaments"],"picked":"Pommel Strike","floor":1},{"not_picked":["Sword Boomerang","Body Slam"],"picked":"Ghostly Armor","floor":7},{"not_picked":["Perfected Strike+1","Limit Break","Infernal Blade"],"picked":"SKIP","floor":10},{"not_picked":["Shrug It Off+1","Body Slam+1"],"picked":"Clothesline+1","floor":12},{"not_picked":["Sword Boomerang+1","True Grit+1"],"picked":"Cleave+1","floor":14}],"player_experience":471205,"relics_obtained":[{"floor":7,"key":"Molten Egg 2"},{"floor":9,"key":"Art of War"},{"floor":10,"key":"Toxic Egg 2"},{"floor":12,"key":"Regal Pillow"}],"event_choices":[{"damage_healed":0,"gold_gain":0,"player_choice":"Success","damage_taken":3,"relics_obtained":["Dodecahedron"],"max_hp_gain":0,"max_hp_loss":0,"event_name":"Scrap Ooze","floor":2,"gold_loss":0},{"damage_healed":0,"gold_gain":175,"player_choice":"AGREE","damage_taken":0,"max_hp_gain":0,"max_hp_loss":0,"event_name":"Liars Game","floor":3,"gold_loss":0,"cards_obtained":["Doubt"]},{"damage_healed":0,"gold_gain":0,"player_choice":"Grow","damage_taken":0,"max_hp_gain":0,"max_hp_loss":0,"event_name":"Living Wall","floor":5,"gold_loss":0,"cards_upgraded":["Bash"]},{"damage_healed":0,"gold_gain":0,"player_choice":"Searched \u00270\u0027 times","damage_taken":0,"max_hp_gain":0,"max_hp_loss":0,"event_name":"Dead Adventurer","floor":13,"gold_loss":0}],"is_beta":false,"boss_relics":[],"items_purged_floors":[4],"is_endless":false,"potions_floor_spawned":[14],"killed_by":"Slime Boss","ascension_level":11}