{"gold_per_floor":[112,132,132,148,166,166,166,166,192,220,220,237,2,20,20,121,121,136,136,119,99,23,23,41,41,41,17,17,32,32],"floor_reached":30,"playtime":1509,"items_purged":[],"score":288,"play_id":"00ea5a11-cc59-4d1f-a06e-1e3a746b19c2","local_time":"20180918135926","is_ascension_mode":true,"campfire_choices":[{"data":"Infinite Blades","floor":6,"key":"SMITH"},{"floor":8,"key":"REST"},{"floor":15,"key":"REST"},{"floor":23,"key":"REST"},{"floor":25,"key":"REST"},{"data":"Storm of Steel","floor":28,"key":"SMITH"}],"neow_cost":"","seed_source_timestamp":1190598525668874,"circlet_count":0,"master_deck":["Defend_G","Defend_G","Defend_G","Defend_G","Defend_G+1","Strike_G","Strike_G","Strike_G","Strike_G","Strike_G","Survivor","Neutralize","Bane","Infinite Blades+1","Phantasmal Killer+1","Panacea","Catalyst","Setup","Prepared","Backstab","Accuracy","Backflip","Storm of Steel+1","Bane","Cloak And Dagger","Forethought","Endless Agony","Noxious Fumes","Dagger Spray"],"relics":["Ring of the Snake","Centennial Puzzle","Bag of Preparation","Blood Vial","Busted Crown","Darkstone Periapt"],"potions_floor_usage":[5,12,16,16,24,29,29],"damage_taken":[{"damage":0,"enemies":"2 Louse","floor":1,"turns":4},{"damage":1,"enemies":"Cultist","floor":2,"turns":6},{"damage":10,"enemies":"Jaw Worm","floor":4,"turns":5},{"damage":6,"enemies":"2 Fungi Beasts","floor":5,"turns":4},{"damage":27,"enemies":"Gremlin Nob","floor":10,"turns":4},{"damage":0,"enemies":"3 Louse","floor":12,"turns":1},{"damage":2,"enemies":"Large Slime","floor":14,"turns":5},{"damage":45,"enemies":"Hexaghost","floor":16,"turns":13},{"damage":32,"enemies":"Shell Parasite","floor":18,"turns":6},{"damage":26,"enemies":"2 Thieves","floor":20,"turns":4},{"damage":15,"enemies":"Snecko","floor":24,"turns":4},{"damage":16,"enemies":"Shelled Parasite and Fungi","floor":29,"turns":3},{"damage":19,"enemies":"Centurion and Healer","floor":30,"turns":4}],"seed_played":"-2759015953375623096","potions_obtained":[{"floor":4,"key":"Poison Potion"},{"floor":5,"key":"SkillPotion"},{"floor":10,"key":"Explosive Potion"},{"floor":12,"key":"Block Potion"},{"floor":16,"key":"Strength Potion"},{"floor":18,"key":"Poison Potion"},{"floor":21,"key":"Swift Potion"}],"is_trial":false,"path_per_floor":["M","M","?","M","M","R","?","R","T","E","?","M","$","M","R","B",null,"M","?","M","?","$","R","M","R","T","$","R","M"],"character_chosen":"THE_SILENT","items_purchased":["Accuracy","Blood Vial","Noxious Fumes","Dagger Spray"],"campfire_rested":4,"item_purchase_floors":[13,13,22,27],"current_hp_per_floor":[70,69,69,59,53,53,39,60,60,33,33,33,33,33,54,11,55,25,25,1,1,1,22,9,30,30,30,30,16,0],"gold":32,"neow_bonus":"","is_prod":false,"is_daily":false,"chose_seed":false,"campfire_upgraded":2,"win_rate":0,"timestamp":1537271966,"path_taken":["M","M","?","M","M","R","?","R","T","E","?","M","$","M","R","BOSS","M","?","?","?","?","R","M","R","T","$","R","?","?"],"build_version":"2018-09-06","purchased_purges":0,"victory":false,"max_hp_per_floor":[70,70,70,70,70,70,70,70,70,70,70,70,70,70,70,70,70,70,70,70,70,70,70,70,70,70,70,70,70,70],"card_choices":[{"not_picked":["Outmaneuver","Deflect"],"picked":"Bane","floor":1},{"not_picked":["PiercingWail","Acrobatics"],"picked":"Infinite Blades","floor":2},{"not_picked":["Deflect","Endless Agony"],"picked":"Catalyst","floor":4},{"not_picked":["Quick Slash","Flechettes","Setup"],"picked":"SKIP","floor":5},{"not_picked":["Quick Slash","Flechettes"],"picked":"Setup","floor":5},{"not_picked":["Deflect","Tactician"],"picked":"Prepared","floor":10},{"not_picked":["Underhanded Strike","Dagger Spray"],"picked":"Backstab","floor":12},{"not_picked":["Blade Dance","Poisoned Stab"],"picked":"Backflip","floor":14},{"not_picked":["Grand Finale","Venomology"],"picked":"Storm of Steel","floor":16},{"not_picked":[],"picked":"Bane","floor":18},{"not_picked":[],"picked":"Endless Agony","floor":20},{"not_picked":["Backflip"],"picked":"SKIP","floor":24},{"not_picked":["Skewer+1"],"picked":"SKIP","floor":29}],"player_experience":361026,"relics_obtained":[{"floor":9,"key":"Centennial Puzzle"},{"floor":10,"key":"Bag of Preparation"},{"floor":26,"key":"Darkstone Periapt"}],"event_choices":[{"event_name":"Match and Keep!","player_choice":"2 cards matched","floor":3,"damage_taken":0},{"event_name":"Shining Light","player_choice":"Entered Light","floor":7,"damage_taken":0},{"event_name":"FaceTrader","player_choice":"Leave","floor":11,"damage_taken":0},{"event_name":"Match and Keep!","player_choice":"2 cards matched","floor":19,"damage_taken":0},{"event_name":"The Woman in Blue","player_choice":"Bought 1 Potion","floor":21,"damage_taken":0}],"is_beta":false,"boss_relics":[{"not_picked":["Lizard Tail","Calling Bell"],"picked":"Busted Crown"}],"items_purged_floors":[],"is_endless":false,"potions_floor_spawned":[4,5,10,12,16,18],"killed_by":"Centurion and Healer","ascension_level":5}