{"gold_per_floor":[113,131,33,33,33,66,28,28,55,69,69,19,0,19,19,114,114,124,10,10,26,26,26,55,55,55,90,110,120,120,14,14,117,117,132,132,57,76,89,89,89,121,133,145,177,204,233,245],"floor_reached":48,"playtime":2142,"items_purged":["Thunderclap+1"],"score":548,"play_id":"6d9ca3f1-b339-49ec-96ce-30bff5aea64d","local_time":"20181221233956","is_ascension_mode":false,"campfire_choices":[{"floor":8,"key":"REST"},{"floor":11,"key":"REST"},{"data":"Rupture","floor":15,"key":"SMITH"},{"floor":23,"key":"REST"},{"data":"Infernal Blade","floor":25,"key":"SMITH"},{"floor":30,"key":"REST"},{"floor":32,"key":"REST"},{"floor":41,"key":"RECALL"},{"floor":44,"key":"REST"}],"neow_cost":"NONE","seed_source_timestamp":553224109343016,"circlet_count":0,"master_deck":["Bash","Sword Boomerang","Rupture+1","Clothesline","Disarm","Combust","Hemokinesis+1","Thunderclap+1","Immolate+1","Offering","Whirlwind+1","Infernal Blade+1","Shrug It Off","Carnage+1","Bloodletting+1","Shrug It Off","Corruption","Exhume","Feel No Pain","Evolve","Pummel+1","Feel No Pain","Fiend Fire+1","Reckless Charge+1","Carnage+1","Iron Wave+1","Flame Barrier+1","Armaments","Feel No Pain+1","Entrench+1"],"relics":["Runic Cube","Omamori","Molten Egg 2","Busted Crown","WarpedTongs","Sundial","Gremlin Horn","Bottled Lightning","Pandora\u0027s Box","Mummified Hand","MawBank","Singing Bowl"],"potions_floor_usage":[16,18,24,27,33,33,47],"damage_taken":[{"damage":0,"enemies":"2 Louse","floor":1,"turns":5},{"damage":0,"enemies":"Small Slimes","floor":2,"turns":3},{"damage":33,"enemies":"Lagavulin","floor":6,"turns":8},{"damage":7,"enemies":"Jaw Worm","floor":10,"turns":4},{"damage":0,"enemies":"Large Slime","floor":14,"turns":5},{"damage":3,"enemies":"Slime Boss","floor":16,"turns":5},{"damage":5,"enemies":"3 Byrds","floor":18,"turns":3},{"damage":21,"enemies":"Shell Parasite","floor":21,"turns":3},{"damage":10,"enemies":"Slavers","floor":24,"turns":2},{"damage":19,"enemies":"Book of Stabbing","floor":27,"turns":4},{"damage":6,"enemies":"Cultist and Chosen","floor":28,"turns":3},{"damage":11,"enemies":"Snake Plant","floor":29,"turns":3},{"damage":47,"enemies":"Champ","floor":33,"turns":6},{"damage":9,"enemies":"3 Darklings","floor":35,"turns":1},{"damage":6,"enemies":"Orb Walker","floor":38,"turns":1},{"damage":9,"enemies":"3 Darklings","floor":39,"turns":1},{"damage":30,"enemies":"Nemesis","floor":42,"turns":5},{"damage":17,"enemies":"Writhing Mass","floor":45,"turns":5},{"damage":29,"enemies":"Spire Growth","floor":46,"turns":4},{"damage":6,"enemies":"4 Shapes","floor":47,"turns":5},{"damage":14,"enemies":"Jaw Worm Horde","floor":48,"turns":1}],"seed_played":"8152461509245632277","potions_obtained":[{"floor":14,"key":"Ancient Potion"},{"floor":16,"key":"Poison Potion"},{"floor":18,"key":"SteroidPotion"},{"floor":24,"key":"Swift Potion"},{"floor":27,"key":"EssenceOfSteel"},{"floor":28,"key":"Dexterity Potion"},{"floor":39,"key":"GamblersBrew"},{"floor":45,"key":"SteroidPotion"},{"floor":46,"key":"Ancient Potion"},{"floor":47,"key":"Weak Potion"}],"is_trial":false,"path_per_floor":["M","M","$","?","?","E","$","R","T","M","R","$","?","M","R","B",null,"M","$","?","M","$","R","E","R","T","E","M","M","R","$","R","B",null,"M","?","$","M","M","?","R","E","T","R","M","M","M","M"],"character_chosen":"IRONCLAD","items_purchased":["Rupture","Clothesline","Combust","Thunderclap+1","Whirlwind+1","Infernal Blade","Shrug It Off","Corruption"],"campfire_rested":6,"item_purchase_floors":[3,3,7,12,19,19,31,31],"current_hp_per_floor":[80,80,80,73,57,24,24,48,48,41,65,65,65,65,65,62,80,75,75,75,54,54,78,68,68,68,49,43,32,56,56,80,33,80,71,71,71,65,56,56,56,26,26,50,35,8,2,0],"gold":245,"neow_bonus":"BOSS_RELIC","is_prod":false,"is_daily":false,"chose_seed":false,"campfire_upgraded":2,"win_rate":0,"timestamp":1545460796,"path_taken":["M","M","$","?","?","E","?","R","T","M","R","$","?","?","R","BOSS","M","$","?","?","?","R","E","R","T","E","M","M","R","$","R","BOSS","M","?","?","M","M","?","R","E","T","R","M","M","?","M"],"build_version":"2018-12-20","purchased_purges":1,"victory":false,"max_hp_per_floor":[80,80,80,80,80,80,80,80,80,80,80,80,80,80,80,80,80,80,80,80,80,80,80,80,80,80,80,80,80,80,80,80,80,80,80,80,80,80,80,80,80,80,80,80,82,84,84,84],"card_choices":[{"not_picked":["Twin Strike","Flex","Fire Breathing"],"picked":"SKIP","floor":1},{"not_picked":["Thunderclap","Clash"],"picked":"Sword Boomerang","floor":2},{"not_picked":["Combust","Metallicize"],"picked":"Disarm","floor":6},{"not_picked":["Headbutt+1","Disarm"],"picked":"Hemokinesis+1","floor":10},{"not_picked":["Inflame","Evolve"],"picked":"Immolate+1","floor":14},{"not_picked":["Dark Embrace","Immolate+1"],"picked":"Offering","floor":16},{"not_picked":["Perfected Strike+1"],"picked":"SKIP","floor":18},{"not_picked":["Rage"],"picked":"SKIP","floor":21},{"not_picked":[],"picked":"Shrug It Off","floor":24},{"not_picked":[],"picked":"Carnage+1","floor":27},{"not_picked":["True Grit"],"picked":"SKIP","floor":28},{"not_picked":[],"picked":"Bloodletting+1","floor":29},{"not_picked":[],"picked":"Exhume","floor":33},{"not_picked":[],"picked":"Iron Wave+1","floor":35},{"not_picked":[],"picked":"Flame Barrier+1","floor":38},{"not_picked":[],"picked":"Armaments","floor":39},{"not_picked":[],"picked":"Feel No Pain+1","floor":42},{"not_picked":["Wild Strike+1"],"picked":"Singing Bowl","floor":45},{"not_picked":["Anger+1"],"picked":"Singing Bowl","floor":46},{"not_picked":[],"picked":"Entrench+1","floor":47}],"player_experience":271168,"relics_obtained":[{"floor":6,"key":"Molten Egg 2"},{"floor":24,"key":"Sundial"},{"floor":26,"key":"Gremlin Horn"},{"floor":27,"key":"Bottled Lightning"},{"floor":42,"key":"MawBank"},{"floor":43,"key":"Singing Bowl"}],"event_choices":[{"damage_healed":0,"gold_gain":0,"player_choice":"Success","damage_taken":7,"relics_obtained":["Omamori"],"max_hp_gain":0,"max_hp_loss":0,"event_name":"Scrap Ooze","floor":4,"gold_loss":0},{"damage_healed":0,"gold_gain":0,"player_choice":"Entered Light","damage_taken":16,"max_hp_gain":0,"max_hp_loss":0,"event_name":"Shining Light","floor":5,"gold_loss":0,"cards_upgraded":["Defend_R","Strike_R"]},{"damage_healed":0,"gold_gain":0,"player_choice":"Left Gold","damage_taken":0,"max_hp_gain":0,"max_hp_loss":0,"event_name":"World of Goop","floor":13,"gold_loss":19},{"damage_healed":0,"gold_gain":0,"player_choice":"Rummage","damage_taken":0,"relics_obtained":["WarpedTongs"],"max_hp_gain":0,"max_hp_loss":0,"event_name":"Accursed Blacksmith","floor":20,"gold_loss":0,"cards_obtained":["Pain"]},{"cards_removed":["Thunderclap"],"damage_healed":0,"gold_gain":0,"player_choice":"Purged","damage_taken":0,"max_hp_gain":0,"max_hp_loss":0,"event_name":"Purifier","floor":36,"gold_loss":0},{"damage_healed":0,"gold_gain":0,"player_choice":"Gave Potion","damage_taken":0,"relics_obtained":["Mummified Hand"],"max_hp_gain":0,"max_hp_loss":0,"event_name":"WeMeetAgain","floor":40,"gold_loss":0}],"is_beta":true,"boss_relics":[{"not_picked":["Ectoplasm","Snecko Eye"],"picked":"Busted Crown"},{"not_picked":["Cursed Key","Fusion Hammer"],"picked":"Pandora\u0027s Box"}],"items_purged_floors":[37],"is_endless":false,"potions_floor_spawned":[14,16,18,24,27,28,39,45,46,47],"killed_by":"Jaw Worm Horde","ascension_level":0}