{"gold_per_floor":[214,230,248,263,20,49,49,80,80,94,94,169,202,202,202,297,297,311,6,6,0,15,41,41,75,124,155,166,166,166,91,91,194,194,212,57,0,0,12,12,43,43,67,86,120,136,136],"floor_reached":47,"playtime":2083,"items_purged":["Strike_B","Strike_B"],"score":839,"play_id":"a7481a5e-e6c9-4f2f-85df-da250786fb63","local_time":"20190429203502","is_ascension_mode":true,"campfire_choices":[{"data":"Zap","floor":7,"key":"SMITH"},{"data":"Dualcast","floor":11,"key":"SMITH"},{"floor":15,"key":"REST"},{"data":"Go for the Eyes","floor":24,"key":"SMITH"},{"floor":30,"key":"REST"},{"data":"Glacier","floor":32,"key":"SMITH"},{"data":"Echo Form","floor":40,"key":"SMITH"},{"data":"Conserve Battery","floor":42,"key":"SMITH"}],"neow_cost":"NONE","seed_source_timestamp":199390461858256,"circlet_count":0,"master_deck":["AscendersBane","Strike_B+1","Defend_B","Defend_B","Defend_B","Defend_B","Zap+1","Dualcast+1","Ball Lightning","Chaos","Sweeping Beam+1","Conserve Battery+1","Ball Lightning","Loop","Go for the Eyes+1","Glacier+1","Echo Form+1","Capacitor+1","Cold Snap","Barrage+1","Undo+1","Auto Shields+1","Storm+1","Machine Learning"],"relics":["Cracked Core","PreservedInsect","Mummified Hand","Meat on the Bone","Symbiotic Virus","Question Card","Juzu Bracelet","Runic Dome","Runic Capacitor","Bag of Preparation","Regal Pillow","Anchor","Whetstone","Nuclear Battery","DataDisk","Red Mask","Happy Flower","Potion Belt","Nunchaku"],"potions_floor_usage":[23,25,33],"damage_taken":[{"damage":6,"enemies":"Cultist","floor":1,"turns":4},{"damage":0,"enemies":"2 Louse","floor":2,"turns":2},{"damage":2,"enemies":"Jaw Worm","floor":3,"turns":3},{"damage":11,"enemies":"2 Fungi Beasts","floor":4,"turns":3},{"damage":15,"enemies":"3 Sentries","floor":6,"turns":6},{"damage":15,"enemies":"Gremlin Nob","floor":8,"turns":3},{"damage":4,"enemies":"Blue Slaver","floor":10,"turns":3},{"damage":10,"enemies":"Lagavulin","floor":13,"turns":3},{"damage":20,"enemies":"Hexaghost","floor":16,"turns":11},{"damage":1,"enemies":"Chosen","floor":18,"turns":3},{"damage":33,"enemies":"3 Byrds","floor":22,"turns":5},{"damage":9,"enemies":"Book of Stabbing","floor":23,"turns":5},{"damage":10,"enemies":"Gremlin Leader","floor":25,"turns":4},{"damage":36,"enemies":"Book of Stabbing","floor":27,"turns":5},{"damage":16,"enemies":"Snecko","floor":28,"turns":5},{"damage":14,"enemies":"Collector","floor":33,"turns":10},{"damage":0,"enemies":"3 Shapes","floor":35,"turns":4},{"damage":0,"enemies":"3 Darklings","floor":39,"turns":4},{"damage":29,"enemies":"Reptomancer","floor":41,"turns":5},{"damage":4,"enemies":"4 Shapes","floor":44,"turns":9},{"damage":3,"enemies":"Giant Head","floor":45,"turns":6},{"damage":23,"enemies":"Writhing Mass","floor":46,"turns":5},{"damage":42,"enemies":"Nemesis","floor":47,"turns":3}],"seed_played":"-5886009571392636021","potions_obtained":[{"floor":6,"key":"PowerPotion"},{"floor":10,"key":"Explosive Potion"},{"floor":16,"key":"Poison Potion"},{"floor":18,"key":"PowerPotion"},{"floor":27,"key":"Poison Potion"},{"floor":28,"key":"FearPotion"},{"floor":35,"key":"Regen Potion"},{"floor":39,"key":"AttackPotion"}],"is_trial":false,"path_per_floor":["M","?","?","?","?","?","?","?","?"],"character_chosen":"DEFECT","items_purchased":["PreservedInsect","Ball Lightning","Runic Capacitor","DataDisk"],"campfire_rested":2,"item_purchase_floors":[5,5,19,36],"current_hp_per_floor":[62,62,60,49,49,34,34,19,19,27,27,16,18,11,33,25,63,62,62,62,62,41,44,44,46,46,22,18,4,43,43,43,41,70,70,70,70,70,70,70,41,41,41,49,46,35,0],"gold":136,"neow_bonus":"HUNDRED_GOLD","is_prod":false,"is_daily":false,"chose_seed":false,"campfire_upgraded":6,"win_rate":0,"timestamp":1556544902,"path_taken":["M","M","M","M","$","E","R","E","T","?","R","?","E","?","R","BOSS","M","$","?","?","M","E","R","E","T","E","M","?","R","?","R","BOSS","M","$","?","?","M","R","E","R","T","M","E","M","E"],"build_version":"2019-01-23","purchased_purges":2,"victory":false,"max_hp_per_floor":[75,75,75,75,75,75,75,75,75,75,75,75,75,75,75,75,75,75,75,75,75,75,75,75,75,75,75,75,80,80,80,80,80,80,80,80,80,76,76,76,76,76,76,76,76,76,76],"card_choices":[{"not_picked":["Beam Cell","Rebound"],"picked":"Ball Lightning","floor":1},{"not_picked":["Tempest","Stack"],"picked":"Chaos","floor":2},{"not_picked":["Thunder Strike","Storm"],"picked":"Sweeping Beam","floor":3},{"not_picked":["Tempest","Gash"],"picked":"Conserve Battery","floor":4},{"not_picked":["Stack","Lockon"],"picked":"Loop","floor":6},{"not_picked":["Redo","Gash"],"picked":"Go for the Eyes","floor":8},{"not_picked":["Cold Snap","Redo","Chaos"],"picked":"SKIP","floor":10},{"not_picked":["Barrage","Steam Power"],"picked":"Glacier","floor":13},{"not_picked":["Biased Cognition","All For One","Electrodynamics"],"picked":"Echo Form","floor":16},{"not_picked":["Consume","Gash","Genetic Algorithm","Turbo"],"picked":"SKIP","floor":18},{"not_picked":["Turbo","Beam Cell+1","Cold Snap","Gash"],"picked":"SKIP","floor":22},{"not_picked":["Hyperbeam","Rip and Tear","Steam+1","Fusion"],"picked":"SKIP","floor":23},{"not_picked":["Sweeping Beam","Gash","Fusion"],"picked":"Capacitor+1","floor":25},{"not_picked":["Amplify","Go for the Eyes","Sweeping Beam"],"picked":"Cold Snap","floor":27},{"not_picked":["Go for the Eyes+1","Stack","Rebound+1"],"picked":"Barrage+1","floor":28},{"not_picked":["Gash+1","Cold Snap+1","Streamline","Turbo"],"picked":"SKIP","floor":35},{"not_picked":["Lockon+1","Go for the Eyes+1","Darkness"],"picked":"Undo+1","floor":39},{"not_picked":["Capacitor","Cold Snap+1","Beam Cell"],"picked":"Auto Shields+1","floor":41},{"not_picked":["Recycle+1","Rip and Tear+1","Compile Driver"],"picked":"Storm+1","floor":44},{"not_picked":["Ball Lightning+1","Steam","Heatsinks"],"picked":"Machine Learning","floor":45},{"not_picked":["Barrage","Go for the Eyes","Reprogram","Coolheaded"],"picked":"SKIP","floor":46}],"player_experience":327332,"relics_obtained":[{"floor":6,"key":"Mummified Hand"},{"floor":8,"key":"Meat on the Bone"},{"floor":9,"key":"Symbiotic Virus"},{"floor":13,"key":"Question Card"},{"floor":23,"key":"Bag of Preparation"},{"floor":25,"key":"Regal Pillow"},{"floor":26,"key":"Anchor"},{"floor":27,"key":"Whetstone"},{"floor":41,"key":"Happy Flower"},{"floor":43,"key":"Potion Belt"},{"floor":45,"key":"Nunchaku"}],"event_choices":[{"damage_healed":0,"gold_gain":75,"player_choice":"Gather Gold","damage_taken":11,"max_hp_gain":0,"max_hp_loss":0,"event_name":"World of Goop","floor":12,"gold_loss":0},{"damage_healed":0,"gold_gain":0,"player_choice":"Success","damage_taken":7,"relics_obtained":["Juzu Bracelet"],"max_hp_gain":0,"max_hp_loss":0,"event_name":"Scrap Ooze","floor":14,"gold_loss":0},{"damage_healed":0,"gold_gain":0,"player_choice":"Paid Fearfully","damage_taken":0,"max_hp_gain":0,"max_hp_loss":0,"event_name":"Masked Bandits","floor":21,"gold_loss":6},{"damage_healed":0,"gold_gain":0,"player_choice":"Shed Blood","damage_taken":19,"max_hp_gain":5,"max_hp_loss":0,"event_name":"Forgotten Altar","floor":29,"gold_loss":0},{"cards_removed":["Strike_B"],"damage_healed":0,"gold_gain":0,"player_choice":"Gave Gold","damage_taken":0,"max_hp_gain":0,"max_hp_loss":0,"event_name":"Beggar","floor":31,"gold_loss":75},{"damage_healed":0,"gold_gain":0,"player_choice":"Paid","damage_taken":0,"relics_obtained":["Red Mask"],"max_hp_gain":0,"max_hp_loss":0,"event_name":"Tomb of Lord Red Mask","floor":37,"gold_loss":57},{"damage_healed":0,"gold_gain":0,"player_choice":"Max HP","damage_taken":0,"max_hp_gain":0,"max_hp_loss":4,"event_name":"Winding Halls","floor":38,"gold_loss":0}],"is_beta":false,"boss_relics":[{"not_picked":["Lizard Tail","Calling Bell"],"picked":"Runic Dome"},{"not_picked":["Coffee Dripper","Inserter"],"picked":"Nuclear Battery"}],"items_purged_floors":[5,19],"is_endless":false,"potions_floor_spawned":[6,10,16,18,22,27,28,35,39],"killed_by":"Nemesis","ascension_level":10}