{"gold_per_floor":[112,126,126,139,159,159,84,102,102,177,177,28,28,46,46,141,141,153,163,163,163,163],"floor_reached":22,"playtime":566,"items_purged":["Strike_R","Strike_R"],"score":176,"play_id":"4a1effc4-5038-4852-b5fb-20a5a152567d","local_time":"20190416191236","is_ascension_mode":false,"campfire_choices":[{"data":"Body Slam","floor":6,"key":"SMITH"},{"data":"Armaments","floor":13,"key":"SMITH"},{"data":"Bash","floor":15,"key":"SMITH"}],"neow_cost":"NONE","seed_source_timestamp":435947420032600,"circlet_count":0,"master_deck":["Strike_R+1","Strike_R+1","Strike_R+1","Defend_R+1","Defend_R+1","Defend_R+1","Bash+1","Flame Barrier","Body Slam+1","Armaments+1","Feed","Disarm"],"relics":["Burning Blood"],"potions_floor_usage":[],"damage_taken":[{"damage":0,"enemies":"2 Louse","floor":1,"turns":3},{"damage":6,"enemies":"Jaw Worm","floor":2,"turns":3},{"damage":0,"enemies":"Small Slimes","floor":4,"turns":3},{"damage":14,"enemies":"Blue Slaver","floor":5,"turns":5},{"damage":10,"enemies":"Exordium Wildlife","floor":8,"turns":6},{"damage":1,"enemies":"2 Fungi Beasts","floor":14,"turns":3},{"damage":54,"enemies":"Slime Boss","floor":16,"turns":15},{"damage":13,"enemies":"3 Byrds","floor":18,"turns":5},{"damage":59,"enemies":"Chosen","floor":19,"turns":7},{"damage":12,"enemies":"Colosseum Slavers","floor":22,"turns":1}],"seed_played":"7053852286039011409","potions_obtained":[{"floor":8,"key":"Dexterity Potion"},{"floor":19,"key":"GamblersBrew"}],"is_trial":false,"path_per_floor":["M","M","?","M","M","R","$","M","T","?","?","$","R","M","R","B",null,"M","M","?","?","?"],"character_chosen":"IRONCLAD","items_purchased":["Armaments"],"campfire_rested":0,"item_purchase_floors":[12],"current_hp_per_floor":[88,88,81,87,79,79,79,75,75,64,64,64,64,69,69,21,88,81,28,11,11,0],"gold":163,"neow_bonus":"TEN_PERCENT_HP_BONUS","is_prod":false,"is_daily":false,"chose_seed":false,"campfire_upgraded":3,"win_rate":0,"timestamp":1555434756,"path_taken":["M","M","?","M","M","R","$","M","T","?","?","?","R","M","R","BOSS","M","M","?","?","?"],"build_version":"2019-01-23","purchased_purges":2,"victory":false,"max_hp_per_floor":[88,88,88,88,88,88,88,88,88,88,88,88,88,88,88,88,88,88,88,93,93,93],"card_choices":[{"not_picked":["Body Slam","Havoc","Sever Soul"],"picked":"SKIP","floor":1},{"not_picked":["Headbutt","Dropkick"],"picked":"Flame Barrier","floor":2},{"not_picked":["Burning Pact","Fire Breathing","Clash"],"picked":"SKIP","floor":4},{"not_picked":["Pummel","Clash"],"picked":"Body Slam","floor":5},{"not_picked":["Headbutt","Warcry","Reckless Charge"],"picked":"SKIP","floor":8},{"not_picked":["Flex","Havoc","Infernal Blade"],"picked":"SKIP","floor":14},{"not_picked":["Double Tap","Offering"],"picked":"Feed","floor":16},{"not_picked":["Wild Strike","Perfected Strike+1","Sword Boomerang"],"picked":"SKIP","floor":18},{"not_picked":["Infernal Blade","Cleave"],"picked":"Disarm","floor":19}],"player_experience":595331,"relics_obtained":[],"event_choices":[{"cards_removed":["Defend_R"],"damage_healed":0,"gold_gain":0,"player_choice":"Card Removal","damage_taken":7,"max_hp_gain":0,"max_hp_loss":0,"event_name":"Golden Wing","floor":3,"gold_loss":0},{"damage_healed":0,"gold_gain":75,"player_choice":"Gather Gold","damage_taken":11,"max_hp_gain":0,"max_hp_loss":0,"event_name":"World of Goop","floor":10,"gold_loss":0},{"damage_healed":0,"gold_gain":0,"player_choice":"Ignored","damage_taken":0,"max_hp_gain":0,"max_hp_loss":0,"event_name":"Liars Game","floor":11,"gold_loss":0},{"damage_healed":0,"gold_gain":0,"player_choice":"Shed Blood","damage_taken":22,"max_hp_gain":5,"max_hp_loss":0,"event_name":"Forgotten Altar","floor":20,"gold_loss":0},{"damage_healed":0,"gold_gain":0,"player_choice":"Simplicity","damage_taken":0,"max_hp_gain":0,"max_hp_loss":0,"event_name":"Back to Basics","floor":21,"gold_loss":0,"cards_upgraded":["Strike_R","Strike_R","Strike_R","Defend_R","Defend_R","Defend_R"]},{"damage_healed":0,"gold_gain":0,"player_choice":"Fight","damage_taken":0,"max_hp_gain":0,"max_hp_loss":0,"event_name":"Colosseum","floor":22,"gold_loss":0}],"is_beta":false,"boss_relics":[{"not_picked":[]}],"items_purged_floors":[7,12],"is_endless":false,"potions_floor_spawned":[8,19],"killed_by":"Colosseum Slavers","ascension_level":0}