{"gold_per_floor":[112,123,123,133,152,177,193,193,193,211,237,15,15,32,32,130,130,143,154,170,170,32,32,63,89,101,129,141,153,180,222,234,345,357,386,398,410,436,448,487,499,524,536,575,599,611,649,673,685,697],"floor_reached":51,"playtime":3141,"items_purged":["Strike_G","Strike_G"],"score":861,"play_id":"e218f729-ed02-4464-a5cd-34caa34f7e72","local_time":"20190425005811","is_ascension_mode":false,"campfire_choices":[{"data":"Neutralize","floor":8,"key":"SMITH"},{"floor":15,"key":"REST"},{"data":"Catalyst","floor":23,"key":"SMITH"},{"floor":29,"key":"REST"},{"floor":32,"key":"REST"},{"data":"Leg Sweep","floor":41,"key":"SMITH"},{"floor":46,"key":"REST"},{"data":"Crippling Poison","floor":49,"key":"SMITH"}],"neow_cost":"NONE","seed_source_timestamp":342325022830200,"circlet_count":0,"master_deck":["Defend_G","Defend_G","Defend_G","Defend_G","Defend_G","Strike_G","Strike_G","Strike_G","Survivor","Neutralize+1","Leg Sweep+1","Backstab","Backflip","Bouncing Flask+1","Corpse Explosion","PiercingWail","PiercingWail","Catalyst+1","After Image","Cloak And Dagger","Dagger Spray+1","Footwork","Sucker Punch+1","Backflip","PiercingWail","Adrenaline","Deadly Poison+1","Venomology","Blade Dance+1","Madness","Madness","Crippling Poison+1","Backflip+1","Acrobatics+1","Envenom","Bouncing Flask+1"],"relics":["Ring of the Snake","Incense Burner","Happy Flower","Art of War","Black Star","Nloth\u0027s Gift","Dead Branch","MawBank","Gremlin Horn","Potion Belt","Unceasing Top","Snecko Eye","Boot","Letter Opener","Meat on the Bone","Centennial Puzzle","Thread and Needle","Bottled Tornado"],"potions_floor_usage":[5,6,7,16,24,31,42,50,50],"damage_taken":[{"damage":0,"enemies":"2 Louse","floor":1,"turns":3},{"damage":0,"enemies":"Cultist","floor":2,"turns":4},{"damage":0,"enemies":"Small Slimes","floor":4,"turns":4},{"damage":11,"enemies":"Exordium Wildlife","floor":5,"turns":7},{"damage":10,"enemies":"Lagavulin","floor":6,"turns":6},{"damage":3,"enemies":"Exordium Thugs","floor":7,"turns":4},{"damage":7,"enemies":"Large Slime","floor":10,"turns":7},{"damage":14,"enemies":"Gremlin Nob","floor":11,"turns":4},{"damage":0,"enemies":"2 Fungi Beasts","floor":14,"turns":2},{"damage":7,"enemies":"The Guardian","floor":16,"turns":7},{"damage":2,"enemies":"Chosen","floor":18,"turns":5},{"damage":2,"enemies":"Spheric Guardian","floor":19,"turns":3},{"damage":6,"enemies":"Shelled Parasite and Fungi","floor":20,"turns":9},{"damage":11,"enemies":"Slavers","floor":24,"turns":6},{"damage":2,"enemies":"Chosen and Byrds","floor":25,"turns":3},{"damage":13,"enemies":"Centurion and Healer","floor":27,"turns":4},{"damage":20,"enemies":"3 Cultists","floor":30,"turns":5},{"damage":0,"enemies":"Gremlin Leader","floor":31,"turns":6},{"damage":58,"enemies":"Automaton","floor":33,"turns":9},{"damage":0,"enemies":"Orb Walker","floor":35,"turns":3},{"damage":5,"enemies":"3 Darklings","floor":38,"turns":3},{"damage":6,"enemies":"Nemesis","floor":40,"turns":7},{"damage":3,"enemies":"Writhing Mass","floor":42,"turns":4},{"damage":10,"enemies":"Transient","floor":45,"turns":5},{"damage":0,"enemies":"Reptomancer","floor":47,"turns":4},{"damage":0,"enemies":"Jaw Worm Horde","floor":48,"turns":2},{"damage":53,"enemies":"Time Eater","floor":50,"turns":12}],"seed_played":"6932423820632078799","potions_obtained":[{"floor":1,"key":"Block Potion"},{"floor":3,"key":"Swift Potion"},{"floor":3,"key":"Fire Potion"},{"floor":4,"key":"Strength Potion"},{"floor":5,"key":"GhostInAJar"},{"floor":14,"key":"Regen Potion"},{"floor":19,"key":"Poison Potion"},{"floor":25,"key":"EssenceOfSteel"},{"floor":33,"key":"SpeedPotion"},{"floor":35,"key":"Explosive Potion"},{"floor":40,"key":"SpeedPotion"},{"floor":45,"key":"GhostInAJar"}],"is_trial":false,"path_per_floor":["M","M","?","M","M","E","M","R","T","M","E","$","?","M","R","B",null,"M","M","M","?","$","R","E","M","T","M","$","R","M","E","R","B",null,"M","?","?","M","?","E","R","M","T","T","M","R","E","M","R","B",null],"character_chosen":"THE_SILENT","items_purchased":["Art of War","Footwork"],"campfire_rested":4,"item_purchase_floors":[12,22],"current_hp_per_floor":[77,77,77,77,66,56,53,53,53,46,32,32,32,32,55,63,77,75,73,67,67,67,67,56,54,54,41,41,64,44,44,67,9,77,77,77,77,72,62,56,56,53,53,53,43,66,66,66,66,25],"gold":709,"neow_bonus":"TEN_PERCENT_HP_BONUS","is_prod":false,"is_daily":false,"chose_seed":false,"campfire_upgraded":4,"win_rate":0,"timestamp":1556179091,"path_taken":["M","M","?","M","M","E","M","R","T","?","E","?","?","?","R","BOSS","M","M","M","?","$","R","E","M","T","M","?","R","M","E","R","BOSS","M","?","?","M","?","E","R","?","T","?","M","R","E","M","R","BOSS"],"build_version":"2019-04-23","purchased_purges":2,"victory":true,"max_hp_per_floor":[77,77,77,77,77,77,77,77,77,77,77,77,77,77,77,77,77,77,77,77,77,77,77,77,77,77,77,77,77,77,77,77,77,77,77,77,77,77,77,77,77,77,77,77,77,77,77,77,77,77],"card_choices":[{"not_picked":["PiercingWail","Quick Slash"],"picked":"Leg Sweep","floor":1},{"not_picked":["Blur","Underhanded Strike"],"picked":"Backstab","floor":2},{"not_picked":["Slice","Underhanded Strike"],"picked":"Backflip","floor":4},{"not_picked":["Accuracy","Bane"],"picked":"Bouncing Flask","floor":5},{"not_picked":["Cloak And Dagger","Poisoned Stab"],"picked":"Corpse Explosion","floor":6},{"not_picked":["Acrobatics","Outmaneuver"],"picked":"PiercingWail","floor":7},{"not_picked":["Sucker Punch","Masterful Stab","Flechettes"],"picked":"SKIP","floor":10},{"not_picked":["Setup","Predator"],"picked":"PiercingWail","floor":11},{"not_picked":["Choke","Dash"],"picked":"Catalyst","floor":14},{"not_picked":["Die Die Die","Glass Knife"],"picked":"After Image","floor":16},{"not_picked":["Slice","Finisher+1"],"picked":"Cloak And Dagger","floor":18},{"not_picked":["Dagger Throw","Acrobatics","Bane"],"picked":"SKIP","floor":19},{"not_picked":["All Out Attack","Bane"],"picked":"Dagger Spray+1","floor":20},{"not_picked":["Expertise","Poisoned Stab"],"picked":"Sucker Punch+1","floor":24},{"not_picked":["Leg Sweep","Acrobatics"],"picked":"Backflip","floor":25},{"not_picked":["Die Die Die","Outmaneuver"],"picked":"PiercingWail","floor":27},{"not_picked":["Concentrate","Underhanded Strike"],"picked":"Adrenaline","floor":30},{"not_picked":["Dagger Spray+1","Endless Agony"],"picked":"Deadly Poison+1","floor":31},{"not_picked":["Grand Finale","Phantasmal Killer"],"picked":"Glass Knife","floor":33},{"not_picked":["PiercingWail","Calculated Gamble"],"picked":"Venomology","floor":35},{"not_picked":["Footwork","Dagger Throw+1"],"picked":"Blade Dance+1","floor":38},{"not_picked":["Dagger Throw","Sucker Punch+1"],"picked":"Crippling Poison","floor":40},{"not_picked":["All Out Attack+1","Prepared"],"picked":"Backflip+1","floor":42},{"not_picked":["Endless Agony+1","Dagger Spray+1"],"picked":"Acrobatics+1","floor":45},{"not_picked":["A Thousand Cuts","Glass Knife"],"picked":"Envenom","floor":47},{"not_picked":["Dagger Spray","Predator+1"],"picked":"Bouncing Flask+1","floor":48}],"player_experience":692985,"relics_obtained":[{"floor":6,"key":"Incense Burner"},{"floor":9,"key":"Dodecahedron"},{"floor":11,"key":"Happy Flower"},{"floor":24,"key":"Dead Branch"},{"floor":24,"key":"MawBank"},{"floor":26,"key":"Gremlin Horn"},{"floor":31,"key":"Potion Belt"},{"floor":31,"key":"Unceasing Top"},{"floor":40,"key":"Boot"},{"floor":40,"key":"Letter Opener"},{"floor":43,"key":"Meat on the Bone"},{"floor":44,"key":"Centennial Puzzle"},{"floor":47,"key":"Thread and Needle"},{"floor":47,"key":"Bottled Tornado"}],"event_choices":[{"damage_healed":0,"gold_gain":0,"player_choice":"Got Potions","damage_taken":0,"max_hp_gain":0,"max_hp_loss":0,"event_name":"Lab","floor":3,"gold_loss":0},{"damage_healed":0,"gold_gain":0,"player_choice":"Forge","damage_taken":0,"max_hp_gain":0,"max_hp_loss":0,"event_name":"Accursed Blacksmith","floor":13,"gold_loss":0,"cards_upgraded":["Bouncing Flask"]},{"damage_healed":0,"gold_gain":0,"player_choice":"Traded Relic","damage_taken":0,"relics_obtained":["Nloth\u0027s Gift"],"max_hp_gain":0,"max_hp_loss":0,"event_name":"N\u0027loth","floor":21,"relics_lost":["Dodecahedron"],"gold_loss":0},{"damage_healed":0,"gold_gain":0,"player_choice":"Ignored","damage_taken":0,"max_hp_gain":0,"max_hp_loss":0,"event_name":"Tomb of Lord Red Mask","floor":36,"gold_loss":0},{"cards_removed":["Glass Knife"],"damage_healed":0,"gold_gain":0,"player_choice":"Removed Attack","damage_taken":0,"max_hp_gain":0,"max_hp_loss":0,"event_name":"Falling","floor":37,"gold_loss":0},{"damage_healed":0,"gold_gain":0,"player_choice":"Embrace Madness","damage_taken":10,"max_hp_gain":0,"max_hp_loss":0,"event_name":"Winding Halls","floor":39,"gold_loss":0,"cards_obtained":["Madness","Madness"]}],"is_beta":true,"boss_relics":[{"not_picked":["Busted Crown","Runic Dome"],"picked":"Black Star"},{"not_picked":["Eternal Feather","Sozu"],"picked":"Snecko Eye"}],"items_purged_floors":[12,22],"is_endless":false,"potions_floor_spawned":[1,4,5,14,19,25,33,35,40,45],"ascension_level":0}