{"gold_per_floor":[20,40,58,69,80,113,113,143,168,168,202,228,10,34,34,136,136,150,150,165,181,199,258,271,271,353,353],"floor_reached":27,"playtime":1477,"items_purged":["Strike_B"],"score":367,"play_id":"c75046e2-ced8-4772-9544-ab9ce6ee3103","local_time":"20190417030308","is_ascension_mode":true,"campfire_choices":[{"data":"Fission","floor":7,"key":"SMITH"},{"data":"Streamline","floor":10,"key":"SMITH"},{"data":"Glacier","floor":15,"key":"SMITH"},{"data":"Fission","floor":25,"key":"SMITH"}],"neow_cost":"NO_GOLD","seed_source_timestamp":36089992037767,"circlet_count":0,"master_deck":["Strike_B","Defend_B","Defend_B","Defend_B","Zap","Dualcast","Fission+1","Fission+1","Cold Snap","Barrage","Barrage","Cold Snap","Streamline+1","Conserve Battery","Sweeping Beam","Barrage","Capacitor","Glacier+1","Self Repair","Leap","Echo Form","Go for the Eyes","Recycle","Blizzard+1","Conserve Battery","Skim+1","Cold Snap"],"relics":["Cracked Core","Oddly Smooth Stone","Darkstone Periapt","Boot","MawBank","Odd Mushroom","Runic Dome","Tiny Chest","Sundial"],"potions_floor_usage":[11,14,14,14,14,16,23,23,27,27],"damage_taken":[{"damage":0,"enemies":"2 Louse","floor":1,"turns":2},{"damage":12,"enemies":"Small Slimes","floor":2,"turns":2},{"damage":0,"enemies":"Cultist","floor":3,"turns":3},{"damage":4,"enemies":"Looter","floor":4,"turns":2},{"damage":15,"enemies":"3 Louse","floor":5,"turns":3},{"damage":6,"enemies":"Gremlin Nob","floor":6,"turns":3},{"damage":8,"enemies":"3 Sentries","floor":8,"turns":6},{"damage":0,"enemies":"Gremlin Nob","floor":11,"turns":2},{"damage":0,"enemies":"Exordium Wildlife","floor":12,"turns":2},{"damage":12,"enemies":"The Mushroom Lair","floor":14,"turns":4},{"damage":6,"enemies":"Hexaghost","floor":16,"turns":12},{"damage":4,"enemies":"3 Byrds","floor":18,"turns":4},{"damage":10,"enemies":"Shell Parasite","floor":20,"turns":5},{"damage":9,"enemies":"Centurion and Healer","floor":21,"turns":7},{"damage":44,"enemies":"Snake Plant","floor":22,"turns":5},{"damage":10,"enemies":"Book of Stabbing","floor":23,"turns":7},{"damage":2,"enemies":"Snecko","floor":24,"turns":6},{"damage":25,"enemies":"Slavers","floor":27,"turns":4}],"seed_played":"-3411314209065953523","potions_obtained":[{"floor":2,"key":"FearPotion"},{"floor":4,"key":"AttackPotion"},{"floor":8,"key":"EntropicBrew"},{"floor":12,"key":"Poison Potion"},{"floor":14,"key":"Weak Potion"},{"floor":23,"key":"AttackPotion"},{"floor":24,"key":"EssenceOfSteel"}],"is_trial":false,"path_per_floor":["?","?","M"],"character_chosen":"DEFECT","items_purchased":["Glacier","Self Repair"],"campfire_rested":0,"item_purchase_floors":[13,13],"current_hp_per_floor":[68,56,56,52,37,31,31,23,23,23,23,23,23,18,18,19,61,64,64,61,59,22,19,24,24,24,0],"gold":353,"neow_bonus":"TRANSFORM_TWO_CARDS","is_prod":false,"is_daily":false,"chose_seed":false,"campfire_upgraded":4,"win_rate":0,"timestamp":1555444988,"path_taken":["M","M","M","M","M","E","R","E","T","R","E","M","$","?","R","BOSS","M","?","?","M","M","E","M","R","T","E"],"build_version":"2019-01-23","purchased_purges":1,"victory":false,"max_hp_per_floor":[75,75,75,75,75,75,75,75,75,75,75,75,75,75,75,75,75,75,75,75,75,75,75,75,75,75,75],"card_choices":[{"not_picked":["Rip and Tear","Sweeping Beam"],"picked":"Cold Snap","floor":1},{"not_picked":["Steam","Stack"],"picked":"Barrage","floor":2},{"not_picked":["Hologram","Darkness"],"picked":"Barrage","floor":3},{"not_picked":["All For One","Streamline"],"picked":"Cold Snap","floor":4},{"not_picked":["Chaos","Sweeping Beam"],"picked":"Streamline","floor":5},{"not_picked":["Lockon","Cold Snap"],"picked":"Conserve Battery","floor":6},{"not_picked":["Go for the Eyes","Redo"],"picked":"Sweeping Beam","floor":8},{"not_picked":["Thunder Strike","Streamline"],"picked":"Barrage","floor":11},{"not_picked":["Rebound","Heatsinks"],"picked":"Capacitor","floor":12},{"not_picked":["Rebound","Capacitor"],"picked":"Leap","floor":14},{"not_picked":["Creative AI","Seek"],"picked":"Echo Form","floor":16},{"not_picked":["Static Discharge","Hologram"],"picked":"Go for the Eyes","floor":18},{"not_picked":["Gash","Compile Driver","Go for the Eyes"],"picked":"SKIP","floor":20},{"not_picked":["Hologram","Electrodynamics"],"picked":"Blizzard+1","floor":21},{"not_picked":["Rebound","Leap+1"],"picked":"Conserve Battery","floor":22},{"not_picked":["Static Discharge","Reprogram"],"picked":"Skim+1","floor":23},{"not_picked":["Leap","Sweeping Beam+1"],"picked":"Cold Snap","floor":24}],"player_experience":244671,"relics_obtained":[{"floor":6,"key":"Oddly Smooth Stone"},{"floor":8,"key":"Darkstone Periapt"},{"floor":9,"key":"Boot"},{"floor":11,"key":"MawBank"},{"floor":14,"key":"Odd Mushroom"},{"floor":23,"key":"Tiny Chest"},{"floor":26,"key":"Sundial"}],"event_choices":[{"damage_healed":0,"gold_gain":0,"player_choice":"Fought Mushrooms","damage_taken":0,"max_hp_gain":0,"max_hp_loss":0,"event_name":"Mushrooms","floor":14,"gold_loss":0},{"damage_healed":0,"gold_gain":0,"cards_transformed":["Strike_B"],"player_choice":"Transformed","damage_taken":0,"max_hp_gain":0,"max_hp_loss":0,"event_name":"Transmorgrifier","floor":19,"gold_loss":0,"cards_obtained":["Recycle"]}],"is_beta":false,"boss_relics":[{"not_picked":["Velvet Choker","Astrolabe"],"picked":"Runic Dome"}],"items_purged_floors":[13],"is_endless":false,"potions_floor_spawned":[2,4,8,12,14,23,24],"killed_by":"Slavers","ascension_level":6}