{"gold_per_floor":[112,130,141,9,29,29,55,78,90,102,132,109,121,147,159,248,260,289,314,251,251,266,266,266],"floor_reached":24,"playtime":849,"items_purged":["Strike_B"],"score":400,"play_id":"3a125441-7cc1-4b32-94bd-d3476ea958cc","local_time":"20181227144330","is_ascension_mode":true,"campfire_choices":[{"data":"Defragment","floor":6,"key":"SMITH"},{"data":"Coolheaded","floor":10,"key":"SMITH"},{"data":"Capacitor","floor":15,"key":"SMITH"},{"floor":23,"key":"REST"}],"neow_cost":"NONE","seed_source_timestamp":510708598586866,"circlet_count":0,"master_deck":["AscendersBane","Strike_B+1","Strike_B+1","Strike_B+1","Defend_B+1","Defend_B+1","Defend_B+1","Defend_B+1","Zap","Dualcast","Reboot","Leap","Coolheaded+1","Cold Snap","Defragment+1","Static Discharge","Rip and Tear","Capacitor+1","Conserve Battery","Biased Cognition","Melter","Compile Driver","Conserve Battery+1"],"relics":["Cracked Core","MawBank","Pear","Velvet Choker"],"potions_floor_usage":[7,16,24],"damage_taken":[{"damage":1,"enemies":"Cultist","floor":1,"turns":3},{"damage":2,"enemies":"Jaw Worm","floor":2,"turns":4},{"damage":0,"enemies":"2 Louse","floor":3,"turns":2},{"damage":10,"enemies":"Exordium Wildlife","floor":5,"turns":5},{"damage":16,"enemies":"Gremlin Nob","floor":7,"turns":4},{"damage":19,"enemies":"3 Louse","floor":8,"turns":4},{"damage":9,"enemies":"2 Fungi Beasts","floor":11,"turns":4},{"damage":12,"enemies":"Large Slime","floor":14,"turns":5},{"damage":16,"enemies":"The Guardian","floor":16,"turns":13},{"damage":9,"enemies":"3 Byrds","floor":18,"turns":3},{"damage":0,"enemies":"Spheric Guardian","floor":19,"turns":1},{"damage":27,"enemies":"Shelled Parasite and Fungi","floor":22,"turns":5},{"damage":61,"enemies":"Slavers","floor":24,"turns":4}],"seed_played":"-8965574226738823685","potions_obtained":[{"floor":1,"key":"Strength Potion"},{"floor":11,"key":"SpeedPotion"},{"floor":16,"key":"FearPotion"}],"is_trial":false,"path_per_floor":["M","M","M","$","M","R","E","M","T","R","M","?","?","M","R","B",null,"M","M","$","?","M","R","E"],"character_chosen":"DEFECT","items_purchased":["Defragment","Block Potion"],"campfire_rested":1,"item_purchase_floors":[4,4],"current_hp_per_floor":[63,61,61,61,51,51,35,16,26,26,17,37,37,25,25,9,63,54,54,54,54,27,51,0],"gold":266,"neow_bonus":"ONE_RANDOM_RARE_CARD","is_prod":false,"is_daily":false,"chose_seed":false,"campfire_upgraded":3,"win_rate":0,"timestamp":1545918210,"path_taken":["M","M","?","$","?","R","E","M","T","R","M","?","?","?","R","BOSS","M","?","$","?","M","R","E"],"build_version":"2018-12-20","purchased_purges":1,"victory":false,"max_hp_per_floor":[71,71,71,71,71,71,71,71,81,81,81,81,81,81,81,81,81,81,81,81,81,81,81,81],"card_choices":[{"not_picked":["Chaos","Compile Driver"],"picked":"Leap","floor":1},{"not_picked":["BootSequence","Turbo"],"picked":"Coolheaded","floor":2},{"not_picked":["Rebound","Barrage"],"picked":"Cold Snap","floor":3},{"not_picked":["Stack","Compile Driver"],"picked":"Static Discharge","floor":5},{"not_picked":["Beam Cell","Leap"],"picked":"Rip and Tear","floor":7},{"not_picked":["Steam","Reboot"],"picked":"Capacitor","floor":8},{"not_picked":["Recycle","Coolheaded"],"picked":"Conserve Battery","floor":11},{"not_picked":["Rebound","Steam","FTL"],"picked":"SKIP","floor":14},{"not_picked":["Hyperbeam","Rainbow"],"picked":"Biased Cognition","floor":16},{"not_picked":["Static Discharge","Go for the Eyes+1"],"picked":"Melter","floor":18},{"not_picked":["Redo+1","Leap"],"picked":"Compile Driver","floor":19},{"not_picked":["Hello World","Reprogram"],"picked":"Conserve Battery+1","floor":22}],"player_experience":1045156,"relics_obtained":[{"floor":7,"key":"MawBank"},{"floor":9,"key":"Pear"}],"event_choices":[{"damage_healed":20,"gold_gain":0,"player_choice":"Healed","damage_taken":0,"max_hp_gain":0,"max_hp_loss":0,"event_name":"The Cleric","floor":12,"gold_loss":35},{"damage_healed":0,"gold_gain":0,"player_choice":"Ignored","damage_taken":0,"max_hp_gain":0,"max_hp_loss":0,"event_name":"Golden Idol","floor":13,"gold_loss":0},{"damage_healed":0,"gold_gain":0,"player_choice":"Simplicity","damage_taken":0,"max_hp_gain":0,"max_hp_loss":0,"event_name":"Back to Basics","floor":21,"gold_loss":0,"cards_upgraded":["Strike_B","Strike_B","Strike_B","Defend_B","Defend_B","Defend_B","Defend_B"]}],"is_beta":false,"boss_relics":[{"not_picked":["Snecko Eye","Lizard Tail"],"picked":"Velvet Choker"}],"items_purged_floors":[20],"is_endless":false,"potions_floor_spawned":[1,5,11,14,16,18],"killed_by":"Slavers","ascension_level":20}