{"gold_per_floor":[113,124,136,155,155,168,202,216,216,234,252,266,266,299,299,400,400,411,411,428,528,538,538,538,538,590,590,606,150,150,164,164,263,263,275,275,275,292,292,292,311,311,334,334,334,367,380,380,380,380],"floor_reached":51,"playtime":1481,"items_purged":["Strike_R"],"score":741,"play_id":"9e49af6d-6f30-4d1a-9854-d68be4fbaa1f","local_time":"20190421215656","is_ascension_mode":false,"campfire_choices":[{"floor":13,"key":"REST"},{"data":"Flame Barrier","floor":15,"key":"SMITH"},{"data":"Double Tap","floor":23,"key":"SMITH"},{"data":"Flame Barrier","floor":25,"key":"SMITH"},{"data":"Metallicize","floor":27,"key":"SMITH"},{"data":"Limit Break","floor":30,"key":"SMITH"},{"data":"Bash","floor":32,"key":"SMITH"},{"data":"Sword Boomerang","floor":40,"key":"SMITH"},{"data":"Pommel Strike","floor":42,"key":"SMITH"},{"data":"Defend_R","floor":44,"key":"SMITH"},{"floor":49,"key":"REST"}],"neow_cost":"TEN_PERCENT_HP_LOSS","seed_source_timestamp":877043754039200,"circlet_count":0,"master_deck":["Strike_R","Strike_R","Strike_R","Defend_R+1","Defend_R+1","Defend_R","Defend_R+1","Bash+1","Limit Break+1","Pommel Strike+1","Sword Boomerang+1","Flame Barrier+1","Thunderclap+1","Uppercut+1","Flame Barrier+1","Pommel Strike+1","Double Tap+1","Immolate+1","Sword Boomerang+1","Headbutt+1","Body Slam+1","Flame Barrier+1","Pommel Strike+1","Flame Barrier+1","Body Slam+1","Sword Boomerang+1","Shockwave+1"],"relics":["Burning Blood","Molten Egg 2","Meat on the Bone","Ice Cream","Charon\u0027s Ashes","Sozu","Turnip","Shuriken","War Paint","PreservedInsect","DollysMirror","Philosopher\u0027s Stone","Oddly Smooth Stone","Bottled Flame"],"potions_floor_usage":[7,8,16,33,50],"damage_taken":[{"damage":4,"enemies":"Jaw Worm","floor":1,"turns":5},{"damage":1,"enemies":"Cultist","floor":2,"turns":3},{"damage":0,"enemies":"2 Louse","floor":3,"turns":3},{"damage":4,"enemies":"Exordium Wildlife","floor":4,"turns":4},{"damage":26,"enemies":"2 Fungi Beasts","floor":6,"turns":4},{"damage":42,"enemies":"Lagavulin","floor":7,"turns":8},{"damage":10,"enemies":"Red Slaver","floor":8,"turns":6},{"damage":0,"enemies":"3 Louse","floor":10,"turns":4},{"damage":11,"enemies":"Large Slime","floor":11,"turns":5},{"damage":26,"enemies":"Exordium Thugs","floor":12,"turns":6},{"damage":17,"enemies":"3 Sentries","floor":14,"turns":8},{"damage":11,"enemies":"The Guardian","floor":16,"turns":13},{"damage":14,"enemies":"2 Thieves","floor":18,"turns":3},{"damage":0,"enemies":"Chosen","floor":20,"turns":3},{"damage":25,"enemies":"Colosseum Slavers","floor":21,"turns":3},{"damage":27,"enemies":"Colosseum Nobs","floor":21,"turns":5},{"damage":9,"enemies":"Centurion and Healer","floor":22,"turns":5},{"damage":0,"enemies":"3 Cultists","floor":28,"turns":5},{"damage":0,"enemies":"Snake Plant","floor":31,"turns":4},{"damage":52,"enemies":"Automaton","floor":33,"turns":8},{"damage":0,"enemies":"Orb Walker","floor":35,"turns":3},{"damage":0,"enemies":"3 Darklings","floor":38,"turns":2},{"damage":11,"enemies":"4 Shapes","floor":41,"turns":2},{"damage":0,"enemies":"Giant Head","floor":46,"turns":5},{"damage":26,"enemies":"Maw","floor":47,"turns":6},{"damage":51,"enemies":"Donu and Deca","floor":50,"turns":7}],"seed_played":"6202650631564711411","potions_obtained":[{"floor":3,"key":"Swift Potion"},{"floor":6,"key":"SneckoOil"},{"floor":7,"key":"Dexterity Potion"},{"floor":10,"key":"Poison Potion"},{"floor":14,"key":"Explosive Potion"},{"floor":16,"key":"SkillPotion"}],"is_trial":false,"path_per_floor":["M","M","M","M","?","M","E","M","T","M","M","M","R","E","R","B",null,"M","?","M","?","M","R","?","R","T","R","M","$","R","M","R","B",null,"M","?","$","M","$","R","M","R","T","R","?","E","M","?","R","B",null],"character_chosen":"IRONCLAD","items_purchased":["PreservedInsect","Pommel Strike+1","DollysMirror"],"campfire_rested":2,"item_purchase_floors":[29,29,29],"current_hp_per_floor":[72,72,72,72,72,52,16,24,24,42,49,41,62,51,51,46,72,64,64,70,42,51,51,51,51,51,51,57,57,57,63,63,29,72,72,72,72,72,72,72,67,67,67,67,67,72,52,52,72,39],"gold":380,"neow_bonus":"THREE_RARE_CARDS","is_prod":false,"is_daily":false,"chose_seed":false,"campfire_upgraded":9,"win_rate":0,"timestamp":1555876616,"path_taken":["M","M","M","M","?","?","E","M","T","M","M","M","R","E","R","BOSS","M","?","M","?","M","R","?","R","T","R","M","$","R","M","R","BOSS","M","?","$","M","$","R","M","R","T","R","?","E","M","?","R","BOSS"],"build_version":"2019-01-23","purchased_purges":1,"victory":true,"max_hp_per_floor":[72,72,72,72,72,72,72,72,72,72,72,72,72,72,72,72,72,72,72,72,72,72,72,72,72,72,72,72,72,72,72,72,72,72,72,72,72,72,72,72,72,72,72,72,72,72,72,72,72,72],"card_choices":[{"not_picked":["Reaper","Juggernaut"],"picked":"Limit Break","floor":0},{"not_picked":["Rampage","Second Wind"],"picked":"Pommel Strike","floor":1},{"not_picked":["Corruption","Power Through"],"picked":"Sword Boomerang","floor":2},{"not_picked":["Sentinel","Heavy Blade","Searing Blow"],"picked":"SKIP","floor":3},{"not_picked":["Flex","Perfected Strike"],"picked":"Flame Barrier","floor":4},{"not_picked":["Hemokinesis+1","Cleave+1"],"picked":"Thunderclap+1","floor":6},{"not_picked":["Rampage+1","Flex"],"picked":"Uppercut+1","floor":7},{"not_picked":["Blood for Blood+1","Flex","Anger+1"],"picked":"SKIP","floor":8},{"not_picked":["Impervious","Wild Strike+1"],"picked":"Metallicize","floor":10},{"not_picked":["Clash+1","Sword Boomerang+1"],"picked":"Flame Barrier","floor":11},{"not_picked":["Entrench","Warcry"],"picked":"Pommel Strike+1","floor":12},{"not_picked":["Hemokinesis+1","Clash+1"],"picked":"Double Tap","floor":14},{"not_picked":["Double Tap","Berserk"],"picked":"Immolate+1","floor":16},{"not_picked":["Twin Strike+1","True Grit","Warcry+1"],"picked":"SKIP","floor":18},{"not_picked":["Combust","Twin Strike+1"],"picked":"Sword Boomerang+1","floor":20},{"not_picked":["Dual Wield+1","Metallicize"],"picked":"Headbutt+1","floor":21},{"not_picked":["Twin Strike+1","True Grit"],"picked":"Body Slam+1","floor":22},{"not_picked":["Feel No Pain","Thunderclap+1","Limit Break"],"picked":"SKIP","floor":28},{"not_picked":["Cleave+1","Twin Strike+1","Havoc"],"picked":"SKIP","floor":31},{"not_picked":["Perfected Strike+1","Warcry"],"picked":"Body Slam+1","floor":35},{"not_picked":["Armaments+1","Rampage+1"],"picked":"Sword Boomerang+1","floor":38},{"not_picked":["Armaments","Cleave+1"],"picked":"Shockwave+1","floor":41},{"not_picked":["Burning Pact","Fiend Fire+1","Carnage+1"],"picked":"SKIP","floor":46},{"not_picked":["Bloodletting","Iron Wave+1","True Grit"],"picked":"SKIP","floor":47}],"player_experience":625693,"relics_obtained":[{"floor":5,"key":"Molten Egg 2"},{"floor":7,"key":"Meat on the Bone"},{"floor":9,"key":"Ice Cream"},{"floor":14,"key":"Charon\u0027s Ashes"},{"floor":21,"key":"Turnip"},{"floor":21,"key":"Shuriken"},{"floor":26,"key":"War Paint"},{"floor":43,"key":"Oddly Smooth Stone"},{"floor":46,"key":"Bottled Flame"}],"event_choices":[{"damage_healed":0,"gold_gain":0,"player_choice":"Relic","damage_taken":0,"max_hp_gain":0,"max_hp_loss":0,"event_name":"Wheel of Change","floor":5,"gold_loss":0},{"damage_healed":0,"gold_gain":0,"player_choice":"Ignored","damage_taken":0,"max_hp_gain":0,"max_hp_loss":0,"event_name":"Ghosts","floor":19,"gold_loss":0},{"damage_healed":0,"gold_gain":0,"player_choice":"Fight","damage_taken":0,"max_hp_gain":0,"max_hp_loss":0,"event_name":"Colosseum","floor":21,"gold_loss":0},{"damage_healed":0,"gold_gain":0,"player_choice":"Fought Nobs","damage_taken":0,"max_hp_gain":0,"max_hp_loss":0,"event_name":"Colosseum","floor":21,"gold_loss":0},{"damage_healed":0,"gold_gain":0,"player_choice":"Copied","damage_taken":0,"max_hp_gain":0,"max_hp_loss":0,"event_name":"Duplicator","floor":24,"gold_loss":0,"cards_obtained":["Flame Barrier"]},{"damage_healed":0,"gold_gain":0,"player_choice":"Ignored","damage_taken":0,"max_hp_gain":0,"max_hp_loss":0,"event_name":"Tomb of Lord Red Mask","floor":36,"gold_loss":0},{"cards_removed":["Metallicize"],"damage_healed":0,"gold_gain":0,"player_choice":"Removed Power","damage_taken":0,"max_hp_gain":0,"max_hp_loss":0,"event_name":"Falling","floor":45,"gold_loss":0},{"cards_removed":["Strike_R"],"damage_healed":0,"gold_gain":0,"player_choice":"Offered Basic","damage_taken":0,"max_hp_gain":0,"max_hp_loss":0,"event_name":"Bonfire Elementals","floor":48,"gold_loss":0}],"is_beta":false,"boss_relics":[{"not_picked":["Cursed Key","Ectoplasm"],"picked":"Sozu"},{"not_picked":["Pandora\u0027s Box","Coffee Dripper"],"picked":"Philosopher\u0027s Stone"}],"items_purged_floors":[29],"is_endless":false,"potions_floor_spawned":[3,6,7,10,14,16,20,21,21,33,35,38],"ascension_level":0}