{"gold_per_floor":[114,189,189,139,89,120,120,35,35,55,75,108,108,126,126,226,226,241,253,14,14,14,14,44,44,44,44,17,34,34,69,69,168,168,187,287,305,230,278,306,306,112,112,141,41,41,60,71,71,71,71,71,2,37,37],"floor_reached":55,"playtime":3359,"items_purged":["Regret","Regret"],"score":855,"play_id":"db76a462-bca2-4cb0-bc86-066b4d3fe9f6","local_time":"20190120010224","is_ascension_mode":true,"campfire_choices":[{"floor":7,"key":"REST"},{"data":"Entrench","floor":15,"key":"SMITH"},{"data":"Metallicize","floor":23,"key":"SMITH"},{"data":"Uppercut","floor":27,"key":"SMITH"},{"data":"Uppercut","floor":30,"key":"SMITH"},{"floor":32,"key":"REST"},{"floor":41,"key":"RECALL"},{"data":"Barricade","floor":49,"key":"SMITH"},{"data":"Battle Trance","floor":52,"key":"SMITH"}],"neow_cost":"NONE","seed_source_timestamp":426684032573300,"circlet_count":0,"master_deck":["Bash","Cleave","Uppercut+1","Entrench+1","Flex+1","Feed","Metallicize+1","Rage","Shrug It Off","Anger","Discovery+1","Headbutt","Battle Trance+1","Uppercut+1","Demon Form","Shrug It Off+1","Anger+1","Inflame+1","Clumsy","True Grit+1","Sword Boomerang+1","Limit Break+1","Impervious+1","Heavy Blade+1","Clothesline+1","Corruption","Barricade+1","Armaments+1","Havoc+1","Sword Boomerang+1","Shockwave+1","Heavy Blade+1"],"relics":["Pandora\u0027s Box","Pen Nib","Bag of Preparation","Cursed Key","Toxic Egg 2","MutagenicStrength","Vajra","Question Card","Blue Candle","Lantern","Eternal Feather","Thread and Needle","Gambling Chip","Paper Frog","Bronze Scales","Molten Egg 2","Happy Flower","War Paint"],"potions_floor_usage":[6,12,24,24,31,36,39,39,50,55,55],"damage_taken":[{"damage":6,"enemies":"Cultist","floor":1,"turns":3},{"damage":8,"enemies":"Gremlin Nob","floor":6,"turns":4},{"damage":0,"enemies":"2 Louse","floor":10,"turns":2},{"damage":8,"enemies":"Jaw Worm","floor":11,"turns":4},{"damage":3,"enemies":"Lagavulin","floor":12,"turns":6},{"damage":2,"enemies":"Blue Slaver","floor":14,"turns":2},{"damage":44,"enemies":"Hexaghost","floor":16,"turns":8},{"damage":0,"enemies":"Chosen","floor":18,"turns":3},{"damage":4,"enemies":"2 Thieves","floor":19,"turns":3},{"damage":0,"enemies":"Slavers","floor":24,"turns":2},{"damage":7,"enemies":"Cultist and Chosen","floor":29,"turns":4},{"damage":28,"enemies":"Gremlin Leader","floor":31,"turns":5},{"damage":19,"enemies":"Champ","floor":33,"turns":5},{"damage":0,"enemies":"Orb Walker","floor":35,"turns":3},{"damage":1,"enemies":"Mind Bloom Boss Battle","floor":36,"turns":5},{"damage":2,"enemies":"3 Shapes","floor":37,"turns":3},{"damage":3,"enemies":"2 Orb Walkers","floor":39,"turns":4},{"damage":3,"enemies":"Giant Head","floor":40,"turns":5},{"damage":9,"enemies":"Reptomancer","floor":44,"turns":5},{"damage":8,"enemies":"Jaw Worm Horde","floor":47,"turns":3},{"damage":0,"enemies":"4 Shapes","floor":48,"turns":2},{"damage":1,"enemies":"Time Eater","floor":50,"turns":5},{"damage":38,"enemies":"Shield and Spear","floor":54,"turns":4},{"damage":71,"enemies":"The Heart","floor":55,"turns":6}],"seed_played":"-6975819823615874544","potions_obtained":[{"floor":1,"key":"Poison Potion"},{"floor":11,"key":"GamblersBrew"},{"floor":16,"key":"SteroidPotion"},{"floor":19,"key":"AttackPotion"},{"floor":29,"key":"Poison Potion"},{"floor":31,"key":"Swift Potion"},{"floor":35,"key":"FearPotion"},{"floor":37,"key":"Dexterity Potion"},{"floor":40,"key":"SkillPotion"},{"floor":44,"key":"Poison Potion"},{"floor":48,"key":"Ancient Potion"}],"is_trial":false,"path_per_floor":["M","?","?","?","$","E","R","$","T","M","M","E","?","M","R","B",null,"M","M","$","?","?","R","E","T","T","R","$","M","R","E","R","B",null,"M","?","M","$","?","E","R","$","T","E","$","?","M","M","R","B",null,"R","$","E","B"],"character_chosen":"IRONCLAD","items_purchased":["Shrug It Off","Discovery","Toxic Egg 2","True Grit+1","Bronze Scales","Armaments+1","Shockwave+1"],"campfire_rested":2,"item_purchase_floors":[5,8,20,28,42,42,53],"current_hp_per_floor":[74,63,56,56,56,48,72,72,72,72,67,64,64,62,62,18,83,86,85,85,85,85,85,85,85,85,85,85,81,81,53,80,64,95,95,97,98,98,98,95,104,104,104,95,95,95,90,90,107,106,107,107,107,69,0],"gold":37,"neow_bonus":"BOSS_RELIC","is_prod":false,"is_daily":false,"chose_seed":false,"campfire_upgraded":6,"win_rate":0,"timestamp":1547971344,"path_taken":["M","?","?","?","?","E","R","$","T","?","M","E","?","?","R","BOSS","M","?","$","?","?","R","E","?","T","R","?","?","R","E","R","BOSS","M","?","M","$","?","E","R","?","T","E","$","?","?","M","R","BOSS","R","$","E","BOSS"],"build_version":"2019-01-17","purchased_purges":2,"victory":false,"max_hp_per_floor":[80,80,80,80,80,80,80,80,80,80,83,83,83,83,83,83,83,86,89,89,89,89,89,89,89,89,89,89,92,92,92,92,95,95,95,98,101,101,104,104,104,104,104,104,104,104,107,107,107,107,107,107,107,107,107],"card_choices":[{"not_picked":["Entrench","Fire Breathing"],"picked":"Intimidate","floor":1},{"not_picked":["Evolve","Heavy Blade"],"picked":"Anger","floor":6},{"not_picked":["Searing Blow","Twin Strike"],"picked":"Headbutt","floor":10},{"not_picked":["Headbutt","Dropkick"],"picked":"Battle Trance","floor":11},{"not_picked":["Armaments","Sentinel"],"picked":"Uppercut","floor":12},{"not_picked":["Entrench","Body Slam","Rupture"],"picked":"SKIP","floor":14},{"not_picked":["Bludgeon","Barricade"],"picked":"Demon Form","floor":16},{"not_picked":["Uppercut","Perfected Strike"],"picked":"Shrug It Off","floor":18},{"not_picked":["Armaments","Perfected Strike"],"picked":"Anger+1","floor":19},{"not_picked":["Flex+1","Shrug It Off+1"],"picked":"Inflame+1","floor":24},{"not_picked":["Rampage","Spot Weakness+1","Pommel Strike"],"picked":"Sword Boomerang+1","floor":29},{"not_picked":["True Grit+1","Headbutt+1","Combust"],"picked":"Limit Break+1","floor":31},{"not_picked":["Barricade","Immolate","Berserk"],"picked":"Impervious+1","floor":33},{"not_picked":["Thunderclap","Body Slam+1","Cleave","Twin Strike+1"],"picked":"SKIP","floor":35},{"not_picked":["Perfected Strike+1","Warcry+1","Havoc+1"],"picked":"Heavy Blade+1","floor":36},{"not_picked":["Clash+1","Inflame","Wild Strike+1"],"picked":"Clothesline+1","floor":37},{"not_picked":["Flex+1","Reaper","Burning Pact+1"],"picked":"Corruption","floor":39},{"not_picked":["Battle Trance+1","Perfected Strike","Combust+1"],"picked":"Barricade","floor":40},{"not_picked":["Armaments+1","Iron Wave+1","Rupture+1"],"picked":"Havoc+1","floor":44},{"not_picked":["Thunderclap+1","Sentinel+1","Wild Strike+1"],"picked":"Sword Boomerang+1","floor":47},{"not_picked":["Fiend Fire+1","Wild Strike+1","Clash+1","Heavy Blade+1"],"picked":"SKIP","floor":48},{"not_picked":["Wild Strike+1","Seeing Red+1","Feed+1"],"picked":"Heavy Blade+1","floor":54}],"player_experience":342799,"relics_obtained":[{"floor":6,"key":"Pen Nib"},{"floor":12,"key":"Bag of Preparation"},{"floor":24,"key":"Vajra"},{"floor":25,"key":"Question Card"},{"floor":26,"key":"Blue Candle"},{"floor":31,"key":"Lantern"},{"floor":36,"key":"Thread and Needle"},{"floor":39,"key":"Gambling Chip"},{"floor":40,"key":"Paper Frog"},{"floor":43,"key":"Molten Egg 2"},{"floor":44,"key":"Happy Flower"},{"floor":54,"key":"War Paint"}],"event_choices":[{"damage_healed":0,"gold_gain":75,"player_choice":"Gather Gold","damage_taken":11,"max_hp_gain":0,"max_hp_loss":0,"event_name":"World of Goop","floor":2,"gold_loss":0},{"cards_removed":["Sever Soul"],"damage_healed":0,"gold_gain":0,"player_choice":"Card Removal","damage_taken":7,"max_hp_gain":0,"max_hp_loss":0,"event_name":"Golden Wing","floor":3,"gold_loss":0},{"cards_removed":["Berserk"],"damage_healed":0,"gold_gain":0,"player_choice":"Card Removal","damage_taken":0,"max_hp_gain":0,"max_hp_loss":0,"event_name":"The Cleric","floor":4,"gold_loss":50},{"damage_healed":0,"gold_gain":0,"player_choice":"Upgraded","damage_taken":0,"max_hp_gain":0,"max_hp_loss":0,"event_name":"Upgrade Shrine","floor":13,"gold_loss":0,"cards_upgraded":["Discovery"]},{"damage_healed":0,"gold_gain":0,"player_choice":"Inject Mutagens","damage_taken":0,"relics_obtained":["MutagenicStrength"],"max_hp_gain":0,"max_hp_loss":0,"event_name":"Drug Dealer","floor":21,"gold_loss":0},{"damage_healed":0,"gold_gain":0,"player_choice":"Ignored","damage_taken":0,"max_hp_gain":0,"max_hp_loss":0,"event_name":"Beggar","floor":22,"gold_loss":0},{"damage_healed":0,"gold_gain":0,"player_choice":"Fight","damage_taken":0,"max_hp_gain":0,"max_hp_loss":0,"event_name":"MindBloom","floor":36,"gold_loss":0},{"damage_healed":0,"gold_gain":0,"player_choice":"Fight","damage_taken":0,"max_hp_gain":0,"max_hp_loss":0,"event_name":"Mysterious Sphere","floor":39,"gold_loss":0},{"cards_removed":["Intimidate"],"damage_healed":0,"gold_gain":0,"player_choice":"Removed Skill","damage_taken":0,"max_hp_gain":0,"max_hp_loss":0,"event_name":"Falling","floor":46,"gold_loss":0}],"is_beta":true,"boss_relics":[{"not_picked":["Snecko Eye","Ectoplasm"],"picked":"Cursed Key"},{"not_picked":["Astrolabe","Coffee Dripper"],"picked":"Eternal Feather"}],"items_purged_floors":[38,45],"is_endless":false,"potions_floor_spawned":[1,11,16,19,29,31,35,37,40,44,48],"killed_by":"The Heart","ascension_level":1}