{"gold_per_floor":[116,116,128,128,139,139,174,174,198,198,229,245,21,36,36,139,139,155,155,171,171,96,96,113,146,172,198,211,229,229,243,243,243],"floor_reached":33,"playtime":1393,"items_purged":[],"score":401,"play_id":"ff6b032e-7c40-4130-8422-5529fb9967c7","local_time":"20190331032300","is_ascension_mode":true,"campfire_choices":[{"data":"Armaments","floor":6,"key":"SMITH"},{"data":"Clothesline","floor":8,"key":"SMITH"},{"data":"Cleave","floor":10,"key":"SMITH"},{"data":"True Grit","floor":15,"key":"SMITH"},{"data":"Inflame","floor":23,"key":"SMITH"},{"floor":32,"key":"REST"}],"neow_cost":"NONE","seed_source_timestamp":42072421242642,"circlet_count":0,"master_deck":["Strike_R+1","Strike_R+1","Strike_R+1","Defend_R+1","Defend_R+1","Defend_R+1","Defend_R+1","Bash+1","Iron Wave","Clothesline+1","Cleave+1","Armaments+1","Impervious","Anger","Inflame+1","True Grit+1","Exhume","True Grit+1","Double Tap","Metallicize"],"relics":["Burning Blood","Blood Vial","Red Skull","Lantern","Vajra","Busted Crown","Pen Nib","Dream Catcher","Anchor"],"potions_floor_usage":[24,25,27,27],"damage_taken":[{"damage":4,"enemies":"Small Slimes","floor":1,"turns":4},{"damage":8,"enemies":"2 Louse","floor":3,"turns":3},{"damage":4,"enemies":"Cultist","floor":5,"turns":3},{"damage":25,"enemies":"Gremlin Nob","floor":7,"turns":4},{"damage":20,"enemies":"3 Sentries","floor":11,"turns":7},{"damage":8,"enemies":"Looter","floor":12,"turns":2},{"damage":8,"enemies":"Large Slime","floor":14,"turns":2},{"damage":21,"enemies":"Hexaghost","floor":16,"turns":7},{"damage":23,"enemies":"Spheric Guardian","floor":18,"turns":5},{"damage":12,"enemies":"Shell Parasite","floor":20,"turns":7},{"damage":23,"enemies":"Shelled Parasite and Fungi","floor":24,"turns":6},{"damage":5,"enemies":"Book of Stabbing","floor":25,"turns":5},{"damage":31,"enemies":"Gremlin Leader","floor":27,"turns":6},{"damage":0,"enemies":"Chosen and Byrds","floor":28,"turns":5},{"damage":2,"enemies":"Centurion and Healer","floor":29,"turns":6},{"damage":0,"enemies":"Shelled Parasite and Fungi","floor":31,"turns":5},{"damage":62,"enemies":"Champ","floor":33,"turns":13}],"seed_played":"-8886462925499103628","potions_obtained":[{"floor":0,"key":"SmokeBomb"},{"floor":0,"key":"Explosive Potion"},{"floor":0,"key":"AttackPotion"},{"floor":3,"key":"Energy Potion"},{"floor":5,"key":"Strength Potion"},{"floor":16,"key":"SkillPotion"},{"floor":25,"key":"Weak Potion"},{"floor":29,"key":"PowerPotion"}],"is_trial":false,"path_per_floor":["M","?","M","?","M","R","E","R","T","R","E","M","$","M","R","B",null,"M","?","M","?","?","R","M","E","T","E","M","M","?","M","R","B"],"character_chosen":"IRONCLAD","items_purchased":["Vajra","Inflame"],"campfire_rested":1,"item_purchase_floors":[13,13],"current_hp_per_floor":[74,74,72,72,74,74,55,55,55,55,43,43,43,43,43,30,68,53,53,49,49,49,49,34,37,37,14,22,28,28,36,60,0],"gold":243,"neow_bonus":"THREE_SMALL_POTIONS","is_prod":false,"is_daily":false,"chose_seed":false,"campfire_upgraded":5,"win_rate":0,"timestamp":1554013380,"path_taken":["M","?","M","?","M","R","E","R","T","R","E","M","$","M","R","BOSS","M","?","M","?","?","R","M","E","T","E","M","M","?","?","R","BOSS"],"build_version":"2019-01-23","purchased_purges":0,"victory":false,"max_hp_per_floor":[80,80,80,80,80,80,80,80,80,80,80,80,80,80,80,80,80,80,80,80,80,80,80,80,80,80,80,80,80,80,80,80,80],"card_choices":[{"not_picked":["Searing Blow","Thunderclap"],"picked":"Iron Wave","floor":1},{"not_picked":["Feel No Pain","Flex"],"picked":"Clothesline","floor":3},{"not_picked":["Flex","Havoc"],"picked":"Armaments","floor":5},{"not_picked":["Armaments","Second Wind"],"picked":"Impervious","floor":7},{"not_picked":["Sentinel","Feel No Pain","Armaments"],"picked":"SKIP","floor":11},{"not_picked":["Clash","Flex"],"picked":"Anger","floor":12},{"not_picked":["Blood for Blood","Ghostly Armor"],"picked":"True Grit","floor":14},{"not_picked":["Dark Embrace","Fiend Fire"],"picked":"Exhume","floor":16},{"not_picked":[],"picked":"True Grit+1","floor":18},{"not_picked":["Body Slam"],"picked":"SKIP","floor":20},{"not_picked":["Twin Strike"],"picked":"SKIP","floor":24},{"not_picked":["True Grit"],"picked":"SKIP","floor":25},{"not_picked":["Clash"],"picked":"SKIP","floor":27},{"not_picked":["Warcry"],"picked":"SKIP","floor":28},{"not_picked":["Seeing Red"],"picked":"SKIP","floor":29},{"not_picked":[],"picked":"Double Tap","floor":31},{"not_picked":[],"picked":"Metallicize","floor":32}],"player_experience":437057,"relics_obtained":[{"floor":7,"key":"Blood Vial"},{"floor":9,"key":"Red Skull"},{"floor":11,"key":"Lantern"},{"floor":25,"key":"Pen Nib"},{"floor":26,"key":"Dream Catcher"},{"floor":27,"key":"Anchor"}],"event_choices":[{"damage_healed":0,"gold_gain":0,"player_choice":"Grow","damage_taken":0,"max_hp_gain":0,"max_hp_loss":0,"event_name":"Living Wall","floor":2,"gold_loss":0,"cards_upgraded":["Bash"]},{"damage_healed":0,"gold_gain":0,"cards_transformed":["Strike_R"],"player_choice":"Transformed","damage_taken":0,"max_hp_gain":0,"max_hp_loss":0,"event_name":"Transmorgrifier","floor":4,"gold_loss":0,"cards_obtained":["Cleave"]},{"damage_healed":0,"gold_gain":0,"player_choice":"Ignored","damage_taken":0,"max_hp_gain":0,"max_hp_loss":0,"event_name":"Ghosts","floor":19,"gold_loss":0},{"damage_healed":0,"gold_gain":0,"player_choice":"Ignored","damage_taken":0,"max_hp_gain":0,"max_hp_loss":0,"event_name":"The Mausoleum","floor":21,"gold_loss":0},{"cards_removed":["Strike_R"],"damage_healed":0,"gold_gain":0,"player_choice":"Gave Gold","damage_taken":0,"max_hp_gain":0,"max_hp_loss":0,"event_name":"Beggar","floor":22,"gold_loss":75},{"damage_healed":0,"gold_gain":0,"player_choice":"Simplicity","damage_taken":0,"max_hp_gain":0,"max_hp_loss":0,"event_name":"Back to Basics","floor":30,"gold_loss":0,"cards_upgraded":["Strike_R","Strike_R","Strike_R","Defend_R","Defend_R","Defend_R","Defend_R"]}],"is_beta":false,"boss_relics":[{"not_picked":["Calling Bell","Empty Cage"],"picked":"Busted Crown"}],"items_purged_floors":[],"is_endless":false,"potions_floor_spawned":[3,5,7,11,16,18,20,25,29],"killed_by":"Champ","ascension_level":7}