{"path_per_floor":["M","?","?","?","$","M","R","M","T","M","?","E","$","E","R","B",null,"M","M","$","M","M","R","?","R","T","M","E","R","?","M","R","B",null,"M","$","?","M","?","R","M","M","T"],"character_chosen":"THE_SILENT","items_purchased":["Footwork","Apotheosis","Accuracy","Ninja Scroll"],"gold_per_floor":[111,111,111,286,211,230,230,251,276,292,292,326,151,184,184,309,309,322,343,80,96,120,120,120,120,120,138,173,173,96,119,119,242,242,267,9,9,22,22,22,41,60,83,83],"floor_reached":44,"campfire_rested":6,"playtime":5403,"current_hp_per_floor":[69,69,52,52,52,52,70,70,70,55,55,39,39,46,67,42,70,46,36,36,29,24,45,45,66,66,55,55,70,70,65,65,24,70,52,52,52,35,26,47,36,13,13,0],"items_purged":["Doubt","Defend_G"],"gold":83,"score":486,"play_id":"ef4eddb3-b579-4b65-9543-9cf091c10276","local_time":"20180506214549","is_prod":false,"is_daily":false,"chose_seed":false,"is_ascension_mode":true,"campfire_upgraded":1,"timestamp":1525668349,"path_taken":["M","?","?","?","$","M","R","M","T","M","?","E","?","E","R","BOSS","M","M","$","M","M","R","?","R","T","M","E","R","?","M","R","BOSS","M","$","?","M","?","R","M","M","T","?"],"build_version":"2018-05-03","seed_source_timestamp":1710108638351066,"purchased_purges":2,"victory":false,"master_deck":["Defend_G","Defend_G","Defend_G","Defend_G","Strike_G","Strike_G","Strike_G+1","Survivor","Neutralize+1","Infinite Blades+1","All Out Attack","Blade Dance","Burst","Backflip","Footwork","Cloak And Dagger","Bullet Time","Acrobatics+1","Footwork","Apotheosis+1","Accuracy","Accuracy","Infinite Blades+1","Blade Dance+1","J.A.X.","A Thousand Cuts","Footwork","Slice","Madness","Madness","Outmaneuver+1","Caltrops","Decay"],"max_hp_per_floor":[70,70,70,70,70,70,70,70,70,70,70,70,70,70,70,70,70,70,70,70,70,70,70,70,70,70,70,70,70,70,70,70,70,70,70,70,70,70,70,70,70,70,70,70],"relics":["Ring of the Snake","Whetstone","Golden Idol","Snake Skull","Art of War","Vajra","Sozu","Ginger","Ice Cream","Cursed Key","Ninja Scroll","Bronze Scales"],"card_choices":[{"not_picked":["Flying Knee","Caltrops"],"picked":"Infinite Blades","floor":1},{"not_picked":["Underhanded Strike","Bane"],"picked":"All Out Attack","floor":6},{"not_picked":["PiercingWail","Sucker Punch"],"picked":"Blade Dance","floor":8},{"not_picked":["Dodge and Roll","Deadly Poison"],"picked":"Burst","floor":10},{"not_picked":["Underhanded Strike","Distraction"],"picked":"Backflip","floor":12},{"not_picked":["Acrobatics","Escape Plan"],"picked":"Cloak And Dagger","floor":14},{"not_picked":["Night Terror","Wraith Form v2"],"picked":"Bullet Time","floor":16},{"not_picked":["Flying Knee","Prepared"],"picked":"Acrobatics","floor":18},{"not_picked":["Outmaneuver","Catalyst"],"picked":"Footwork","floor":19},{"not_picked":["Dash","Doppelganger"],"picked":"Accuracy","floor":22},{"not_picked":["Deadly Poison","Catalyst"],"picked":"Blade Dance","floor":27},{"not_picked":["Glass Knife","Storm of Steel"],"picked":"A Thousand Cuts","floor":33},{"not_picked":["Dodge and Roll","Deflect"],"picked":"Footwork","floor":35},{"not_picked":["Prepared","Dagger Throw"],"picked":"Outmaneuver","floor":41},{"not_picked":["Reflex","Dodge and Roll"],"picked":"Caltrops","floor":42}],"player_experience":306118,"potions_floor_usage":[14,16,16],"damage_taken":[{"damage":1,"enemies":"Jaw Worm","floor":1,"turns":5},{"damage":0,"enemies":"Cultist","floor":6,"turns":4},{"damage":0,"enemies":"Small Slimes","floor":8,"turns":3},{"damage":15,"enemies":"Looter","floor":10,"turns":3},{"damage":16,"enemies":"Gremlin Nob","floor":12,"turns":4},{"damage":8,"enemies":"Lagavulin","floor":14,"turns":8},{"damage":25,"enemies":"Slime Boss","floor":16,"turns":10},{"damage":24,"enemies":"2 Thieves","floor":18,"turns":4},{"damage":10,"enemies":"Shell Parasite","floor":19,"turns":8},{"damage":7,"enemies":"Sentry and Sphere","floor":21,"turns":4},{"damage":5,"enemies":"3 Cultists","floor":22,"turns":5},{"damage":11,"enemies":"Snecko","floor":27,"turns":4},{"damage":0,"enemies":"Book of Stabbing","floor":28,"turns":3},{"damage":5,"enemies":"Sentry and Sphere","floor":31,"turns":3},{"damage":41,"enemies":"Collector","floor":33,"turns":6},{"damage":18,"enemies":"Orb Walker","floor":35,"turns":4},{"damage":17,"enemies":"3 Shapes","floor":38,"turns":2},{"damage":11,"enemies":"Sphere and 2 Shapes","floor":41,"turns":4},{"damage":23,"enemies":"3 Darklings","floor":42,"turns":3},{"damage":18,"enemies":"Maw","floor":44,"turns":4}],"event_choices":[{"event_name":"Upgrade Shrine","player_choice":"Upgraded","floor":2,"damage_taken":0},{"event_name":"Golden Idol","player_choice":"Take Damage","floor":3,"damage_taken":0},{"event_name":"Liars Game","player_choice":"agreed","floor":4,"damage_taken":0},{"event_name":"Living Wall","player_choice":"Forget","floor":11,"damage_taken":0},{"event_name":"Duplicator","player_choice":"One dupe","floor":24,"damage_taken":0},{"event_name":"Drug Dealer","player_choice":"Got JAXXED","floor":30,"damage_taken":0},{"event_name":"Transmorgrifier","player_choice":"Transform","floor":37,"damage_taken":0},{"event_name":"Winding Halls","player_choice":"Embrace Madness","floor":39,"damage_taken":0}],"boss_relics":[{"not_picked":["Runic Dome","Black Star"],"picked":"Sozu"},{"not_picked":["Calling Bell","White Beast Statue"],"picked":"Cursed Key"}],"potions_floor_spawned":[6,8,10,22,27,31,35,41],"seed_played":"8163128925572845189","killed_by":"Maw","ascension_level":1,"is_trial":false}