{"gold_per_floor":[110,126,126,51,51,51,72,113,113,24,45,45],"floor_reached":12,"playtime":358,"items_purged":[],"score":156,"play_id":"c08627ee-5b6c-48f3-b81a-69c3de9c2b39","local_time":"20190114135431","is_ascension_mode":true,"campfire_choices":[{"data":"Deadly Poison","floor":6,"key":"SMITH"}],"neow_cost":"NONE","seed_source_timestamp":424106007140804,"circlet_count":0,"master_deck":["AscendersBane","Defend_G","Defend_G","Defend_G","Defend_G","Defend_G","Strike_G","Strike_G","Strike_G","Strike_G","Survivor","Neutralize","Dodge and Roll","Deadly Poison+1","Well Laid Plans","Blur","Noxious Fumes","Dash"],"relics":["Ring of the Snake","NeowsBlessing","Golden Idol","Torii","StoneCalendar"],"potions_floor_usage":[8],"damage_taken":[{"damage":0,"enemies":"Cultist","floor":1,"turns":1},{"damage":0,"enemies":"Small Slimes","floor":2,"turns":1},{"damage":0,"enemies":"Jaw Worm","floor":7,"turns":1},{"damage":35,"enemies":"3 Sentries","floor":8,"turns":12},{"damage":1,"enemies":"2 Fungi Beasts","floor":11,"turns":4},{"damage":29,"enemies":"Gremlin Nob","floor":12,"turns":3}],"seed_played":"-1935959536357391928","potions_obtained":[{"floor":2,"key":"Fire Potion"},{"floor":11,"key":"Strength Potion"}],"is_trial":false,"path_per_floor":["M","M","?","?","?","R","M","E","T","$","M","E"],"character_chosen":"THE_SILENT","items_purchased":["Noxious Fumes"],"campfire_rested":0,"item_purchase_floors":[10],"current_hp_per_floor":[59,59,64,64,64,64,64,29,29,29,28,0],"gold":45,"neow_bonus":"THREE_ENEMY_KILL","is_prod":false,"is_daily":false,"chose_seed":false,"campfire_upgraded":1,"win_rate":0,"timestamp":1547470471,"path_taken":["M","M","?","?","?","R","?","E","T","$","M","E"],"build_version":"2019-01-10","purchased_purges":0,"victory":false,"max_hp_per_floor":[66,66,71,71,64,64,64,64,64,64,64,64],"card_choices":[{"not_picked":["Prepared","Setup"],"picked":"Dodge and Roll","floor":1},{"not_picked":["Underhanded Strike","Sucker Punch"],"picked":"Deadly Poison","floor":2},{"not_picked":["Quick Slash","Acrobatics"],"picked":"Well Laid Plans","floor":7},{"not_picked":["Masterful Stab","Finisher"],"picked":"Blur","floor":8},{"not_picked":["Wraith Form v2","Cloak And Dagger"],"picked":"Dash","floor":11}],"player_experience":1199180,"relics_obtained":[{"floor":8,"key":"Torii"},{"floor":9,"key":"StoneCalendar"}],"event_choices":[{"damage_healed":0,"gold_gain":0,"player_choice":"Donut","damage_taken":0,"max_hp_gain":5,"max_hp_loss":0,"event_name":"Big Fish","floor":3,"gold_loss":0},{"cards_removed":["Strike_G"],"damage_healed":0,"gold_gain":0,"player_choice":"Card Removal","damage_taken":0,"max_hp_gain":0,"max_hp_loss":0,"event_name":"The Cleric","floor":4,"gold_loss":75},{"damage_healed":0,"gold_gain":0,"player_choice":"Lose Max HP","damage_taken":0,"relics_obtained":["Golden Idol"],"max_hp_gain":0,"max_hp_loss":7,"event_name":"Golden Idol","floor":5,"gold_loss":0}],"is_beta":false,"boss_relics":[],"items_purged_floors":[],"is_endless":false,"potions_floor_spawned":[2,11],"killed_by":"Gremlin Nob","ascension_level":20}