{"gold_per_floor":[115,130,145,95,114,114,114,149,149,180,65,65,75,75,75,180,180,160,160,160,6,17,17,33,33,33,33,33,33],"floor_reached":29,"playtime":1476,"items_purged":[],"score":358,"play_id":"8d143fa4-50aa-40b2-b576-4bf7f3c0798b","local_time":"20190422231035","is_ascension_mode":true,"campfire_choices":[{"data":"Neutralize","floor":6.0,"key":"SMITH"},{"floor":12.0,"key":"REST"},{"data":"Tactician","floor":15.0,"key":"SMITH"},{"data":"A Thousand Cuts","floor":23,"key":"SMITH"},{"data":"After Image","floor":28,"key":"SMITH"}],"neow_cost":"NONE","seed_source_timestamp":0,"circlet_count":0,"master_deck":["Defend_G","Defend_G","Defend_G","Defend_G+1","Defend_G","Strike_G+1","Strike_G","Strike_G","Strike_G","Survivor","Neutralize+1","Prepared","Deflect","Underhanded Strike","A Thousand Cuts+1","Reflex","Tactician+1","Backstab","After Image+1","Writhe","Doubt","Decay","Noxious Fumes","Writhe","Underhanded Strike","Distraction+1"],"special_seed":0,"relics":["Runic Pyramid","Bird Faced Urn","Pantograph","Blue Candle","Calling Bell","Bag of Preparation","Dodecahedron","Tough Bandages","Tingsha","Bronze Scales","Letter Opener","Dream Catcher"],"potions_floor_usage":[24],"damage_taken":[{"damage":0.0,"enemies":"Jaw Worm","floor":1.0,"turns":5.0},{"damage":3.0,"enemies":"2 Louse","floor":2.0,"turns":3.0},{"damage":4.0,"enemies":"Small Slimes","floor":3.0,"turns":4.0},{"damage":3.0,"enemies":"2 Fungi Beasts","floor":5.0,"turns":5.0},{"damage":33.0,"enemies":"Gremlin Nob","floor":8.0,"turns":5.0},{"damage":0.0,"enemies":"Lagavulin","floor":10.0,"turns":7.0},{"damage":1.0,"enemies":"Looter","floor":13.0,"turns":4.0},{"damage":65.0,"enemies":"Hexaghost","floor":16.0,"turns":18.0},{"damage":14.0,"enemies":"2 Thieves","floor":18.0,"turns":5.0},{"damage":13,"enemies":"Spheric Guardian","floor":22,"turns":6},{"damage":11,"enemies":"Centurion and Healer","floor":24,"turns":6},{"damage":47,"enemies":"3 Cultists","floor":29,"turns":4}],"seed_played":"7389218954424302670","potions_obtained":[{"floor":2.0,"key":"EssenceOfSteel"},{"floor":10.0,"key":"Fire Potion"},{"floor":16.0,"key":"LiquidBronze"},{"floor":22,"key":"GamblersBrew"}],"is_trial":false,"path_per_floor":["?","?","?","?","?","$","?"],"character_chosen":"THE_SILENT","items_purchased":["Tactician","GhostInAJar","Bronze Scales"],"campfire_rested":1,"item_purchase_floors":[11,11,21],"current_hp_per_floor":[63,60,56,56,53,53,39,6,6,8,8,29,30,53,53,5,54,44,44,44,44,37,37,32,32,32,32,32,0],"gold":33,"neow_bonus":"BOSS_RELIC","is_prod":false,"is_daily":false,"chose_seed":false,"campfire_upgraded":4,"win_rate":0,"timestamp":1555949435,"path_taken":["M","M","M","?","M","R","?","E","T","E","$","R","M","?","R","BOSS","M","?","?","$","M","R","M","?","T","?","R","M"],"build_version":"2019-01-23","purchased_purges":0,"victory":false,"max_hp_per_floor":[70,70,70,70,70,70,70,70,70,70,70,70,70,70,70,70,70,70,70,70,70,70,70,70,70,70,70,70,70],"card_choices":[{"not_picked":["Bane","Backflip"],"picked":"Prepared","floor":1.0},{"not_picked":["Sucker Punch","Cloak And Dagger"],"picked":"Deflect","floor":2.0},{"not_picked":["Outmaneuver","Quick Slash","Poisoned Stab"],"picked":"SKIP","floor":3.0},{"not_picked":["Deadly Poison","Prepared"],"picked":"Underhanded Strike","floor":5.0},{"not_picked":["Backstab","Prepared"],"picked":"A Thousand Cuts","floor":8.0},{"not_picked":["Bane","PiercingWail"],"picked":"Reflex","floor":10.0},{"not_picked":["Outmaneuver","Backflip"],"picked":"Backstab","floor":13.0},{"not_picked":["Adrenaline","Corpse Explosion"],"picked":"After Image","floor":16.0},{"not_picked":["Poisoned Stab","PiercingWail"],"picked":"Noxious Fumes","floor":18.0},{"not_picked":["Poisoned Stab","Sucker Punch"],"picked":"Underhanded Strike","floor":22},{"not_picked":["Dagger Spray","Bane"],"picked":"Distraction+1","floor":24}],"player_experience":277248,"relics_obtained":[{"floor":8.0,"key":"Bird Faced Urn"},{"floor":9.0,"key":"Pantograph"},{"floor":10.0,"key":"Blue Candle"},{"floor":17.0,"key":"Bag of Preparation"},{"floor":17.0,"key":"Dodecahedron"},{"floor":17.0,"key":"Tough Bandages"},{"floor":26,"key":"Letter Opener"}],"event_choices":[{"cards_removed":["Strike_G"],"damage_healed":0.0,"max_hp_gain":0.0,"max_hp_loss":0.0,"gold_gain":0.0,"event_name":"The Cleric","player_choice":"Card Removal","floor":4.0,"gold_loss":50.0,"damage_taken":0.0},{"damage_healed":0.0,"max_hp_gain":0.0,"max_hp_loss":0.0,"gold_gain":0.0,"event_name":"Shining Light","player_choice":"Entered Light","floor":7.0,"gold_loss":0.0,"damage_taken":14.0,"cards_upgraded":["Strike_G","Defend_G"]},{"damage_healed":23.0,"max_hp_gain":0.0,"max_hp_loss":0.0,"gold_gain":0.0,"event_name":"Big Fish","player_choice":"Banana","floor":14.0,"gold_loss":0.0,"damage_taken":0.0},{"damage_healed":0.0,"max_hp_gain":0.0,"max_hp_loss":0.0,"gold_gain":0.0,"event_name":"The Mausoleum","player_choice":"Opened","floor":19.0,"gold_loss":0.0,"damage_taken":0.0,"relics_obtained":["Tingsha"],"cards_obtained":["Writhe"]},{"damage_healed":0.0,"max_hp_gain":0.0,"max_hp_loss":0.0,"gold_gain":0.0,"event_name":"Ghosts","player_choice":"Ignored","floor":20.0,"gold_loss":0.0,"damage_taken":0.0},{"damage_healed":0,"gold_gain":0,"player_choice":"Gave Potion","damage_taken":0,"relics_obtained":["Dream Catcher"],"max_hp_gain":0,"max_hp_loss":0,"event_name":"WeMeetAgain","floor":27,"gold_loss":0}],"is_beta":false,"boss_relics":[{"not_picked":["Snecko Eye","Runic Dome"],"picked":"Calling Bell"}],"items_purged_floors":[],"is_endless":false,"potions_floor_spawned":[2,10,16,22],"killed_by":"3 Cultists","ascension_level":8}