{"path_per_floor":["M","?","?","M","M","M","E","R","T","$","M","R","M","T","R","B",null,"M","?","M","$","M","R","M","R","T","R","M","M","$","M","R"],"character_chosen":"IRONCLAD","items_purchased":["Rupture","Armaments","Armaments"],"gold_per_floor":[119,119,119,139,156,168,200,200,272,163,179,179,197,222,222,325,325,335,250,239,115,130,130,145,145,168,168,181,193,20,38,38,38],"floor_reached":33,"campfire_rested":0,"playtime":3211,"current_hp_per_floor":[80,64,64,63,63,67,63,63,63,63,58,58,67,67,67,35,80,67,67,57,57,45,45,34,34,34,34,18,26,26,20,20,0],"items_purged":["Strike_R","Strike_R","Defend_R"],"gold":38,"score":264,"play_id":"44d0cf69-b701-4848-9591-9aa3acfa1597","local_time":"20180521225951","is_prod":false,"is_daily":false,"chose_seed":false,"is_ascension_mode":true,"campfire_upgraded":7,"timestamp":1526968791,"campfire_choices":[{"data":"Searing Blow","floor":8.0,"key":"SMITH"},{"data":"Searing Blow+1","floor":12.0,"key":"SMITH"},{"data":"Searing Blow+2","floor":15.0,"key":"SMITH"},{"data":"Searing Blow+3","floor":23.0,"key":"SMITH"},{"data":"Searing Blow+4","floor":25.0,"key":"SMITH"},{"data":"Searing Blow+5","floor":27.0,"key":"SMITH"},{"data":"Searing Blow+6","floor":32.0,"key":"SMITH"}],"path_taken":["M","?","?","M","?","M","E","R","T","$","M","R","M","?","R","BOSS","M","?","?","$","M","R","M","R","T","R","M","M","$","M","R","BOSS"],"build_version":"2018-05-17","seed_source_timestamp":15317495148108,"purchased_purges":3,"victory":false,"master_deck":["Strike_R","Strike_R","Strike_R+1","Defend_R","Defend_R","Defend_R","Bash","Clash+1","Clash","Feel No Pain","Searing Blow+7","Impervious+1","Rupture","Metallicize","Evolve","Feed","Evolve+1","Inflame+1","Armaments+1","Clash","Fire Breathing+1","Body Slam","Armaments","Metallicize+1"],"max_hp_per_floor":[80,80,80,80,80,80,80,80,80,80,80,80,80,80,80,80,80,83,83,83,83,86,86,86,86,86,86,89,89,89,89,89,89],"relics":["Burning Blood","Ancient Tea Set","Peace Pipe","Matryoshka","Oddly Smooth Stone","Blood Vial","Lizard Tail","Frozen Egg 2","Bronze Scales","War Paint"],"card_choices":[{"not_picked":["Wild Strike","Shrug It Off"],"picked":"Clash","floor":1.0},{"not_picked":["Bloodletting","Evolve"],"picked":"Clash","floor":4.0},{"not_picked":["Fire Breathing","Sword Boomerang"],"picked":"Feel No Pain","floor":5.0},{"not_picked":["Cleave","Heavy Blade"],"picked":"Searing Blow","floor":6.0},{"not_picked":["Headbutt","Intimidate"],"picked":"Impervious","floor":7.0},{"not_picked":["Rupture","True Grit"],"picked":"Metallicize","floor":11.0},{"not_picked":["Anger","Perfected Strike"],"picked":"Evolve","floor":13.0},{"not_picked":["Bludgeon","Impervious"],"picked":"Feed","floor":16.0},{"not_picked":["Rage+1","Sword Boomerang"],"picked":"Evolve+1","floor":18.0},{"not_picked":["Pommel Strike","Iron Wave"],"picked":"Inflame+1","floor":20.0},{"not_picked":["Dropkick+1","Anger"],"picked":"Clash","floor":22.0},{"not_picked":["Heavy Blade+1","Cleave"],"picked":"Fire Breathing+1","floor":24.0},{"not_picked":["Heavy Blade+1","Perfected Strike","Entrench"],"picked":"SKIP","floor":28.0},{"not_picked":["Thunderclap","Heavy Blade"],"picked":"Body Slam","floor":29.0},{"not_picked":["Iron Wave","Infernal Blade"],"picked":"Metallicize+1","floor":31.0}],"player_experience":395404,"potions_floor_usage":[],"damage_taken":[{"damage":1.0,"enemies":"Cultist","floor":1.0,"turns":3.0},{"damage":7.0,"enemies":"Small Slimes","floor":4.0,"turns":3.0},{"damage":6.0,"enemies":"Jaw Worm","floor":5.0,"turns":3.0},{"damage":2.0,"enemies":"Blue Slaver","floor":6.0,"turns":3.0},{"damage":10.0,"enemies":"3 Sentries","floor":7.0,"turns":10.0},{"damage":11.0,"enemies":"Red Slaver","floor":11.0,"turns":3.0},{"damage":5.0,"enemies":"Looter","floor":13.0,"turns":2.0},{"damage":55.0,"enemies":"Slime Boss","floor":16.0,"turns":17.0},{"damage":22.0,"enemies":"Shell Parasite","floor":18.0,"turns":6.0},{"damage":18.0,"enemies":"2 Thieves","floor":20.0,"turns":4.0},{"damage":23.0,"enemies":"Cultist and Chosen","floor":22.0,"turns":10.0},{"damage":19.0,"enemies":"Snecko","floor":24.0,"turns":7.0},{"damage":27.0,"enemies":"Slaver and Parasite","floor":28.0,"turns":8.0},{"damage":0.0,"enemies":"Snake Plant","floor":29.0,"turns":1.0},{"damage":14.0,"enemies":"3 Cultists","floor":31.0,"turns":6.0},{"damage":28,"enemies":"Collector","floor":33,"turns":2}],"relics_obtained":[{"floor":7.0,"key":"Peace Pipe"},{"floor":9.0,"key":"Matryoshka"},{"floor":14.0,"key":"Oddly Smooth Stone"},{"floor":14.0,"key":"Blood Vial"},{"floor":26.0,"key":"Bronze Scales"},{"floor":26.0,"key":"War Paint"}],"event_choices":[{"event_name":"Shining Light","player_choice":"Entered Light","floor":2.0,"damage_taken":0.0},{"event_name":"The Lab","player_choice":"Got Potions","floor":3.0,"damage_taken":0.0},{"event_name":"Addict","player_choice":"Obtained Relic","floor":19.0,"damage_taken":0.0}],"boss_relics":[],"potions_floor_spawned":[6,7,11,16,18,20,24,28],"seed_played":"-3238251556472853082","killed_by":"Collector","ascension_level":1,"potions_obtained":[{"floor":3.0,"key":"Dexterity Potion"},{"floor":3.0,"key":"FearPotion"},{"floor":3.0,"key":"Block Potion"},{"floor":6.0,"key":"BloodPotion"},{"floor":7.0,"key":"Energy Potion"},{"floor":11.0,"key":"Regen Potion"},{"floor":16.0,"key":"EssenceOfSteel"},{"floor":18.0,"key":"Dexterity Potion"},{"floor":20.0,"key":"Fire Potion"},{"floor":24.0,"key":"FearPotion"},{"floor":28.0,"key":"Explosive Potion"}],"is_trial":false}