{"gold_per_floor":[114,126,226,226,301,327,340,340,365,47,47,47,60,80,80,183,183,198,198,208,226,226,238,253,253,301,301,227,227,257,270,270,374,374,387,387,404,454,464,493,493,504,527,527,527,527,527,537,537,537],"floor_reached":51,"playtime":3102,"items_purged":["Strike_B"],"score":677,"play_id":"87815545-463a-40d4-82c0-43ea727973d5","local_time":"20180710131743","is_ascension_mode":false,"campfire_choices":[{"data":"White Noise","floor":8.0,"key":"SMITH"},{"data":"Zap","floor":12.0,"key":"SMITH"},{"data":"Chaos","floor":15.0,"key":"SMITH"},{"data":"Loop","floor":25.0,"key":"SMITH"},{"data":"Electrodynamics","floor":27.0,"key":"SMITH"},{"data":"Defragment","floor":32,"key":"SMITH"},{"floor":41,"key":"REST"},{"data":"Creative AI","floor":45,"key":"SMITH"},{"data":"Darkness","floor":47,"key":"SMITH"},{"data":"BootSequence","floor":49,"key":"SMITH"}],"neow_cost":"","seed_source_timestamp":0,"circlet_count":0,"master_deck":["Strike_B+1","Strike_B+1","Defend_B+1","Defend_B+1","Defend_B+1","Defend_B+1","Zap+1","Dualcast+1","White Noise+1","Darkness+1","Ball Lightning+1","Steam","Auto Shields","Chaos+1","Electrodynamics+1","Glacier","Consume+1","BootSequence+1","Aggregate","Loop+1","Defragment+1","Creative AI+1","Redo+1","Capacitor+1","Storm+1","FTL","Steam+1","Cold Snap+1"],"special_seed":0,"relics":["Cracked Core","Oddly Smooth Stone","Happy Flower","Orichalcum","Meat on the Bone","Runic Pyramid","Nilry\u0027s Codex","Omamori","Tiny Chest","White Beast Statue","Girya","Whetstone","Dream Catcher"],"potions_floor_usage":[33,33,37,38,38,40,40,50,50,50],"damage_taken":[{"damage":1.0,"enemies":"Cultist","floor":1.0,"turns":4.0},{"damage":0.0,"enemies":"Small Slimes","floor":2.0,"turns":3.0},{"damage":26.0,"enemies":"Lagavulin","floor":6.0,"turns":6.0},{"damage":7.0,"enemies":"Jaw Worm","floor":7.0,"turns":4.0},{"damage":3.0,"enemies":"3 Louse","floor":13.0,"turns":3.0},{"damage":0.0,"enemies":"Exordium Thugs","floor":14.0,"turns":3.0},{"damage":11.0,"enemies":"Hexaghost","floor":16.0,"turns":9.0},{"damage":21.0,"enemies":"2 Thieves","floor":18.0,"turns":3.0},{"damage":1.0,"enemies":"Chosen","floor":20.0,"turns":3.0},{"damage":0.0,"enemies":"Snake Plant","floor":21.0,"turns":5.0},{"damage":0.0,"enemies":"Snecko","floor":23.0,"turns":4.0},{"damage":0.0,"enemies":"Centurion and Healer","floor":24.0,"turns":7.0},{"damage":0.0,"enemies":"3 Cultists","floor":31.0,"turns":2.0},{"damage":16,"enemies":"Champ","floor":33,"turns":9},{"damage":23,"enemies":"3 Darklings","floor":35,"turns":6},{"damage":0,"enemies":"Orb Walker","floor":37,"turns":3},{"damage":9,"floor":38,"turns":5},{"damage":11,"enemies":"3 Darklings","floor":39,"turns":6},{"damage":28,"enemies":"Giant Head","floor":40,"turns":9},{"damage":3,"enemies":"4 Shapes","floor":42,"turns":3},{"damage":0,"enemies":"Sphere and 2 Shapes","floor":48,"turns":3},{"damage":34,"enemies":"Donu and Deca","floor":50,"turns":6}],"seed_played":"2218262329753087321","potions_obtained":[{"floor":2.0,"key":"Energy Potion"},{"floor":6.0,"key":"Swift Potion"},{"floor":14.0,"key":"Poison Potion"},{"floor":21.0,"key":"Dexterity Potion"},{"floor":23.0,"key":"SpeedPotion"},{"floor":24.0,"key":"Dexterity Potion"},{"floor":33,"key":"PowerPotion"},{"floor":35,"key":"FocusPotion"},{"floor":37,"key":"FocusPotion"},{"floor":38,"key":"GamblersBrew"},{"floor":39,"key":"GamblersBrew"},{"floor":40,"key":"Strength Potion"},{"floor":42,"key":"Dexterity Potion"},{"floor":48,"key":"Weak Potion"}],"is_trial":false,"path_per_floor":["M","M","?","T","?","E","M","R","T","$","?","R","M","M","R","B",null,"M","?","M","M","?","M","M","R","T","R","$","?","?","M","R","B",null,"M","?","M","?","M","E","R","M","T","?","R","?","R","M","R","B"],"character_chosen":"DEFECT","items_purchased":["Meat on the Bone","FocusPotion"],"campfire_rested":1,"item_purchase_floors":[10,28],"current_hp_per_floor":[74,75,75,75,64,38,31,31,31,31,31,31,40,40,40,41,75,54,54,53,53,37,49,49,49,49,49,49,49,49,49,49,45,75,59,59,59,50,39,23,45,42,42,61,61,61,61,61,61,39],"gold":537,"neow_bonus":"","is_prod":false,"is_daily":false,"chose_seed":false,"campfire_upgraded":9,"win_rate":0,"timestamp":1531221463,"path_taken":["M","?","?","?","?","E","M","R","T","$","?","R","?","M","R","BOSS","M","?","M","?","?","M","M","R","T","R","$","?","?","M","R","BOSS","M","?","M","?","M","E","R","M","T","?","R","?","R","?","R","BOSS"],"build_version":"2018-07-05","purchased_purges":1,"victory":true,"max_hp_per_floor":[75,75,75,75,75,75,75,75,75,75,75,75,75,75,75,75,75,75,75,75,75,75,75,75,75,75,75,75,75,75,75,75,75,75,75,75,75,75,75,75,75,75,75,75,75,75,75,75,75,75],"card_choices":[{"not_picked":["Beam Cell","Storm"],"picked":"White Noise","floor":1.0},{"not_picked":["Turbo","Leap"],"picked":"Darkness","floor":2.0},{"not_picked":["Tempest","Steam"],"picked":"Ball Lightning","floor":6.0},{"not_picked":["Consume","Gash"],"picked":"Steam","floor":7.0},{"not_picked":["Consume","Chill"],"picked":"Auto Shields","floor":13.0},{"not_picked":["Sweeping Beam","Reinforced Body"],"picked":"Chaos","floor":14.0},{"not_picked":["Biased Cognition","Thunder Strike"],"picked":"Electrodynamics","floor":16.0},{"not_picked":["Force Field","Leap"],"picked":"Glacier","floor":18.0},{"not_picked":["FTL","Gash+1"],"picked":"Consume+1","floor":20.0},{"not_picked":["Compile Driver","Gash"],"picked":"BootSequence","floor":21.0},{"not_picked":["Reprogram+1","Barrage"],"picked":"Aggregate","floor":23.0},{"not_picked":["Rebound+1","Stack+1"],"picked":"Loop","floor":24.0},{"not_picked":["Sunder","Double Energy"],"picked":"Defragment","floor":31.0},{"not_picked":["Reboot","Electrodynamics"],"picked":"Creative AI","floor":33},{"not_picked":["Stack","Fusion"],"picked":"Redo+1","floor":35},{"not_picked":["Turbo+1","Skim","Sweeping Beam"],"picked":"SKIP","floor":37},{"not_picked":["Beam Cell+1","Turbo+1"],"picked":"Capacitor+1","floor":38},{"not_picked":["Redo","Compile Driver+1"],"picked":"Storm+1","floor":39},{"not_picked":["Electrodynamics","Tempest+1"],"picked":"FTL","floor":40},{"not_picked":["Barrage","Gash"],"picked":"Steam+1","floor":42},{"not_picked":["Beam Cell","Coolheaded"],"picked":"Cold Snap+1","floor":48}],"player_experience":71308,"relics_obtained":[{"floor":4.0,"key":"Oddly Smooth Stone"},{"floor":6.0,"key":"Happy Flower"},{"floor":9.0,"key":"Orichalcum"},{"floor":22.0,"key":"Nilry\u0027s Codex"},{"floor":26.0,"key":"Omamori"},{"floor":38,"key":"Girya"},{"floor":40,"key":"Whetstone"},{"floor":43,"key":"Dream Catcher"}],"event_choices":[{"event_name":"Wheel of Change","player_choice":"Gold","floor":3.0,"damage_taken":0.0},{"event_name":"World of Goop","player_choice":"Gather Gold","floor":5.0,"damage_taken":0.0},{"event_name":"Living Wall","player_choice":"Grow","floor":11.0,"damage_taken":0.0},{"event_name":"Back to Basics","player_choice":"Simplicity","floor":19.0,"damage_taken":0.0},{"event_name":"Cursed Tome","player_choice":"Obtained Book","floor":22.0,"damage_taken":0.0},{"event_name":"Vampires","player_choice":"Ignored","floor":29.0,"damage_taken":0.0},{"event_name":"The Mausoleum","player_choice":"Yes","floor":30.0,"damage_taken":0.0},{"event_name":"SecretPortal","player_choice":"Rejected Portal.","floor":36,"damage_taken":0},{"event_name":"Mysterious Sphere","player_choice":"Fight","floor":38,"damage_taken":0},{"event_name":"Winding Halls","player_choice":"Writhe","floor":44,"damage_taken":0},{"event_name":"Falling","player_choice":"Removed Attack","floor":46,"damage_taken":0}],"boss_relics":[{"not_picked":["Philosopher\u0027s Stone","Orrery"],"picked":"Runic Pyramid"},{"not_picked":["Fusion Hammer","Coffee Dripper"],"picked":"White Beast Statue"}],"items_purged_floors":[10],"is_endless":false,"potions_floor_spawned":[2,6,14,21,23,24,33,35,37,38,39,40,42,48],"ascension_level":0}