{"gold_per_floor":[210,285,285,297,310,310,310,337,364,364,379,398,427,16,16,94,94,94,94,94,94,94,94,94,94,94,94,94,94,94,94,94,94,94,94,94,94,22,22,22,22,22],"floor_reached":42,"playtime":2365,"items_purged":["Strike_R"],"score":736,"play_id":"009b7352-0620-42e2-959f-d705f852e05f","local_time":"20190403161010","is_ascension_mode":true,"campfire_choices":[{"data":"Bludgeon","floor":6,"key":"SMITH"},{"data":"Metallicize","floor":10,"key":"SMITH"},{"data":"Anger","floor":15,"key":"SMITH"},{"data":"Uppercut","floor":23,"key":"SMITH"},{"data":"Feed","floor":25,"key":"SMITH"},{"data":"Inflame","floor":32,"key":"SMITH"},{"data":"Rampage","floor":40,"key":"SMITH"}],"neow_cost":"NONE","seed_source_timestamp":1027425967038,"circlet_count":0,"master_deck":["AscendersBane","Bash+1","Metallicize+1","Bludgeon+1","Anger+1","Headbutt","Shrug It Off","Feed+1","Uppercut+1","Dual Wield+1","Shrug It Off","Flame Barrier","Ghostly Armor","Inflame+1","Impervious","Pommel Strike","Impervious","Flex","Bludgeon","Bludgeon","Reckless Charge","Shrug It Off","Blood for Blood","Flame Barrier+1","Bash","Rampage+1","Sentinel+1"],"relics":["Burning Blood","Anchor","Darkstone Periapt","Whetstone","Bronze Scales","StoneCalendar","Ectoplasm","Bag of Preparation","Orichalcum","Regal Pillow","Pandora\u0027s Box","Girya"],"potions_floor_usage":[24,33,33],"damage_taken":[{"damage":14,"enemies":"2 Louse","floor":1,"turns":3},{"damage":7,"enemies":"Jaw Worm","floor":4,"turns":5},{"damage":0,"enemies":"Cultist","floor":5,"turns":2},{"damage":24,"enemies":"Lagavulin","floor":8,"turns":5},{"damage":4,"enemies":"Exordium Wildlife","floor":11,"turns":4},{"damage":5,"enemies":"3 Louse","floor":12,"turns":4},{"damage":5,"enemies":"3 Sentries","floor":13,"turns":5},{"damage":14,"enemies":"The Guardian","floor":16,"turns":8},{"damage":0,"enemies":"Spheric Guardian","floor":18,"turns":3},{"damage":0,"enemies":"Shell Parasite","floor":21,"turns":4},{"damage":14,"enemies":"Shelled Parasite and Fungi","floor":22,"turns":6},{"damage":19,"enemies":"Gremlin Leader","floor":24,"turns":7},{"damage":4,"enemies":"Snake Plant","floor":29,"turns":3},{"damage":4,"enemies":"3 Cultists","floor":30,"turns":4},{"damage":16,"enemies":"Slavers","floor":31,"turns":7},{"damage":60,"enemies":"Collector","floor":33,"turns":10},{"damage":22,"enemies":"3 Darklings","floor":35,"turns":7},{"damage":1,"enemies":"Orb Walker","floor":37,"turns":2},{"damage":9,"enemies":"4 Shapes","floor":39,"turns":7},{"damage":63,"enemies":"Giant Head","floor":42,"turns":8}],"seed_played":"3832038137338010306","potions_obtained":[{"floor":1,"key":"Strength Potion"},{"floor":4,"key":"SteroidPotion"},{"floor":29,"key":"EntropicBrew"},{"floor":35,"key":"PowerPotion"}],"is_trial":false,"path_per_floor":["M","?","?","M","M","R","T","E","T","R","M","M","E","$","R","B",null,"M","?","$","M","M","R","E","R","T","?","?","M","M","E","R","B",null,"M","?","M","$","M","R","T","E"],"character_chosen":"IRONCLAD","items_purchased":["Shrug It Off","StoneCalendar","Rampage"],"campfire_rested":0,"item_purchase_floors":[14,14,38],"current_hp_per_floor":[64,53,53,52,58,58,58,40,40,40,42,43,44,44,44,36,69,75,75,75,83,75,75,62,62,62,62,62,68,70,64,64,10,71,55,55,60,60,57,57,57,0],"gold":22,"neow_bonus":"HUNDRED_GOLD","is_prod":false,"is_daily":false,"chose_seed":false,"campfire_upgraded":7,"win_rate":0,"timestamp":1554318610,"path_taken":["M","?","?","M","?","R","?","E","T","R","M","M","E","$","R","BOSS","M","?","$","?","M","R","E","R","T","?","?","M","M","E","R","BOSS","M","?","?","$","M","R","?","E"],"build_version":"2019-01-23","purchased_purges":1,"victory":false,"max_hp_per_floor":[80,80,80,80,80,80,80,80,80,80,80,80,80,80,80,80,80,80,80,80,83,83,83,83,83,83,83,83,87,87,91,91,91,91,91,91,91,91,91,91,91,91],"card_choices":[{"not_picked":["Sentinel","Infernal Blade"],"picked":"Metallicize","floor":1},{"not_picked":["Disarm","Clothesline"],"picked":"Anger","floor":4},{"not_picked":["Heavy Blade","Havoc","Sword Boomerang"],"picked":"SKIP","floor":5},{"not_picked":["Bludgeon","Anger"],"picked":"Headbutt","floor":8},{"not_picked":["Hemokinesis","Heavy Blade","Whirlwind"],"picked":"SKIP","floor":11},{"not_picked":["Twin Strike","Combust","Armaments"],"picked":"SKIP","floor":12},{"not_picked":["Thunderclap","Warcry","Iron Wave"],"picked":"SKIP","floor":13},{"not_picked":["Berserk","Juggernaut"],"picked":"Feed","floor":16},{"not_picked":["Heavy Blade","Seeing Red"],"picked":"Uppercut","floor":18},{"not_picked":["Intimidate","Fire Breathing"],"picked":"Dual Wield+1","floor":21},{"not_picked":["Perfected Strike","Anger"],"picked":"Shrug It Off","floor":22},{"not_picked":["Twin Strike","Armaments","Reckless Charge"],"picked":"SKIP","floor":24},{"not_picked":["Warcry","Sever Soul","Iron Wave"],"picked":"SKIP","floor":29},{"not_picked":["Feed","Warcry"],"picked":"Ghostly Armor","floor":30},{"not_picked":["Armaments","Clothesline"],"picked":"Inflame","floor":31},{"not_picked":["Brutality","Feed"],"picked":"Impervious","floor":33},{"not_picked":["Bloodletting","Spot Weakness"],"picked":"Flame Barrier+1","floor":35},{"not_picked":["Feel No Pain+1","Cleave","Wild Strike"],"picked":"SKIP","floor":37},{"not_picked":["Infernal Blade","Thunderclap"],"picked":"Sentinel+1","floor":39}],"player_experience":483214,"relics_obtained":[{"floor":7,"key":"Anchor"},{"floor":8,"key":"Darkstone Periapt"},{"floor":9,"key":"Whetstone"},{"floor":13,"key":"Bronze Scales"},{"floor":24,"key":"Bag of Preparation"},{"floor":26,"key":"Orichalcum"},{"floor":31,"key":"Regal Pillow"},{"floor":41,"key":"Girya"}],"event_choices":[{"damage_healed":0,"gold_gain":75,"player_choice":"Gather Gold","damage_taken":11,"max_hp_gain":0,"max_hp_loss":0,"event_name":"World of Goop","floor":2,"gold_loss":0},{"damage_healed":0,"gold_gain":0,"player_choice":"1 cards matched","damage_taken":0,"max_hp_gain":0,"max_hp_loss":0,"event_name":"Match and Keep!","floor":3,"gold_loss":0,"cards_obtained":["Bludgeon"]},{"damage_healed":0,"gold_gain":0,"player_choice":"Got Potions","damage_taken":0,"max_hp_gain":0,"max_hp_loss":0,"event_name":"Lab","floor":19,"gold_loss":0},{"damage_healed":0,"gold_gain":0,"player_choice":"Ignored","damage_taken":0,"max_hp_gain":0,"max_hp_loss":0,"event_name":"The Mausoleum","floor":27,"gold_loss":0},{"damage_healed":0,"gold_gain":0,"player_choice":"Read","damage_taken":0,"max_hp_gain":0,"max_hp_loss":0,"event_name":"The Library","floor":28,"gold_loss":0,"cards_obtained":["Flame Barrier"]},{"damage_healed":0,"gold_gain":0,"player_choice":"1 cards matched","damage_taken":0,"max_hp_gain":0,"max_hp_loss":0,"event_name":"Match and Keep!","floor":36,"gold_loss":0,"cards_obtained":["Bash"]}],"is_beta":false,"boss_relics":[{"not_picked":["Snecko Eye","Busted Crown"],"picked":"Ectoplasm"},{"not_picked":["White Beast Statue","Philosopher\u0027s Stone"],"picked":"Pandora\u0027s Box"}],"items_purged_floors":[14],"is_endless":false,"potions_floor_spawned":[1,4,5,13,22,29,30,35,39],"killed_by":"Giant Head","ascension_level":13}