{"gold_per_floor":[118,131,131,206,206,206,235,235,261,292,312,312],"floor_reached":12,"playtime":266,"items_purged":[],"score":222,"play_id":"ca65b697-b1ea-462d-a805-fa2e190f096b","local_time":"20190329142825","is_ascension_mode":true,"campfire_choices":[{"data":"Neutralize","floor":6,"key":"SMITH"},{"data":"PiercingWail","floor":8,"key":"SMITH"}],"neow_cost":"NONE","seed_source_timestamp":586691595604574,"circlet_count":0,"master_deck":["AscendersBane","Defend_G","Defend_G","Defend_G","Defend_G","Defend_G","Strike_G","Strike_G","Strike_G","Strike_G","Survivor","Neutralize+1","PiercingWail+1","Bouncing Flask+1","Blade Dance+1","Calculated Gamble+1"],"relics":["Ring of the Snake","NeowsBlessing","Toxic Egg 2","Centennial Puzzle","Sundial"],"potions_floor_usage":[12],"damage_taken":[{"damage":0,"enemies":"Small Slimes","floor":1,"turns":1},{"damage":0,"enemies":"Jaw Worm","floor":2,"turns":1},{"damage":0,"enemies":"Lagavulin","floor":7,"turns":1},{"damage":23,"enemies":"Gremlin Nob","floor":10,"turns":4},{"damage":0,"enemies":"Cultist","floor":11,"turns":3},{"damage":29,"enemies":"3 Sentries","floor":12,"turns":6}],"seed_played":"2442241223346205958","potions_obtained":[{"floor":1,"key":"FearPotion"},{"floor":7,"key":"Strength Potion"}],"is_trial":false,"path_per_floor":["M","M","?","?","?","R","E","R","T","E","M","E"],"character_chosen":"THE_SILENT","items_purchased":[],"campfire_rested":0,"item_purchase_floors":[],"current_hp_per_floor":[59,59,59,48,48,48,48,48,48,25,25,0],"gold":312,"neow_bonus":"THREE_ENEMY_KILL","is_prod":false,"is_daily":false,"chose_seed":false,"campfire_upgraded":2,"win_rate":0,"timestamp":1553866105,"path_taken":["M","M","?","?","?","R","E","R","T","E","?","E"],"build_version":"2019-01-23","purchased_purges":0,"victory":false,"max_hp_per_floor":[66,66,66,66,66,66,66,66,66,66,66,66],"card_choices":[{"not_picked":["Bane","Outmaneuver"],"picked":"PiercingWail","floor":1},{"not_picked":["Prepared","Slice","PiercingWail"],"picked":"SKIP","floor":2},{"not_picked":["Slice","Dodge and Roll"],"picked":"Bouncing Flask","floor":7},{"not_picked":["Infinite Blades","Dagger Spray"],"picked":"Blade Dance+1","floor":10},{"not_picked":["Flying Knee","Reflex+1"],"picked":"Calculated Gamble+1","floor":11}],"player_experience":1405837,"relics_obtained":[{"floor":7,"key":"Toxic Egg 2"},{"floor":9,"key":"Centennial Puzzle"},{"floor":10,"key":"Sundial"}],"event_choices":[{"damage_healed":0,"gold_gain":0,"player_choice":"Leave","damage_taken":0,"max_hp_gain":0,"max_hp_loss":0,"event_name":"The Cleric","floor":3,"gold_loss":0},{"damage_healed":0,"gold_gain":75,"player_choice":"Gather Gold","damage_taken":11,"max_hp_gain":0,"max_hp_loss":0,"event_name":"World of Goop","floor":4,"gold_loss":0},{"cards_removed":["Strike_G"],"damage_healed":0,"gold_gain":0,"player_choice":"Card Removal","damage_taken":0,"max_hp_gain":0,"max_hp_loss":0,"event_name":"Wheel of Change","floor":5,"gold_loss":0}],"is_beta":false,"boss_relics":[],"items_purged_floors":[],"is_endless":false,"potions_floor_spawned":[1,7,11],"killed_by":"3 Sentries","ascension_level":20}