{"gold_per_floor":[115,35,35,35,0,18,49,49,49,78,78,78,110,178,178,280,280,296,358,369,419,438,469,482,514,514,3,53,53,33,49,49,153,153,170,0,50,100,195,195,211,245,245,245,256,286,63,10,10,10],"floor_reached":51,"playtime":4528,"items_purged":["Strike_B"],"score":1103,"play_id":"cf01d0b5-797d-418f-980b-b0547beadc0e","local_time":"20190310141707","is_ascension_mode":true,"campfire_choices":[{"floor":8,"key":"REST"},{"floor":12,"key":"REST"},{"floor":15,"key":"REST"},{"data":"Echo Form","floor":29,"key":"SMITH"},{"data":"Defragment","floor":32,"key":"SMITH"},{"floor":40,"key":"RECALL"},{"data":"Mind Blast","floor":44,"key":"SMITH"},{"data":"Machine Learning","floor":49,"key":"SMITH"}],"neow_cost":"NONE","seed_source_timestamp":1077548345719900,"circlet_count":0,"master_deck":["Defend_B","Defend_B","Defend_B","Zap","Dualcast","Cold Snap","Turbo","Defragment+1","Coolheaded","BootSequence","Aggregate","Tempest","Cold Snap","Conserve Battery","BootSequence","Seek","Hologram","Self Repair","Self Repair","Go for the Eyes+1","Core Surge","FTL+1","Echo Form+1","Mayhem","Coolheaded","Stack","Bite","Bite","Bite","Bite","Bite","Capacitor","Glacier","Machine Learning+1","Storm","Sunder+1","Capacitor+1","BootSequence","Loop","Swift Strike","Flash of Steel","Mind Blast+1","Recycle+1","Storm+1","Machine Learning","Turbo+1","Rainbow","Heatsinks","Hologram"],"relics":["Runic Pyramid","Centennial Puzzle","Regal Pillow","Potion Belt","SsserpentHead","Bag of Preparation","Coffee Dripper","Enchiridion","PreservedInsect","Sundial","Ornamental Fan","Orrery","Red Mask","Emotion Chip","Pen Nib","Ice Cream","Prayer Wheel","ClockworkSouvenir"],"potions_floor_usage":[7,10,16,20,23,23,23,23,25,31,33,39,39,39,50,50],"damage_taken":[{"damage":16,"enemies":"Cultist","floor":1,"turns":4},{"damage":0,"enemies":"Small Slimes","floor":6,"turns":3},{"damage":9,"enemies":"Gremlin Nob","floor":7,"turns":4},{"damage":15,"enemies":"3 Sentries","floor":10,"turns":7},{"damage":61,"enemies":"Gremlin Nob","floor":13,"turns":6},{"damage":1,"enemies":"Jaw Worm","floor":14,"turns":4},{"damage":10,"enemies":"The Guardian","floor":16,"turns":13},{"damage":8,"enemies":"2 Thieves","floor":18,"turns":5},{"damage":0,"enemies":"Spheric Guardian","floor":19,"turns":4},{"damage":8,"enemies":"Cultist and Chosen","floor":20,"turns":8},{"damage":9,"enemies":"Snake Plant","floor":22,"turns":5},{"damage":12,"enemies":"Slavers","floor":23,"turns":6},{"damage":1,"enemies":"Snecko","floor":24,"turns":5},{"damage":48,"enemies":"Gremlin Leader","floor":25,"turns":10},{"damage":0,"enemies":"Centurion and Healer","floor":31,"turns":10},{"damage":4,"enemies":"Champ","floor":33,"turns":25},{"damage":14,"enemies":"3 Darklings","floor":35,"turns":6},{"damage":0,"enemies":"2 Orb Walkers","floor":39,"turns":4},{"damage":0,"enemies":"3 Shapes","floor":41,"turns":4},{"damage":6,"enemies":"Giant Head","floor":42,"turns":6},{"damage":0,"enemies":"Transient","floor":45,"turns":5},{"damage":35,"enemies":"Reptomancer","floor":46,"turns":4},{"damage":20,"enemies":"Donu and Deca","floor":50,"turns":5}],"seed_played":"-5014869335002927074","potions_obtained":[{"floor":6,"key":"AttackPotion"},{"floor":7,"key":"Block Potion"},{"floor":10,"key":"SpeedPotion"},{"floor":14,"key":"AttackPotion"},{"floor":18,"key":"AttackPotion"},{"floor":22,"key":"EntropicBrew"},{"floor":24,"key":"Energy Potion"},{"floor":31,"key":"AttackPotion"},{"floor":33,"key":"SteroidPotion"},{"floor":42,"key":"Strength Potion"},{"floor":45,"key":"Regen Potion"}],"is_trial":false,"path_per_floor":["M","$","$","?","$","M","E","R","T","E","?","R","E","M","R","B",null,"M","M","M","?","M","E","M","E","T","$","?","R","$","M","R","B",null,"M","?","?","?","?","R","M","E","T","R","M","E","$","$","R","B",null],"character_chosen":"DEFECT","items_purchased":["Turbo","Defragment","BootSequence","Echo Form","Mayhem","Coolheaded","Stack","Capacitor","Heatsinks","ClockworkSouvenir","Hologram"],"campfire_rested":3,"item_purchase_floors":[2,2,5,27,27,27,27,30,47,47,48],"current_hp_per_floor":[52,52,52,52,52,52,43,65,65,50,50,75,14,13,50,40,66,58,58,57,41,46,48,54,20,20,20,20,20,20,52,52,52,52,52,52,52,42,48,48,52,52,52,52,52,21,21,21,21,39],"gold":10,"neow_bonus":"BOSS_RELIC","is_prod":false,"is_daily":false,"chose_seed":false,"campfire_upgraded":4,"win_rate":0,"timestamp":1552252627,"path_taken":["M","?","$","?","$","M","E","R","T","E","?","R","E","?","R","BOSS","M","?","M","?","M","E","M","E","T","$","?","R","?","M","R","BOSS","M","?","?","?","?","R","M","E","T","R","M","E","?","$","R","BOSS"],"build_version":"2019-02-06","purchased_purges":1,"victory":true,"max_hp_per_floor":[75,75,75,75,75,75,75,75,75,75,75,75,75,75,75,75,75,75,75,75,75,75,75,75,75,75,75,52,52,52,52,52,52,52,52,52,52,52,52,52,52,52,52,52,52,52,52,52,52,52],"card_choices":[{"not_picked":["Ball Lightning","Stack"],"picked":"Cold Snap","floor":1},{"not_picked":["Streamline","Redo"],"picked":"Aggregate","floor":6},{"not_picked":["Darkness","Barrage"],"picked":"Tempest","floor":7},{"not_picked":["Redo","Force Field"],"picked":"Cold Snap","floor":10},{"not_picked":["Rebound","Sweeping Beam"],"picked":"Conserve Battery","floor":13},{"not_picked":["Doom and Gloom","Blizzard"],"picked":"BootSequence","floor":14},{"not_picked":["Machine Learning","Multi-Cast"],"picked":"Seek","floor":16},{"not_picked":["Hello World","Melter"],"picked":"Hologram","floor":18},{"not_picked":["Stack+1","Blizzard"],"picked":"Self Repair","floor":19},{"not_picked":["Compile Driver","Stack"],"picked":"Self Repair","floor":20},{"not_picked":["Stack","Sweeping Beam"],"picked":"Go for the Eyes+1","floor":22},{"not_picked":["Leap","Skim+1"],"picked":"Core Surge","floor":23},{"not_picked":["Skim","Fusion+1","Sweeping Beam"],"picked":"SKIP","floor":24},{"not_picked":["Ball Lightning","Scrape"],"picked":"FTL+1","floor":25},{"not_picked":["Stack+1","Conserve Battery+1"],"picked":"Glacier","floor":31},{"not_picked":["Seek","Thunder Strike"],"picked":"Machine Learning","floor":33},{"not_picked":["Genetic Algorithm","Barrage"],"picked":"Storm","floor":34},{"not_picked":["Recycle+1","Sweeping Beam"],"picked":"Sunder+1","floor":34},{"not_picked":["Barrage+1","Gash+1"],"picked":"Capacitor+1","floor":34},{"not_picked":["Redo","Auto Shields"],"picked":"BootSequence","floor":34},{"not_picked":["Cold Snap","Storm+1"],"picked":"Loop","floor":35},{"not_picked":["Deep Breath","HandOfGreed"],"picked":"Swift Strike","floor":38},{"not_picked":["Transmutation","Blind"],"picked":"Flash of Steel","floor":38},{"not_picked":["Purity","Dramatic Entrance"],"picked":"Mind Blast","floor":38},{"not_picked":["Ball Lightning","Steam Power"],"picked":"Recycle+1","floor":39},{"not_picked":["Ball Lightning","Gash"],"picked":"Storm+1","floor":41},{"not_picked":["Core Surge","Hello World"],"picked":"Machine Learning","floor":42},{"not_picked":["Compile Driver","Gash"],"picked":"Turbo+1","floor":45},{"not_picked":["Turbo","Self Repair"],"picked":"Rainbow","floor":46}],"player_experience":612142,"relics_obtained":[{"floor":7,"key":"Centennial Puzzle"},{"floor":9,"key":"Regal Pillow"},{"floor":10,"key":"Potion Belt"},{"floor":13,"key":"Bag of Preparation"},{"floor":21,"key":"Enchiridion"},{"floor":23,"key":"PreservedInsect"},{"floor":25,"key":"Sundial"},{"floor":26,"key":"Ornamental Fan"},{"floor":39,"key":"Emotion Chip"},{"floor":42,"key":"Pen Nib"},{"floor":43,"key":"Ice Cream"},{"floor":46,"key":"Prayer Wheel"}],"event_choices":[{"damage_healed":0,"gold_gain":0,"cards_transformed":["Strike_B"],"player_choice":"Change","damage_taken":0,"max_hp_gain":0,"max_hp_loss":0,"event_name":"Living Wall","floor":4,"gold_loss":0,"cards_obtained":["Coolheaded"]},{"damage_healed":0,"gold_gain":0,"player_choice":"Trade","damage_taken":0,"relics_obtained":["SsserpentHead"],"max_hp_gain":0,"max_hp_loss":0,"event_name":"FaceTrader","floor":11,"gold_loss":0},{"damage_healed":0,"gold_gain":0,"player_choice":"Obtained Book","damage_taken":16,"max_hp_gain":0,"max_hp_loss":0,"event_name":"Cursed Tome","floor":21,"gold_loss":0},{"damage_healed":0,"gold_gain":0,"player_choice":"Became a vampire","damage_taken":0,"max_hp_gain":0,"max_hp_loss":23,"event_name":"Vampires","floor":28,"gold_loss":0,"cards_obtained":["Bite","Bite","Bite","Bite","Bite"]},{"damage_healed":0,"gold_gain":0,"player_choice":"Paid","damage_taken":0,"relics_obtained":["Red Mask"],"max_hp_gain":0,"max_hp_loss":0,"event_name":"Tomb of Lord Red Mask","floor":36,"gold_loss":220},{"cards_removed":["Defend_B"],"damage_healed":0,"gold_gain":0,"player_choice":"Removed Skill","damage_taken":0,"max_hp_gain":0,"max_hp_loss":0,"event_name":"Falling","floor":37,"gold_loss":0},{"damage_healed":0,"gold_gain":0,"player_choice":"Memory 3","damage_taken":10,"max_hp_gain":0,"max_hp_loss":0,"event_name":"SensoryStone","floor":38,"gold_loss":0},{"damage_healed":0,"gold_gain":0,"player_choice":"Fight","damage_taken":0,"max_hp_gain":0,"max_hp_loss":0,"event_name":"Mysterious Sphere","floor":39,"gold_loss":0}],"is_beta":true,"boss_relics":[{"not_picked":["Nuclear Battery","White Beast Statue"],"picked":"Coffee Dripper"},{"not_picked":["Black Star","Runic Dome"],"picked":"Orrery"}],"items_purged_floors":[27],"is_endless":false,"potions_floor_spawned":[6,7,10,14,18,22,24,31,33,42,45],"ascension_level":9}