{"gold_per_floor":[115,125,144,144,37,37,66,66,66,66,78,78],"floor_reached":12,"playtime":213,"items_purged":[],"score":148,"play_id":"0597fa0c-da13-49b0-b136-977e131b58db","local_time":"20181210142526","is_ascension_mode":true,"campfire_choices":[{"data":"Redo","floor":6,"key":"SMITH"},{"data":"Coolheaded","floor":8,"key":"SMITH"}],"neow_cost":"NONE","seed_source_timestamp":12093661575365,"circlet_count":0,"master_deck":["AscendersBane","Strike_B","Strike_B","Strike_B","Strike_B","Defend_B","Defend_B","Defend_B","Defend_B","Zap","Dualcast","Streamline","Coolheaded+1","Sweeping Beam","Doom and Gloom","Redo+1","Glacier","Capacitor"],"relics":["Cracked Core","NeowsBlessing","Blue Candle","Singing Bowl"],"potions_floor_usage":[7,12],"damage_taken":[{"damage":0,"enemies":"2 Louse","floor":1,"turns":1},{"damage":0,"enemies":"Jaw Worm","floor":2,"turns":1},{"damage":0,"enemies":"Cultist","floor":3,"turns":1},{"damage":21,"enemies":"3 Sentries","floor":7,"turns":5},{"damage":15,"enemies":"Looter","floor":11,"turns":3},{"damage":34,"enemies":"Gremlin Nob","floor":12,"turns":4}],"seed_played":"-8579783504873295844","potions_obtained":[{"floor":3,"key":"FocusPotion"},{"floor":7,"key":"Weak Potion"}],"is_trial":false,"path_per_floor":["M","M","M","?","$","R","E","R","T","?","M","E"],"character_chosen":"DEFECT","items_purchased":["Doom and Gloom","Redo"],"campfire_rested":0,"item_purchase_floors":[5,5],"current_hp_per_floor":[64,64,64,64,64,64,43,43,43,48,33,0],"gold":78,"neow_bonus":"THREE_ENEMY_KILL","is_prod":false,"is_daily":false,"chose_seed":false,"campfire_upgraded":2,"win_rate":0,"timestamp":1544448326,"path_taken":["M","M","M","?","$","R","E","R","T","?","M","E"],"build_version":"2018-12-06","purchased_purges":0,"victory":false,"max_hp_per_floor":[71,71,71,71,71,71,71,71,71,76,76,76],"card_choices":[{"not_picked":["Recycle","Steam"],"picked":"Streamline","floor":1},{"not_picked":["Capacitor","Compile Driver"],"picked":"Coolheaded","floor":2},{"not_picked":["Gash","Go for the Eyes"],"picked":"Sweeping Beam","floor":3},{"not_picked":["Compile Driver","Core Surge"],"picked":"Glacier","floor":7},{"not_picked":["Scrape","Genetic Algorithm"],"picked":"Capacitor","floor":11}],"player_experience":939551,"relics_obtained":[{"floor":7,"key":"Blue Candle"},{"floor":9,"key":"Singing Bowl"}],"event_choices":[{"damage_healed":0,"gold_gain":0,"player_choice":"Ignored","damage_taken":0,"max_hp_gain":0,"max_hp_loss":0,"event_name":"Golden Idol","floor":4,"gold_loss":0},{"damage_healed":0,"gold_gain":0,"player_choice":"Donut","damage_taken":0,"max_hp_gain":5,"max_hp_loss":0,"event_name":"Big Fish","floor":10,"gold_loss":0}],"is_beta":false,"boss_relics":[],"items_purged_floors":[],"is_endless":false,"potions_floor_spawned":[3,7],"killed_by":"Gremlin Nob","ascension_level":18}