{"gold_per_floor":[109,109,119,136,154,154,58,70,70,70,120,131,165,183,183,261,261,279,279,279,279,193,228,242,274,274,299,299,316,100,115,115,192,192,206,206,206,206,225,225,253,253,253,304,6,6,18,29,29,29],"floor_reached":50,"playtime":1724,"items_purged":[],"score":1060,"play_id":"e49819a9-4fe8-4203-b93e-3db1ad0cc4c6","local_time":"20190102204415","is_ascension_mode":true,"campfire_choices":[{"data":"Perfected Strike","floor":6.0,"key":"SMITH"},{"data":"Shockwave","floor":10.0,"key":"SMITH"},{"floor":15.0,"key":"REST"},{"floor":28.0,"key":"REST"},{"data":"Whirlwind","floor":32.0,"key":"SMITH"},{"data":"Perfected Strike","floor":40.0,"key":"SMITH"},{"data":"True Grit","floor":42,"key":"SMITH"},{"data":"Juggernaut","floor":46,"key":"SMITH"},{"data":"Shrug It Off","floor":49,"key":"SMITH"}],"neow_cost":"NONE","seed_source_timestamp":0,"circlet_count":0,"master_deck":["AscendersBane","Strike_R+1","Strike_R+1","Strike_R+1","Strike_R+1","Strike_R+1","Defend_R+1","Defend_R+1","Defend_R+1","Defend_R+1","Bash","Metallicize","Perfected Strike+1","Shockwave+1","Headbutt","Whirlwind+1","Perfected Strike+1","Wild Strike","Juggernaut+1","Twin Strike","Battle Trance","Shrug It Off+1","Juggernaut","True Grit+1","Rage+1"],"special_seed":0,"relics":["Burning Blood","Bronze Scales","Vajra","Red Skull","Snecko Eye","Self Forming Clay","Lantern","Darkstone Periapt","Meat on the Bone","Sling","Coffee Dripper","Juzu Bracelet","Mercury Hourglass","Bottled Flame","Peace Pipe","Strawberry"],"potions_floor_usage":[41,41,50,50],"damage_taken":[{"damage":3.0,"enemies":"2 Louse","floor":1.0,"turns":3.0},{"damage":1.0,"enemies":"Cultist","floor":3.0,"turns":3.0},{"damage":7.0,"enemies":"Jaw Worm","floor":4.0,"turns":6.0},{"damage":11.0,"enemies":"Looter","floor":5.0,"turns":2.0},{"damage":9.0,"enemies":"Blue Slaver","floor":8.0,"turns":4.0},{"damage":14.0,"enemies":"Exordium Thugs","floor":12.0,"turns":5.0},{"damage":25.0,"enemies":"3 Sentries","floor":13.0,"turns":6.0},{"damage":16.0,"enemies":"Large Slime","floor":14.0,"turns":4.0},{"damage":20.0,"enemies":"Slime Boss","floor":16.0,"turns":7.0},{"damage":0.0,"enemies":"3 Byrds","floor":18.0,"turns":3.0},{"damage":16.0,"enemies":"Colosseum Slavers","floor":19.0,"turns":3.0},{"damage":12.0,"enemies":"Gremlin Leader","floor":23.0,"turns":2.0},{"damage":18.0,"enemies":"2 Thieves","floor":24.0,"turns":3.0},{"damage":17.0,"enemies":"Book of Stabbing","floor":25.0,"turns":4.0},{"damage":13.0,"enemies":"Gremlin Leader","floor":27.0,"turns":5.0},{"damage":5.0,"enemies":"3 Cultists","floor":29.0,"turns":3.0},{"damage":6.0,"enemies":"Snake Plant","floor":31.0,"turns":3.0},{"damage":42.0,"enemies":"Collector","floor":33.0,"turns":9.0},{"damage":3.0,"enemies":"3 Shapes","floor":35.0,"turns":5.0},{"damage":0.0,"enemies":"Orb Walker","floor":39.0,"turns":2.0},{"damage":57,"enemies":"Nemesis","floor":41,"turns":5},{"damage":27,"enemies":"2 Orb Walkers","floor":44,"turns":2},{"damage":0,"enemies":"Jaw Worm Horde","floor":47,"turns":1},{"damage":3,"enemies":"Sphere and 2 Shapes","floor":48,"turns":4},{"damage":81,"enemies":"Donu and Deca","floor":50,"turns":7}],"seed_played":"8981548905559644260","potions_obtained":[{"floor":3.0,"key":"GamblersBrew"},{"floor":8.0,"key":"Strength Potion"},{"floor":14.0,"key":"Swift Potion"},{"floor":24.0,"key":"Block Potion"},{"floor":27.0,"key":"AttackPotion"}],"is_trial":false,"path_per_floor":["M","?","M","M","M","R","$","M","T","R","?","M","E","M","R","B",null,"M","?","?","?","$","E","M","E","T","E","R","M","$","M","R","B",null,"M","?","$","?","M","R","E","R","T","?","$","R","M","M","R","B"],"character_chosen":"IRONCLAD","items_purchased":["Headbutt","Metallicize","BloodPotion","Sling","Strawberry","BloodPotion","AttackPotion"],"campfire_rested":2,"item_purchase_floors":[7,7,22,30,45,45,45],"current_hp_per_floor":[71,76,80,79,74,74,74,71,71,71,63,55,36,26,50,36,69,75,65,42,42,42,44,32,21,21,14,39,52,52,52,52,28,71,74,74,74,74,80,80,41,41,41,32,39,39,57,60,60,0],"gold":29,"neow_bonus":"RANDOM_COMMON_RELIC","is_prod":false,"is_daily":false,"chose_seed":false,"campfire_upgraded":7,"win_rate":0,"timestamp":1546458255,"path_taken":["M","?","M","M","M","R","$","M","T","R","?","?","E","M","R","BOSS","M","?","?","?","?","E","?","E","T","E","R","M","$","M","R","BOSS","M","?","$","?","M","R","E","R","T","?","$","R","M","M","R","BOSS"],"build_version":"2018-12-20","purchased_purges":0,"victory":false,"max_hp_per_floor":[75,80,80,80,80,80,80,80,80,80,80,80,80,80,80,80,80,80,80,85,85,85,85,85,85,85,85,85,85,85,85,85,85,85,85,85,85,85,85,85,85,85,85,85,92,92,92,92,92,92],"card_choices":[{"not_picked":["True Grit","Clash"],"picked":"Metallicize","floor":1.0},{"not_picked":["Dropkick","Clash","Havoc"],"picked":"SKIP","floor":3.0},{"not_picked":["Blood for Blood","Second Wind"],"picked":"Perfected Strike","floor":4.0},{"not_picked":["Armaments","Iron Wave"],"picked":"Shockwave","floor":5.0},{"not_picked":["Heavy Blade","Reckless Charge","Havoc"],"picked":"SKIP","floor":8.0},{"not_picked":["Anger","Brutality"],"picked":"Whirlwind","floor":12.0},{"not_picked":["Headbutt","Pommel Strike"],"picked":"Perfected Strike","floor":13.0},{"not_picked":["Carnage","True Grit"],"picked":"Wild Strike","floor":14.0},{"not_picked":["Immolate","Demon Form"],"picked":"Juggernaut","floor":16.0},{"not_picked":["Rupture","Clothesline+1","Second Wind+1"],"picked":"SKIP","floor":18.0},{"not_picked":["Entrench","Exhume"],"picked":"Twin Strike","floor":23.0},{"not_picked":["Dropkick","Cleave","Clash"],"picked":"SKIP","floor":24.0},{"not_picked":["Pummel+1","Entrench"],"picked":"Battle Trance","floor":25.0},{"not_picked":["Dark Embrace","Rupture","Clash"],"picked":"SKIP","floor":27.0},{"not_picked":["Armaments","Anger","Second Wind"],"picked":"SKIP","floor":29.0},{"not_picked":["Wild Strike","Thunderclap"],"picked":"Shrug It Off","floor":31.0},{"not_picked":["Dark Embrace","Limit Break"],"picked":"Juggernaut","floor":33.0},{"not_picked":["Entrench","Blood for Blood"],"picked":"True Grit","floor":35.0},{"not_picked":["Armaments","Sentinel","Sword Boomerang+1"],"picked":"SKIP","floor":39.0},{"not_picked":["Armaments","Sentinel","Sword Boomerang+1"],"picked":"SKIP","floor":39.0},{"not_picked":["Heavy Blade+1","Sever Soul","Searing Blow"],"picked":"SKIP","floor":41},{"not_picked":["Wild Strike","Disarm"],"picked":"Rage+1","floor":47},{"not_picked":["Carnage","Anger","Searing Blow"],"picked":"SKIP","floor":48}],"player_experience":1096626,"relics_obtained":[{"floor":9.0,"key":"Vajra"},{"floor":13.0,"key":"Red Skull"},{"floor":23.0,"key":"Self Forming Clay"},{"floor":25.0,"key":"Lantern"},{"floor":26.0,"key":"Darkstone Periapt"},{"floor":27.0,"key":"Meat on the Bone"},{"floor":36.0,"key":"Juzu Bracelet"},{"floor":41,"key":"Mercury Hourglass"},{"floor":43,"key":"Bottled Flame"},{"floor":44,"key":"Peace Pipe"}],"event_choices":[{"damage_healed":0.0,"max_hp_gain":5.0,"max_hp_loss":0.0,"gold_gain":0.0,"event_name":"Big Fish","player_choice":"Donut","floor":2.0,"gold_loss":0.0,"damage_taken":0.0},{"damage_healed":0.0,"max_hp_gain":0.0,"max_hp_loss":0.0,"gold_gain":50.0,"event_name":"FaceTrader","player_choice":"Touch","floor":11.0,"gold_loss":0.0,"damage_taken":8.0},{"damage_healed":0.0,"max_hp_gain":0.0,"max_hp_loss":0.0,"gold_gain":0.0,"event_name":"Colosseum","player_choice":"Fight","floor":19.0,"gold_loss":0.0,"damage_taken":0.0},{"damage_healed":0.0,"max_hp_gain":0.0,"max_hp_loss":0.0,"gold_gain":0.0,"event_name":"Colosseum","player_choice":"Fled From Nobs","floor":19.0,"gold_loss":0.0,"damage_taken":0.0},{"damage_healed":0.0,"max_hp_gain":5.0,"max_hp_loss":0.0,"gold_gain":0.0,"event_name":"Forgotten Altar","player_choice":"Shed Blood","floor":20.0,"gold_loss":0.0,"damage_taken":28.0},{"damage_healed":0.0,"max_hp_gain":0.0,"max_hp_loss":0.0,"gold_gain":0.0,"event_name":"Back to Basics","player_choice":"Simplicity","floor":21.0,"gold_loss":0.0,"damage_taken":0.0,"cards_upgraded":["Strike_R","Strike_R","Strike_R","Strike_R","Strike_R","Defend_R","Defend_R","Defend_R","Defend_R"]},{"damage_healed":0.0,"max_hp_gain":0.0,"max_hp_loss":0.0,"gold_gain":0.0,"event_name":"Wheel of Change","player_choice":"Relic","floor":36.0,"gold_loss":0.0,"damage_taken":0.0},{"cards_removed":["Metallicize"],"damage_healed":0.0,"max_hp_gain":0.0,"max_hp_loss":0.0,"gold_gain":0.0,"event_name":"Falling","player_choice":"Removed Power","floor":38.0,"gold_loss":0.0,"damage_taken":0.0},{"damage_healed":0,"gold_gain":0,"player_choice":"Fight","damage_taken":0,"max_hp_gain":0,"max_hp_loss":0,"event_name":"Mysterious Sphere","floor":44,"gold_loss":0}],"is_beta":false,"boss_relics":[{"not_picked":["Lizard Tail","Mark of Pain"],"picked":"Snecko Eye"},{"not_picked":["Astrolabe","Empty Cage"],"picked":"Coffee Dripper"}],"items_purged_floors":[],"is_endless":false,"potions_floor_spawned":[3,8,13,14,18,24,27,31,35,47],"killed_by":"Donu and Deca","ascension_level":20}