{"path_per_floor":["M","M","?","M","M","E","M","?","T","?","E","R","E","M","R","B",null,"M","?","?","M","$","E","M","E","T","R","M","M","E","M","R","B",null,"M","M","$","?","?","M","E","$","T"],"character_chosen":"THE_SILENT","items_purchased":["Bandage Up","Bronze Scales","Regal Pillow","Magnetism","Caltrops","Flying Knee","Bandage Up","Escape Plan"],"gold_per_floor":[115,132,307,319,331,366,376,376,376,433,461,461,488,500,500,601,601,614,529,529,540,76,103,115,145,227,227,241,258,283,299,299,399,399,414,434,54,54,54,65,98,63,63,63],"floor_reached":44,"campfire_rested":3,"playtime":3373,"current_hp_per_floor":[64,64,64,63,61,48,42,47,47,22,7,29,14,7,29,23,75,64,64,50,42,42,46,46,49,49,49,36,28,14,2,41,56,80,80,56,56,56,48,40,3,3,3,0],"items_purged":["Doubt"],"gold":63,"score":570,"play_id":"ac14ec2b-2270-4bb9-b95b-a8c017211907","local_time":"20180518011317","is_prod":false,"is_daily":false,"chose_seed":false,"is_ascension_mode":false,"campfire_upgraded":1,"timestamp":1526631197,"campfire_choices":[{"floor":12,"key":"REST"},{"floor":15,"key":"REST"},{"data":"Well Laid Plans","floor":27,"key":"SMITH"},{"floor":32,"key":"REST"}],"path_taken":["M","M","?","?","M","E","M","?","T","?","E","R","E","M","R","BOSS","M","?","?","M","$","E","M","E","T","R","M","M","E","?","R","BOSS","M","M","$","?","?","M","E","?","T","M"],"build_version":"2018-05-17","seed_source_timestamp":1922266009090804,"purchased_purges":1,"victory":false,"master_deck":["Defend_G","Defend_G","Strike_G","Strike_G","Strike_G","Strike_G","Strike_G","Survivor","Neutralize","Underhanded Strike","Flying Knee","Flying Knee","Finisher","After Image","Terror","Blade Dance","A Thousand Cuts","Crippling Poison","Well Laid Plans+1","Envenom","Wraith Form v2+1","Die Die Die+1","Eviscerate+1","Malaise+1","Blade Dance+1","Bandage Up","Predator+1","Bane","Adrenaline","All Out Attack+1","Backflip+1","Burst","Noxious Fumes+1","Noxious Fumes+1","Magnetism","Caltrops","Flying Knee","Bandage Up","Acrobatics","Neutralize","Blind","Bullet Time","Escape Plan"],"max_hp_per_floor":[70,70,70,70,70,70,70,75,75,75,75,75,75,75,75,75,75,75,75,80,80,80,80,80,80,80,80,80,80,80,80,80,80,80,80,80,80,80,80,80,80,80,80,80],"relics":["Sozu","Snake Skull","Letter Opener","Pantograph","Question Card","Unceasing Top","Astrolabe","Orichalcum","Bronze Scales","Regal Pillow","Bottled Tornado","Pen Nib","Bottled Lightning","Kunai","Eternal Feather","Toolbox","Mercury Hourglass"],"card_choices":[{"not_picked":["Bane","Choke"],"picked":"Underhanded Strike","floor":1},{"not_picked":["Deflect","Corpse Explosion"],"picked":"Flying Knee","floor":2},{"not_picked":["PiercingWail","Dagger Spray"],"picked":"Flying Knee","floor":4},{"not_picked":["Flying Knee","Sucker Punch"],"picked":"Finisher","floor":5},{"not_picked":["Glass Knife","Sucker Punch"],"picked":"After Image","floor":6},{"not_picked":["Outmaneuver","Sucker Punch"],"picked":"Terror","floor":7},{"not_picked":["Quick Slash","Caltrops"],"picked":"Blade Dance","floor":10},{"not_picked":["Bane","Bouncing Flask"],"picked":"A Thousand Cuts","floor":11},{"not_picked":["Poisoned Stab","Dagger Spray","Deflect"],"picked":"Crippling Poison","floor":13},{"not_picked":["Deflect","Prepared","Expertise"],"picked":"Well Laid Plans","floor":14},{"not_picked":["Night Terror","Die Die Die","After Image"],"picked":"Envenom","floor":16},{"not_picked":["Flying Knee","Expertise","Blade Dance"],"picked":"Malaise+1","floor":18},{"not_picked":["Bane+1","Flying Knee","Sucker Punch"],"picked":"Blade Dance+1","floor":21},{"not_picked":["Masterful Stab","Leg Sweep","Outmaneuver"],"picked":"Predator+1","floor":23},{"not_picked":["Poisoned Stab","Deadly Poison","Reflex","Slice"],"picked":"SKIP","floor":24},{"not_picked":["Choke","PiercingWail","Blur"],"picked":"Bane","floor":25},{"not_picked":["PiercingWail","Dodge and Roll","Acrobatics"],"picked":"Adrenaline","floor":28},{"not_picked":["Dodge and Roll","Acrobatics","Expertise","Poisoned Stab+1"],"picked":"SKIP","floor":29},{"not_picked":["Wraith Form v2","Corpse Explosion","Sucker Punch"],"picked":"All Out Attack+1","floor":30},{"not_picked":["Malaise","Flying Knee","Expertise"],"picked":"Backflip+1","floor":31},{"not_picked":["Tools of the Trade","A Thousand Cuts","Adrenaline"],"picked":"Burst","floor":33},{"not_picked":["Slice+1","Bouncing Flask","Malaise+1"],"picked":"Noxious Fumes+1","floor":35},{"not_picked":["Poisoned Stab+1","Deadly Poison","Reflex"],"picked":"Noxious Fumes+1","floor":36},{"not_picked":["Prepared","Sucker Punch+1","Masterful Stab+1","Eviscerate"],"picked":"SKIP","floor":40},{"not_picked":["Prepared","Masterful Stab+1","Underhanded Strike+1"],"picked":"Bullet Time","floor":41}],"player_experience":79220,"potions_floor_usage":[],"damage_taken":[{"damage":6,"enemies":"Jaw Worm","floor":1,"turns":5},{"damage":0,"enemies":"Small Slimes","floor":2,"turns":3},{"damage":1,"enemies":"Cultist","floor":4,"turns":4},{"damage":2,"enemies":"Blue Slaver","floor":5,"turns":4},{"damage":13,"enemies":"Gremlin Nob","floor":6,"turns":4},{"damage":6,"enemies":"Exordium Wildlife","floor":7,"turns":4},{"damage":25,"enemies":"Gremlin Nob","floor":10,"turns":4},{"damage":15,"enemies":"3 Sentries","floor":11,"turns":9},{"damage":15,"enemies":"Gremlin Nob","floor":13,"turns":4},{"damage":7,"enemies":"Looter","floor":14,"turns":3},{"damage":31,"enemies":"Slime Boss","floor":16,"turns":8},{"damage":11,"enemies":"Shell Parasite","floor":18,"turns":4},{"damage":8,"enemies":"3 Byrds","floor":21,"turns":4},{"damage":0,"enemies":"Slavers","floor":23,"turns":4},{"damage":0,"enemies":"Slaver and Parasite","floor":24,"turns":4},{"damage":1,"enemies":"Gremlin Leader","floor":25,"turns":5},{"damage":17,"enemies":"Sentry and Sphere","floor":28,"turns":4},{"damage":8,"enemies":"Centurion and Healer","floor":29,"turns":4},{"damage":18,"enemies":"Slavers","floor":30,"turns":4},{"damage":16,"enemies":"Snecko","floor":31,"turns":6},{"damage":14,"enemies":"Champ","floor":33,"turns":8},{"damage":0,"enemies":"Orb Walker","floor":35,"turns":3},{"damage":28,"enemies":"3 Darklings","floor":36,"turns":7},{"damage":16,"enemies":"Flame Bruiser 2 Orb","floor":40,"turns":5},{"damage":45,"enemies":"2 Orb Walkers","floor":41,"turns":6},{"damage":7,"enemies":"Sphere and 2 Shapes","floor":44,"turns":2}],"relics_obtained":[{"floor":6,"key":"Snake Skull"},{"floor":9,"key":"Letter Opener"},{"floor":11,"key":"Question Card"},{"floor":13,"key":"Unceasing Top"},{"floor":23,"key":"Bottled Tornado"},{"floor":25,"key":"Pen Nib"},{"floor":26,"key":"Bottled Lightning"},{"floor":30,"key":"Kunai"},{"floor":41,"key":"Toolbox"},{"floor":43,"key":"Mercury Hourglass"}],"event_choices":[{"event_name":"Liars Game","player_choice":"agreed","floor":3,"damage_taken":0},{"event_name":"Big Fish","player_choice":"Donut","floor":8,"damage_taken":0},{"event_name":"Dead Adventurer","player_choice":"Searched \u00273\u0027 times","floor":10,"damage_taken":0},{"event_name":"Addict","player_choice":"Obtained Relic","floor":19,"damage_taken":0},{"event_name":"Forgotten Altar","player_choice":"Shed Blood","floor":20,"damage_taken":0},{"event_name":"Match and Keep!","player_choice":"3 cards matched","floor":38,"damage_taken":0},{"event_name":"Wheel of Change","player_choice":"Damage","floor":39,"damage_taken":0}],"boss_relics":[{"not_picked":["Tiny House","Lizard Tail"],"picked":"Astrolabe"},{"not_picked":["Runic Dome","Calling Bell"],"picked":"Eternal Feather"}],"potions_floor_spawned":[6,10,11,14,16,18,28,29,30,35,36],"seed_played":"5321992081016701263","killed_by":"Sphere and 2 Shapes","ascension_level":0,"potions_obtained":[],"is_trial":false}