{"gold_per_floor":[114,125,125,225,241,269,269,285,285,285,297,297,297,330,330,405,405,421,421,421,436,50,50,76,94,119,147,204,204],"floor_reached":29,"playtime":1149,"items_purged":["Flex+1"],"score":461,"play_id":"d151738e-7107-4ac5-b6e8-3e90a0dde45c","local_time":"20190428191324","is_ascension_mode":true,"campfire_choices":[{"data":"Perfected Strike","floor":7,"key":"SMITH"},{"data":"Flex","floor":10,"key":"SMITH"},{"data":"Pommel Strike","floor":13,"key":"SMITH"},{"data":"Perfected Strike","floor":15,"key":"SMITH"},{"data":"Feed","floor":23,"key":"SMITH"}],"neow_cost":"NONE","seed_source_timestamp":109027142847428,"circlet_count":0,"master_deck":["AscendersBane","Strike_R","Strike_R","Strike_R","Strike_R","Strike_R+1","Defend_R+1","Defend_R","Defend_R","Defend_R","Bash+1","Pommel Strike+1","Perfected Strike+1","Shockwave","Pommel Strike","Perfected Strike+1","Offering","Inflame","Pommel Strike","Whirlwind","Warcry","Feed+1","Metallicize","Reaper"],"relics":["Burning Blood","NeowsBlessing","Prayer Wheel","Blue Candle","Sundial","Philosopher\u0027s Stone","Membership Card","Red Skull","Shovel","Pen Nib","Orichalcum","Tiny Chest"],"potions_floor_usage":[6,16,18,29],"damage_taken":[{"damage":0,"enemies":"Cultist","floor":1,"turns":1},{"damage":0,"enemies":"2 Louse","floor":2,"turns":1},{"damage":0,"enemies":"Small Slimes","floor":5,"turns":1},{"damage":15,"enemies":"3 Sentries","floor":6,"turns":9},{"damage":8,"enemies":"Blue Slaver","floor":8,"turns":2},{"damage":12,"enemies":"Exordium Wildlife","floor":11,"turns":4},{"damage":12,"enemies":"Lagavulin","floor":14,"turns":5},{"damage":26,"enemies":"Hexaghost","floor":16,"turns":9},{"damage":18,"enemies":"3 Byrds","floor":18,"turns":4},{"damage":6,"enemies":"Chosen","floor":21,"turns":1},{"damage":26,"enemies":"Gremlin Leader","floor":24,"turns":4},{"damage":6,"enemies":"Snake Plant","floor":25,"turns":1},{"damage":30,"enemies":"Slavers","floor":27,"turns":4},{"damage":21,"enemies":"Book of Stabbing","floor":29,"turns":2}],"seed_played":"5083593710888582417","potions_obtained":[{"floor":2,"key":"SmokeBomb"},{"floor":5,"key":"Energy Potion"},{"floor":6,"key":"Fire Potion"},{"floor":14,"key":"Block Potion"},{"floor":21,"key":"FearPotion"},{"floor":25,"key":"SpeedPotion"}],"is_trial":false,"path_per_floor":["M","?","?","M","?","?","?","T"],"character_chosen":"IRONCLAD","items_purchased":["Membership Card","Red Skull","Feed"],"campfire_rested":0,"item_purchase_floors":[22,22,22],"current_hp_per_floor":[74,75,75,75,75,66,66,64,64,64,58,43,43,37,37,17,61,49,49,49,49,49,49,29,29,29,9,9,0],"gold":204,"neow_bonus":"THREE_ENEMY_KILL","is_prod":false,"is_daily":false,"chose_seed":false,"campfire_upgraded":5,"win_rate":0,"timestamp":1556453604,"path_taken":["M","?","?","?","?","E","R","M","T","R","M","?","R","E","R","BOSS","M","?","?","M","$","R","E","M","T","E","?","E"],"build_version":"2019-01-23","purchased_purges":1,"victory":false,"max_hp_per_floor":[75,75,75,75,75,75,75,75,75,75,75,75,75,75,75,75,75,75,75,75,75,75,75,75,75,75,79,79,79],"card_choices":[{"not_picked":["Clash","Clothesline"],"picked":"Pommel Strike","floor":1},{"not_picked":["Corruption","Sever Soul","Sentinel"],"picked":"SKIP","floor":2},{"not_picked":["Iron Wave","Rampage"],"picked":"Perfected Strike","floor":5},{"not_picked":["Bloodletting","Clash"],"picked":"Flex","floor":6},{"not_picked":["Thunderclap","Cleave"],"picked":"Shockwave","floor":8},{"not_picked":["Inflame","Dark Embrace"],"picked":"Pommel Strike","floor":8},{"not_picked":["Infernal Blade","Havoc","Clash"],"picked":"SKIP","floor":11},{"not_picked":["Thunderclap","Cleave","Clothesline"],"picked":"SKIP","floor":11},{"not_picked":["Pummel","Intimidate"],"picked":"Perfected Strike","floor":14},{"not_picked":["Double Tap","Juggernaut"],"picked":"Offering","floor":16},{"not_picked":["Warcry","Searing Blow"],"picked":"Inflame","floor":18},{"not_picked":["Cleave","Heavy Blade","Anger"],"picked":"SKIP","floor":18},{"not_picked":["True Grit","Sword Boomerang"],"picked":"Whirlwind","floor":21},{"not_picked":["Combust","Anger"],"picked":"Warcry","floor":21},{"not_picked":["Havoc","Reckless Charge+1"],"picked":"Metallicize","floor":24},{"not_picked":["Sword Boomerang","Ghostly Armor","Seeing Red"],"picked":"SKIP","floor":25},{"not_picked":["Immolate","Flex","Feel No Pain"],"picked":"SKIP","floor":25},{"not_picked":["Entrench","Heavy Blade"],"picked":"Reaper","floor":27}],"player_experience":318750,"relics_obtained":[{"floor":6,"key":"Prayer Wheel"},{"floor":9,"key":"Blue Candle"},{"floor":14,"key":"Sundial"},{"floor":24,"key":"Shovel"},{"floor":26,"key":"Pen Nib"},{"floor":27,"key":"Orichalcum"},{"floor":28,"key":"Tiny Chest"}],"event_choices":[{"damage_healed":0,"gold_gain":0,"player_choice":"Grow","damage_taken":0,"max_hp_gain":0,"max_hp_loss":0,"event_name":"Living Wall","floor":3,"gold_loss":0,"cards_upgraded":["Bash"]},{"damage_healed":0,"gold_gain":100,"player_choice":"Gold","damage_taken":0,"max_hp_gain":0,"max_hp_loss":0,"event_name":"Wheel of Change","floor":4,"gold_loss":0},{"damage_healed":0,"gold_gain":0,"player_choice":"Entered Light","damage_taken":15,"max_hp_gain":0,"max_hp_loss":0,"event_name":"Shining Light","floor":12,"gold_loss":0,"cards_upgraded":["Strike_R","Defend_R"]},{"damage_healed":0,"gold_gain":0,"player_choice":"Ignored","damage_taken":0,"max_hp_gain":0,"max_hp_loss":0,"event_name":"The Mausoleum","floor":19,"gold_loss":0},{"damage_healed":0,"gold_gain":0,"player_choice":"Read","damage_taken":0,"max_hp_gain":0,"max_hp_loss":0,"event_name":"The Library","floor":20,"gold_loss":0,"cards_obtained":["Pommel Strike"]}],"is_beta":false,"boss_relics":[{"not_picked":["Mark of Pain","Empty Cage"],"picked":"Philosopher\u0027s Stone"}],"items_purged_floors":[22],"is_endless":false,"potions_floor_spawned":[2,5,6,14,21,25],"killed_by":"Book of Stabbing","ascension_level":14}