{"gold_per_floor":[213,213,213,231,0,0,30,50,73,88,113,113,144,244,244,346,346,364,384,399,434,444,444,477,477,501,501,513,513,543,556,556,556],"floor_reached":33,"playtime":1174,"items_purged":[],"score":373,"play_id":"7dc937e5-6377-42f7-8200-aa999afd3414","local_time":"20190212004627","is_ascension_mode":true,"campfire_choices":[{"data":"Rampage","floor":6,"key":"SMITH"},{"data":"Bash","floor":12,"key":"SMITH"},{"data":"Uppercut","floor":15,"key":"SMITH"},{"data":"Whirlwind","floor":23,"key":"SMITH"},{"data":"Feed","floor":27,"key":"SMITH"},{"data":"Double Tap","floor":29,"key":"SMITH"},{"data":"Metallicize","floor":32,"key":"SMITH"}],"neow_cost":"NONE","seed_source_timestamp":10467924256777,"circlet_count":0,"master_deck":["Strike_R","Strike_R","Defend_R","Defend_R+1","Defend_R","Defend_R+1","Bash+1","Rampage+1","Metallicize+1","Offering","Uppercut+1","Double Tap+1","Armaments+1","Inflame+1","Whirlwind+1","Feel No Pain+1","Feed+1","Warcry+1"],"relics":["Burning Blood","Regal Pillow","Bag of Marbles","War Paint","Bronze Scales","Oddly Smooth Stone","Mummified Hand","Astrolabe","Red Mask","Potion Belt","Bag of Preparation","PreservedInsect","Anchor"],"potions_floor_usage":[7,13,24,24,33,33,33],"damage_taken":[{"damage":2,"enemies":"Small Slimes","floor":1,"turns":6},{"damage":5,"enemies":"Jaw Worm","floor":4,"turns":6},{"damage":14,"enemies":"Gremlin Nob","floor":7,"turns":3},{"damage":0,"enemies":"Cultist","floor":8,"turns":3},{"damage":4,"enemies":"Large Slime","floor":10,"turns":6},{"damage":7,"enemies":"3 Sentries","floor":11,"turns":7},{"damage":6,"enemies":"Gremlin Nob","floor":13,"turns":4},{"damage":46,"enemies":"Slime Boss","floor":16,"turns":12},{"damage":0,"enemies":"Chosen","floor":18,"turns":3},{"damage":6,"enemies":"Shell Parasite","floor":19,"turns":3},{"damage":12,"enemies":"Shelled Parasite and Fungi","floor":20,"turns":3},{"damage":10,"enemies":"Masked Bandits","floor":21,"turns":3},{"damage":6,"enemies":"Centurion and Healer","floor":22,"turns":5},{"damage":8,"enemies":"Book of Stabbing","floor":24,"turns":4},{"damage":6,"enemies":"Snecko","floor":28,"turns":5},{"damage":6,"enemies":"Gremlin Leader","floor":30,"turns":3},{"damage":6,"enemies":"Cultist and Chosen","floor":31,"turns":3},{"damage":72,"enemies":"Champ","floor":33,"turns":8}],"seed_played":"-7831385939357869305","potions_obtained":[{"floor":4,"key":"BloodPotion"},{"floor":7,"key":"Weak Potion"},{"floor":11,"key":"SpeedPotion"},{"floor":13,"key":"Ancient Potion"},{"floor":19,"key":"EssenceOfSteel"},{"floor":22,"key":"LiquidBronze"},{"floor":28,"key":"GamblersBrew"},{"floor":30,"key":"SteroidPotion"}],"is_trial":false,"path_per_floor":["M","?","?","M","$","R","E","M","T","M","E","R","E","?","R","B",null,"M","M","M","?","M","R","E","?","T","R","M","R","E","M","R","B"],"character_chosen":"IRONCLAD","items_purchased":["Bag of Marbles","Rampage"],"campfire_rested":0,"item_purchase_floors":[5,5],"current_hp_per_floor":[80,68,68,69,69,69,69,75,75,77,76,76,76,76,76,36,80,80,80,74,70,70,70,68,68,68,68,68,68,68,72,72,0],"gold":556,"neow_bonus":"HUNDRED_GOLD","is_prod":false,"is_daily":false,"chose_seed":false,"campfire_upgraded":7,"win_rate":0,"timestamp":1549957587,"path_taken":["M","?","?","?","$","R","E","M","T","M","E","R","E","?","R","BOSS","M","M","M","?","M","R","E","?","T","R","M","R","E","?","R","BOSS"],"build_version":"2019-01-23","purchased_purges":0,"victory":false,"max_hp_per_floor":[80,80,80,80,80,80,80,80,80,80,80,80,80,80,80,80,80,80,80,80,80,80,80,80,80,80,80,80,80,80,84,84,84],"card_choices":[{"not_picked":["Thunderclap","Armaments","True Grit"],"picked":"SKIP","floor":1},{"not_picked":["Second Wind","Pummel","True Grit"],"picked":"SKIP","floor":4},{"not_picked":["Twin Strike","Flex","Inflame"],"picked":"SKIP","floor":7},{"not_picked":["Flex","True Grit"],"picked":"Metallicize","floor":8},{"not_picked":["Anger","Headbutt","Flex"],"picked":"SKIP","floor":10},{"not_picked":["Entrench","Shrug It Off"],"picked":"Offering","floor":11},{"not_picked":["Combust","Searing Blow"],"picked":"Uppercut","floor":13},{"not_picked":["Barricade","Demon Form"],"picked":"Double Tap","floor":16},{"not_picked":["Bloodletting","Uppercut"],"picked":"Whirlwind","floor":18},{"not_picked":["Wild Strike+1","Clothesline","Havoc+1"],"picked":"SKIP","floor":19},{"not_picked":["Pommel Strike","Twin Strike"],"picked":"Feel No Pain+1","floor":20},{"not_picked":["Iron Wave","Dropkick"],"picked":"Feed","floor":22},{"not_picked":["Corruption","Uppercut","Second Wind"],"picked":"SKIP","floor":24},{"not_picked":["Inflame","Second Wind+1","Pummel"],"picked":"SKIP","floor":28},{"not_picked":["Pummel","Thunderclap","Fiend Fire"],"picked":"SKIP","floor":30},{"not_picked":["Perfected Strike","Flex"],"picked":"Warcry+1","floor":31}],"player_experience":757285,"relics_obtained":[{"floor":7,"key":"War Paint"},{"floor":9,"key":"Bronze Scales"},{"floor":11,"key":"Oddly Smooth Stone"},{"floor":13,"key":"Mummified Hand"},{"floor":21,"key":"Red Mask"},{"floor":24,"key":"Potion Belt"},{"floor":26,"key":"PreservedInsect"},{"floor":30,"key":"Anchor"}],"event_choices":[{"damage_healed":0,"gold_gain":0,"player_choice":"Success","damage_taken":12,"relics_obtained":["Regal Pillow"],"max_hp_gain":0,"max_hp_loss":0,"event_name":"Scrap Ooze","floor":2,"gold_loss":0},{"damage_healed":0,"gold_gain":0,"player_choice":"Ignored","damage_taken":0,"max_hp_gain":0,"max_hp_loss":0,"event_name":"Liars Game","floor":3,"gold_loss":0},{"damage_healed":0,"gold_gain":100,"player_choice":"Pray","damage_taken":0,"max_hp_gain":0,"max_hp_loss":0,"event_name":"Golden Shrine","floor":14,"gold_loss":0},{"damage_healed":0,"gold_gain":0,"player_choice":"Fought Bandits","damage_taken":0,"max_hp_gain":0,"max_hp_loss":0,"event_name":"Masked Bandits","floor":21,"gold_loss":0},{"cards_removed":["Reckless Charge"],"damage_healed":0,"gold_gain":0,"player_choice":"Gave Card","damage_taken":0,"relics_obtained":["Bag of Preparation"],"max_hp_gain":0,"max_hp_loss":0,"event_name":"WeMeetAgain","floor":25,"gold_loss":0}],"is_beta":false,"boss_relics":[{"not_picked":["Black Star","Runic Pyramid"],"picked":"Astrolabe"}],"items_purged_floors":[],"is_endless":false,"potions_floor_spawned":[4,7,11,13,19,22,28,30],"killed_by":"Champ","ascension_level":1}