{"gold_per_floor":[215,37,53,66,76,76,101,101,150,75,87,104,133,133,133,133],"floor_reached":16,"playtime":489,"items_purged":["Strike_R"],"score":196,"play_id":"8903ae21-88ae-4222-98c6-0b280f43b3df","local_time":"20190411001538","is_ascension_mode":true,"campfire_choices":[{"data":"Sword Boomerang","floor":6,"key":"SMITH"},{"data":"Inflame","floor":8,"key":"SMITH"},{"data":"Bash","floor":15,"key":"SMITH"}],"neow_cost":"NONE","seed_source_timestamp":31198142594401,"circlet_count":0,"master_deck":["AscendersBane","Strike_R","Strike_R","Strike_R","Strike_R","Defend_R+1","Defend_R+1","Defend_R","Defend_R","Bash+1","Cleave","Pummel","Inflame+1","Carnage","Iron Wave","Sword Boomerang+1","Iron Wave","Pummel"],"relics":["Burning Blood","Regal Pillow","War Paint"],"potions_floor_usage":[13,16],"damage_taken":[{"damage":6,"enemies":"Cultist","floor":1,"turns":4},{"damage":6,"enemies":"2 Louse","floor":3,"turns":3},{"damage":12,"enemies":"Jaw Worm","floor":4,"turns":2},{"damage":7,"enemies":"Looter","floor":5,"turns":3},{"damage":20,"enemies":"3 Sentries","floor":7,"turns":6},{"damage":22,"enemies":"Lots of Slimes","floor":11,"turns":3},{"damage":7,"enemies":"2 Fungi Beasts","floor":12,"turns":2},{"damage":8,"enemies":"Gremlin Nob","floor":13,"turns":3},{"damage":35,"enemies":"The Guardian","floor":16,"turns":6}],"seed_played":"-2298487937205413234","potions_obtained":[{"floor":4,"key":"Block Potion"},{"floor":11,"key":"FearPotion"}],"is_trial":false,"path_per_floor":["M","$","M","M","M","R","E","R","T","$","M","M","E","?","R","B"],"character_chosen":"IRONCLAD","items_purchased":["Pummel","Inflame","Carnage"],"campfire_rested":0,"item_purchase_floors":[2,2,2],"current_hp_per_floor":[68,68,68,62,61,61,47,47,47,47,31,30,28,33,33,0],"gold":133,"neow_bonus":"HUNDRED_GOLD","is_prod":false,"is_daily":false,"chose_seed":false,"campfire_upgraded":3,"win_rate":0,"timestamp":1554952538,"path_taken":["M","$","M","M","M","R","E","R","T","$","?","M","E","?","R","BOSS"],"build_version":"2019-01-23","purchased_purges":1,"victory":false,"max_hp_per_floor":[75,75,75,75,75,75,75,75,75,75,75,75,75,80,80,80],"card_choices":[{"not_picked":["Sword Boomerang","Wild Strike"],"picked":"Cleave","floor":1},{"not_picked":["Infernal Blade","Armaments"],"picked":"Iron Wave","floor":3},{"not_picked":["Blood for Blood","Second Wind"],"picked":"Sword Boomerang","floor":4},{"not_picked":["Thunderclap","Wild Strike"],"picked":"Iron Wave","floor":5},{"not_picked":["Exhume","Cleave","Havoc"],"picked":"SKIP","floor":7},{"not_picked":["Warcry","Thunderclap","Hemokinesis"],"picked":"SKIP","floor":11},{"not_picked":["Cleave","Burning Pact","Feel No Pain"],"picked":"SKIP","floor":12},{"not_picked":["Warcry","Entrench"],"picked":"Pummel","floor":13}],"player_experience":591405,"relics_obtained":[{"floor":9,"key":"Regal Pillow"},{"floor":13,"key":"War Paint"}],"event_choices":[{"damage_healed":0,"gold_gain":0,"player_choice":"Donut","damage_taken":0,"max_hp_gain":5,"max_hp_loss":0,"event_name":"Big Fish","floor":14,"gold_loss":0}],"is_beta":false,"boss_relics":[],"items_purged_floors":[10],"is_endless":false,"potions_floor_spawned":[4,11,12],"killed_by":"The Guardian","ascension_level":15}