{"gold_per_floor":[111,123,143,157,107,107,122,122,122,110,110],"floor_reached":11,"playtime":2041,"items_purged":["Pain"],"score":67,"play_id":"1f2fd6a7-00c5-4d26-bd33-49368c3c201f","local_time":"20190115112419","is_ascension_mode":false,"campfire_choices":[{"floor":6,"key":"REST"},{"floor":8,"key":"REST"}],"neow_cost":"NONE","seed_source_timestamp":398827130082711,"circlet_count":0,"master_deck":["Defend_G","Defend_G","Defend_G","Defend_G","Defend_G","Strike_G","Strike_G","Strike_G","Strike_G","Strike_G","Survivor","Neutralize","Shame","Decay","Backflip","Phantasmal Killer","Crippling Poison","Caltrops","Backflip"],"special_seed":0,"relics":["Calling Bell","Smiling Mask","The Courier","Shovel"],"potions_floor_usage":[4,11,11],"damage_taken":[{"damage":17.0,"enemies":"Small Slimes","floor":1.0,"turns":6.0},{"damage":10.0,"enemies":"2 Louse","floor":2.0,"turns":3.0},{"damage":2.0,"enemies":"Cultist","floor":3.0,"turns":5.0},{"damage":16,"enemies":"Looter","floor":4,"turns":4},{"damage":9,"enemies":"Exordium Wildlife","floor":7,"turns":4},{"damage":7,"enemies":"Exordium Thugs","floor":10,"turns":6},{"damage":54,"enemies":"Lagavulin","floor":11,"turns":10}],"seed_played":"4103074903475207533","potions_obtained":[{"floor":1.0,"key":"PowerPotion"},{"floor":4,"key":"GamblersBrew"},{"floor":7,"key":"FearPotion"}],"is_trial":false,"path_per_floor":["M","M","M","M","$","R","M","R","T","M","E"],"character_chosen":"THE_SILENT","items_purchased":[],"campfire_rested":2,"item_purchase_floors":[],"current_hp_per_floor":[53,43,41,25,25,46,37,58,58,51,0],"gold":110,"neow_bonus":"BOSS_RELIC","is_prod":false,"is_daily":false,"chose_seed":false,"campfire_upgraded":0,"win_rate":0,"timestamp":1547580259,"path_taken":["M","M","M","M","$","R","M","R","T","M","E"],"build_version":"2019-01-10","purchased_purges":1,"victory":false,"max_hp_per_floor":[70,70,70,70,70,70,70,70,70,70,70],"card_choices":[{"not_picked":["Outmaneuver","Deflect"],"picked":"Backflip","floor":1.0},{"not_picked":["Acrobatics","Finisher","Accuracy"],"picked":"SKIP","floor":2.0},{"not_picked":["Blade Dance","Bane"],"picked":"Phantasmal Killer","floor":3.0},{"not_picked":["Eviscerate","Masterful Stab"],"picked":"Crippling Poison","floor":4},{"not_picked":["Underhanded Strike","Escape Plan"],"picked":"Caltrops","floor":7},{"not_picked":["Flying Knee","Calculated Gamble"],"picked":"Backflip","floor":10}],"player_experience":1038308,"relics_obtained":[{"floor":0.0,"key":"Smiling Mask"},{"floor":0.0,"key":"The Courier"},{"floor":0.0,"key":"Shovel"}],"event_choices":[],"is_beta":false,"boss_relics":[],"items_purged_floors":[5],"is_endless":false,"potions_floor_spawned":[1,4,7],"killed_by":"Lagavulin","ascension_level":0}