{"gold_per_floor":[116,116,131,141,151,186,186,204,256,290,310,310,310,310,310,415,415,430,345,58,71,19,19,30,30,30,30,30,65,83,103,103,203,253,267,267,319,88,1087,1087,1115,1115,1138,405,405,419,419,433,433,433,433,433,69,97,97],"floor_reached":55,"playtime":3092,"items_purged":["Strike_G+1"],"score":948,"play_id":"0e6b8409-ef7c-41d5-9f36-8b4b3b7c9f99","local_time":"20190326020946","is_ascension_mode":false,"campfire_choices":[{"data":"Noxious Fumes","floor":7.0,"key":"SMITH"},{"data":"Die Die Die","floor":12.0,"key":"SMITH"},{"floor":15.0,"key":"REST"},{"data":"Envenom","floor":23.0,"key":"SMITH"},{"data":"Cloak And Dagger","floor":25.0,"key":"SMITH"},{"floor":32.0,"key":"REST"},{"data":"After Image","floor":40,"key":"SMITH"},{"data":"Malaise","floor":47,"key":"SMITH"},{"floor":49,"key":"RECALL"},{"data":"Dark Shackles","floor":52,"key":"SMITH"}],"neow_cost":"NONE","seed_source_timestamp":0,"circlet_count":0,"master_deck":["Defend_G+1","Defend_G+1","Defend_G+1","Defend_G+1","Defend_G+1","Strike_G+1","Strike_G+1","Strike_G+1","Survivor+1","Neutralize+1","Skewer+1","Noxious Fumes+1","Well Laid Plans","Sucker Punch+1","Blur","Die Die Die+1","Backflip","Slice","Backflip","Envenom+1","Backflip","Backstab+1","Cloak And Dagger+1","Predator","Dramatic Entrance","Cloak And Dagger","Acrobatics","Cloak And Dagger","Malaise+1","Skewer","PiercingWail","After Image+1","Dagger Spray+1","Blade Dance+1","Crippling Poison","Bouncing Flask+1","Blade Dance","Dash","Dark Shackles+1","Deflect","Backflip","Malaise+1","Escape Plan","Finisher+1"],"special_seed":0,"relics":["Ring of the Snake","War Paint","Pen Nib","Shuriken","Sozu","Omamori","Regal Pillow","Tiny House","Pocketwatch","Chemical X","Nunchaku","Happy Flower","Ice Cream","ClockworkSouvenir","DollysMirror","Bronze Scales"],"potions_floor_usage":[],"damage_taken":[{"damage":2.0,"enemies":"Jaw Worm","floor":1.0,"turns":6.0},{"damage":0.0,"enemies":"Cultist","floor":3.0,"turns":3.0},{"damage":2.0,"enemies":"Small Slimes","floor":4.0,"turns":4.0},{"damage":5.0,"enemies":"2 Fungi Beasts","floor":5.0,"turns":3.0},{"damage":21.0,"enemies":"Gremlin Nob","floor":6.0,"turns":4.0},{"damage":6.0,"enemies":"Exordium Thugs","floor":8.0,"turns":6.0},{"damage":11.0,"enemies":"3 Sentries","floor":10.0,"turns":6.0},{"damage":5.0,"enemies":"Large Slime","floor":11.0,"turns":6.0},{"damage":5.0,"enemies":"Hexaghost","floor":16.0,"turns":9.0},{"damage":0.0,"enemies":"Chosen","floor":18.0,"turns":3.0},{"damage":0.0,"enemies":"Shell Parasite","floor":21.0,"turns":3.0},{"damage":3.0,"enemies":"Centurion and Healer","floor":24.0,"turns":5.0},{"damage":35.0,"enemies":"Book of Stabbing","floor":29.0,"turns":5.0},{"damage":5.0,"enemies":"Cultist and Chosen","floor":30.0,"turns":6.0},{"damage":7.0,"enemies":"Sentry and Sphere","floor":31.0,"turns":4.0},{"damage":27.0,"enemies":"Automaton","floor":33.0,"turns":9.0},{"damage":4,"enemies":"Orb Walker","floor":35,"turns":2},{"damage":22,"enemies":"2 Orb Walkers","floor":37,"turns":5},{"damage":19,"enemies":"Nemesis","floor":41,"turns":7},{"damage":10,"enemies":"3 Shapes","floor":46,"turns":4},{"damage":0,"enemies":"Transient","floor":48,"turns":5},{"damage":11,"enemies":"Awakened One","floor":50,"turns":14},{"damage":17,"enemies":"Shield and Spear","floor":54,"turns":7},{"damage":45,"enemies":"The Heart","floor":55,"turns":8}],"seed_played":"-76077800855342832","potions_obtained":[{"floor":3.0,"key":"FearPotion"},{"floor":5.0,"key":"Block Potion"},{"floor":8.0,"key":"Swift Potion"},{"floor":11.0,"key":"SpeedPotion"},{"floor":16.0,"key":"AttackPotion"}],"is_trial":false,"path_per_floor":["M","?","M","M","M","E","R","M","T","E","M","R","?","?","R","B",null,"M","?","$","M","$","R","M","R","T","?","?","E","M","M","R","B",null,"M","?","?","$","?","R","E","?","T","$","?","M","R","M","R","B",null,"R","$","E","B"],"character_chosen":"THE_SILENT","items_purchased":["Backstab","Cloak And Dagger","Predator","Dramatic Entrance","Acrobatics","Chemical X","Crippling Poison","Blade Dance","Ice Cream","Dash","Dark Shackles","ClockworkSouvenir","DollysMirror","Escape Plan"],"campfire_rested":2,"item_purchase_floors":[20,20,20,20,22,38,38,44,44,44,44,44,53,53],"current_hp_per_floor":[68,68,68,66,61,40,40,34,34,23,18,18,4,4,25,20,70,70,70,70,70,70,70,67,67,67,67,67,32,27,20,56,29,75,71,71,49,49,49,49,30,62,62,62,62,52,52,52,52,41,62,62,62,45,0],"gold":97,"neow_bonus":"UPGRADE_CARD","is_prod":false,"is_daily":false,"chose_seed":false,"campfire_upgraded":7,"win_rate":0,"timestamp":1553576986,"path_taken":["M","?","M","?","M","E","R","M","T","E","M","R","?","?","R","BOSS","M","?","$","M","$","R","M","R","T","?","?","E","M","?","R","BOSS","M","?","?","$","?","R","E","?","T","$","?","M","R","M","R","BOSS","R","$","E","BOSS"],"build_version":"2019-01-23","purchased_purges":1,"victory":false,"max_hp_per_floor":[70,70,70,70,70,70,70,70,70,70,70,70,70,70,70,70,70,70,70,70,70,70,70,70,70,70,70,70,70,70,70,70,70,75,75,71,71,71,71,71,71,62,62,62,62,62,62,62,62,62,62,62,62,62,62],"card_choices":[{"not_picked":["Dagger Throw","Dagger Spray"],"picked":"Skewer","floor":1.0},{"not_picked":["Dagger Spray","Outmaneuver"],"picked":"Noxious Fumes","floor":3.0},{"not_picked":["Dagger Spray","Flechettes"],"picked":"Well Laid Plans","floor":4.0},{"not_picked":["Riddle With Holes","Caltrops"],"picked":"Sucker Punch","floor":5.0},{"not_picked":["Finisher","Masterful Stab"],"picked":"Blur","floor":6.0},{"not_picked":["Dodge and Roll","Cloak And Dagger"],"picked":"Die Die Die","floor":8.0},{"not_picked":["Escape Plan","Dagger Spray"],"picked":"Backflip","floor":10.0},{"not_picked":["Setup","Poisoned Stab"],"picked":"Slice","floor":11.0},{"not_picked":["Grand Finale","Bullet Time"],"picked":"Envenom","floor":16.0},{"not_picked":["PiercingWail","Choke+1"],"picked":"Backflip","floor":18.0},{"not_picked":["Blur+1","Flying Knee"],"picked":"Cloak And Dagger","floor":21.0},{"not_picked":["Masterful Stab","Skewer"],"picked":"Cloak And Dagger","floor":24.0},{"not_picked":["Calculated Gamble+1","Deflect"],"picked":"Malaise","floor":29.0},{"not_picked":["Flying Knee","Dodge and Roll"],"picked":"Skewer","floor":30.0},{"not_picked":["Deflect","All Out Attack"],"picked":"PiercingWail","floor":31.0},{"not_picked":["A Thousand Cuts","Bullet Time"],"picked":"After Image","floor":33.0},{"not_picked":["Blade Dance","Escape Plan"],"picked":"Dagger Spray+1","floor":34},{"not_picked":["Dagger Spray","Prepared+1"],"picked":"Blade Dance+1","floor":35},{"not_picked":["Tools of the Trade","Predator"],"picked":"Bouncing Flask+1","floor":41},{"not_picked":["Deadly Poison+1","Reflex+1"],"picked":"Deflect","floor":46},{"not_picked":["Underhanded Strike","Blade Dance"],"picked":"Backflip","floor":48},{"not_picked":["Eviscerate","Flechettes+1"],"picked":"Finisher+1","floor":54}],"player_experience":379308,"relics_obtained":[{"floor":6.0,"key":"War Paint"},{"floor":9.0,"key":"Pen Nib"},{"floor":10.0,"key":"Shuriken"},{"floor":29.0,"key":"Regal Pillow"},{"floor":37,"key":"Pocketwatch"},{"floor":41,"key":"Nunchaku"},{"floor":43,"key":"Happy Flower"},{"floor":54,"key":"Bronze Scales"}],"event_choices":[{"damage_healed":0.0,"max_hp_gain":0.0,"max_hp_loss":0.0,"gold_gain":0.0,"event_name":"Accursed Blacksmith","player_choice":"Forge","floor":2.0,"gold_loss":0.0,"damage_taken":0.0,"cards_upgraded":["Skewer"]},{"damage_healed":0.0,"max_hp_gain":0.0,"max_hp_loss":0.0,"gold_gain":0.0,"event_name":"Shining Light","player_choice":"Entered Light","floor":13.0,"gold_loss":0.0,"damage_taken":14.0,"cards_upgraded":["Sucker Punch","Defend_G"]},{"damage_healed":0.0,"max_hp_gain":0.0,"max_hp_loss":0.0,"gold_gain":0.0,"cards_transformed":["Strike_G"],"event_name":"Transmorgrifier","player_choice":"Transformed","floor":14.0,"gold_loss":0.0,"damage_taken":0.0,"cards_obtained":["Backflip"]},{"damage_healed":0.0,"max_hp_gain":0.0,"max_hp_loss":0.0,"gold_gain":0.0,"event_name":"Addict","player_choice":"Obtained Relic","floor":19.0,"gold_loss":85.0,"damage_taken":0.0,"relics_obtained":["Omamori"]},{"damage_healed":0.0,"max_hp_gain":0.0,"max_hp_loss":0.0,"gold_gain":0.0,"event_name":"Back to Basics","player_choice":"Simplicity","floor":27.0,"gold_loss":0.0,"damage_taken":0.0,"cards_upgraded":["Defend_G","Defend_G","Defend_G","Strike_G","Strike_G","Strike_G","Strike_G"]},{"damage_healed":0.0,"max_hp_gain":0.0,"max_hp_loss":0.0,"gold_gain":0.0,"event_name":"Ghosts","player_choice":"Ignored","floor":28.0,"gold_loss":0.0,"damage_taken":0.0},{"damage_healed":0,"gold_gain":0,"player_choice":"Max HP","damage_taken":0,"max_hp_gain":0,"max_hp_loss":4,"event_name":"Winding Halls","floor":36,"gold_loss":0},{"damage_healed":0,"gold_gain":0,"player_choice":"Fight","damage_taken":0,"max_hp_gain":0,"max_hp_loss":0,"event_name":"Mysterious Sphere","floor":37,"gold_loss":0},{"damage_healed":0,"gold_gain":999,"player_choice":"Gold","damage_taken":0,"max_hp_gain":0,"max_hp_loss":0,"event_name":"MindBloom","floor":39,"gold_loss":0,"cards_obtained":["Normality","Normality"]},{"damage_healed":62,"gold_gain":0,"player_choice":"Heal","damage_taken":0,"max_hp_gain":0,"max_hp_loss":9,"event_name":"The Moai Head","floor":42,"gold_loss":0},{"damage_healed":0,"gold_gain":0,"player_choice":"Memory 1","damage_taken":0,"max_hp_gain":0,"max_hp_loss":0,"event_name":"SensoryStone","floor":45,"gold_loss":0}],"is_beta":false,"boss_relics":[{"not_picked":["WristBlade","Runic Pyramid"],"picked":"Sozu"},{"not_picked":["HoveringKite","Lizard Tail"],"picked":"Tiny House"}],"items_purged_floors":[53],"is_endless":false,"potions_floor_spawned":[3,5,8,11,16,18,21,31,35,46],"killed_by":"The Heart","ascension_level":0}