{"gold_per_floor":[114,69,81,81,93,126,126,156,156,5,37,37,70,95,95,95],"floor_reached":16,"playtime":712,"items_purged":[],"score":218,"play_id":"26c158e2-64a6-4462-a77a-b1ad55db58a9","local_time":"20190424011141","is_ascension_mode":true,"campfire_choices":[{"floor":7,"key":"REST"},{"data":"Electrodynamics","floor":15,"key":"SMITH"}],"neow_cost":"NONE","seed_source_timestamp":35413343051082,"circlet_count":0,"master_deck":["AscendersBane","Strike_B","Strike_B","Strike_B","Strike_B","Defend_B","Defend_B","Defend_B","Defend_B","Zap","Dualcast","Ball Lightning","Glacier","Ball Lightning","Electrodynamics+1","Core Surge","Cold Snap"],"relics":["Cracked Core","Meat on the Bone","Blue Candle","Kunai","Omamori","Golden Idol","Blood Vial"],"potions_floor_usage":[],"damage_taken":[{"damage":1,"enemies":"2 Louse","floor":1,"turns":3},{"damage":5,"enemies":"Small Slimes","floor":3,"turns":3},{"damage":2,"enemies":"Jaw Worm","floor":5,"turns":2},{"damage":32,"enemies":"Gremlin Nob","floor":6,"turns":5},{"damage":16,"enemies":"Lagavulin","floor":8,"turns":6},{"damage":14,"enemies":"Gremlin Nob","floor":11,"turns":4},{"damage":24,"enemies":"Lagavulin","floor":13,"turns":6},{"damage":6,"enemies":"Looter","floor":14,"turns":3},{"damage":49,"enemies":"Hexaghost","floor":16,"turns":12}],"seed_played":"-1867934731910219624","potions_obtained":[{"floor":1,"key":"Ancient Potion"},{"floor":5,"key":"SpeedPotion"}],"is_trial":false,"path_per_floor":["M","?","M","?","M","E","R","E","T","$","E","?","E","M","R","B"],"character_chosen":"DEFECT","items_purchased":["Electrodynamics"],"campfire_rested":1,"item_purchase_floors":[10],"current_hp_per_floor":[70,70,65,65,63,31,54,50,50,50,48,48,36,44,44,0],"gold":95,"neow_bonus":"TEN_PERCENT_HP_BONUS","is_prod":false,"is_daily":false,"chose_seed":false,"campfire_upgraded":1,"win_rate":0,"timestamp":1556079101,"path_taken":["M","?","M","?","M","E","R","E","T","$","E","?","E","M","R","BOSS"],"build_version":"2019-01-23","purchased_purges":0,"victory":false,"max_hp_per_floor":[78,78,78,78,78,78,78,78,78,78,78,72,72,72,72,72],"card_choices":[{"not_picked":["Chill","Stack"],"picked":"Ball Lightning","floor":1},{"not_picked":["Go for the Eyes","Gash"],"picked":"Glacier","floor":3},{"not_picked":["Compile Driver","Hologram"],"picked":"Ball Lightning","floor":5},{"not_picked":["Streamline","Steam Power","Storm"],"picked":"SKIP","floor":6},{"not_picked":["Turbo","Stack","Tempest"],"picked":"SKIP","floor":8},{"not_picked":["Coolheaded","Static Discharge","Aggregate"],"picked":"SKIP","floor":11},{"not_picked":["Doom and Gloom","Beam Cell"],"picked":"Core Surge","floor":13},{"not_picked":["Rebound","Blizzard"],"picked":"Cold Snap","floor":14}],"player_experience":744119,"relics_obtained":[{"floor":6,"key":"Meat on the Bone"},{"floor":8,"key":"Blue Candle"},{"floor":9,"key":"Kunai"},{"floor":11,"key":"Omamori"},{"floor":13,"key":"Blood Vial"}],"event_choices":[{"damage_healed":0,"gold_gain":0,"player_choice":"Left Gold","damage_taken":0,"max_hp_gain":0,"max_hp_loss":0,"event_name":"World of Goop","floor":2,"gold_loss":45},{"damage_healed":0,"gold_gain":0,"player_choice":"Ignored","damage_taken":0,"max_hp_gain":0,"max_hp_loss":0,"event_name":"Liars Game","floor":4,"gold_loss":0},{"damage_healed":0,"gold_gain":0,"player_choice":"Lose Max HP","damage_taken":0,"relics_obtained":["Golden Idol"],"max_hp_gain":0,"max_hp_loss":6,"event_name":"Golden Idol","floor":12,"gold_loss":0}],"is_beta":false,"boss_relics":[],"items_purged_floors":[],"is_endless":false,"potions_floor_spawned":[1,5,8],"killed_by":"Hexaghost","ascension_level":14}