{"gold_per_floor":[109,28,28,28,46,74,74,35,35,69,13,13,29,29,29,122,122,143,5,5,5,55,55,99,99,125,125,11,47,65,65,65,65],"floor_reached":33,"playtime":979,"items_purged":[],"score":620,"play_id":"feffbabb-1955-4989-929c-6483b26ac024","local_time":"20190226142440","is_ascension_mode":true,"campfire_choices":[{"data":"Deadly Poison","floor":7.0,"key":"SMITH"},{"floor":12.0,"key":"REST"},{"data":"Caltrops","floor":15.0,"key":"SMITH"},{"data":"Ghostly","floor":23.0,"key":"SMITH"},{"floor":25,"key":"REST"},{"data":"Ghostly","floor":27,"key":"SMITH"},{"data":"Ghostly","floor":32,"key":"SMITH"}],"neow_cost":"NONE","seed_source_timestamp":0,"circlet_count":0,"master_deck":["AscendersBane","Defend_G","Defend_G","Defend_G","Defend_G","Defend_G","Strike_G","Strike_G","Strike_G","Strike_G","Survivor","Neutralize","Caltrops+1","Adrenaline","Deadly Poison+1","Predator","Caltrops+1","Malaise","Flying Knee+1","Deadly Poison","Ghostly+1","Ghostly+1","Ghostly+1","Poisoned Stab","PiercingWail","Dagger Spray"],"special_seed":0,"relics":["Ring of the Snake","NeowsBlessing","Pen Nib","Frozen Egg 2","Centennial Puzzle","Golden Idol","Runic Pyramid","Enchiridion","Nunchaku","Anchor","Regal Pillow"],"potions_floor_usage":[24,24,29,33],"damage_taken":[{"damage":0.0,"enemies":"Jaw Worm","floor":1.0,"turns":1.0},{"damage":0.0,"enemies":"Cultist","floor":5.0,"turns":1.0},{"damage":0.0,"enemies":"Lagavulin","floor":6.0,"turns":1.0},{"damage":44.0,"enemies":"Gremlin Nob","floor":10.0,"turns":4.0},{"damage":3.0,"enemies":"2 Louse","floor":13.0,"turns":3.0},{"damage":3.0,"enemies":"The Guardian","floor":16.0,"turns":8.0},{"damage":12.0,"enemies":"Shell Parasite","floor":18.0,"turns":6.0},{"damage":5,"enemies":"Gremlin Leader","floor":24,"turns":6},{"damage":10,"enemies":"Slavers","floor":29,"turns":5},{"damage":1,"enemies":"Chosen","floor":30,"turns":4},{"damage":25,"enemies":"Collector","floor":33,"turns":9}],"seed_played":"5547814927854999459","potions_obtained":[{"floor":6.0,"key":"GamblersBrew"},{"floor":10.0,"key":"Dexterity Potion"},{"floor":30,"key":"Energy Potion"}],"is_trial":false,"path_per_floor":["M","$","?","$","M","E","R","$","T","E","$","R","M","?","R","B",null,"M","$","?","?","?","R","E","R","T","R","$","E","M","?","R","B"],"character_chosen":"THE_SILENT","items_purchased":["Caltrops","Predator","Fire Potion","Explosive Potion","PowerPotion","Deadly Poison","Regen Potion","Poisoned Stab"],"campfire_rested":2,"item_purchase_floors":[2,8,11,19,19,19,28,28],"current_hp_per_floor":[59,59,59,59,59,59,59,59,59,15,15,34,31,31,31,28,52,40,40,30,9,9,9,4,13,13,13,13,18,17,17,17,0],"gold":65,"neow_bonus":"THREE_ENEMY_KILL","is_prod":false,"is_daily":false,"chose_seed":false,"campfire_upgraded":5,"win_rate":0,"timestamp":1551187480,"path_taken":["M","$","?","$","M","E","R","$","T","E","?","R","M","?","R","BOSS","M","$","?","?","?","R","E","R","T","R","?","E","M","?","R","BOSS"],"build_version":"2019-01-23","purchased_purges":0,"victory":false,"max_hp_per_floor":[66,66,66,66,66,66,66,66,66,66,66,66,66,60,60,60,60,60,60,30,30,30,30,30,30,30,30,30,30,30,30,30,30],"card_choices":[{"not_picked":["Underhanded Strike","Bane","Prepared"],"picked":"SKIP","floor":1.0},{"not_picked":["Calculated Gamble","Blur"],"picked":"Adrenaline","floor":5.0},{"not_picked":["Concentrate","Skewer"],"picked":"Deadly Poison","floor":6.0},{"not_picked":["Backflip","Dagger Spray"],"picked":"Caltrops+1","floor":10.0},{"not_picked":["Terror","All Out Attack","Backflip"],"picked":"SKIP","floor":13.0},{"not_picked":["Tools of the Trade+1","Storm of Steel"],"picked":"Malaise","floor":16.0},{"not_picked":["Acrobatics","Riddle With Holes"],"picked":"Flying Knee+1","floor":18.0},{"not_picked":["Prepared","Deadly Poison","Predator"],"picked":"SKIP","floor":24},{"not_picked":["Eviscerate","Prepared"],"picked":"PiercingWail","floor":29},{"not_picked":["Concentrate","Quick Slash"],"picked":"Dagger Spray","floor":30}],"player_experience":1348846,"relics_obtained":[{"floor":6.0,"key":"Pen Nib"},{"floor":9.0,"key":"Frozen Egg 2"},{"floor":10.0,"key":"Centennial Puzzle"},{"floor":21.0,"key":"Enchiridion"},{"floor":24,"key":"Nunchaku"},{"floor":26,"key":"Anchor"},{"floor":29,"key":"Regal Pillow"}],"event_choices":[{"cards_removed":["Strike_G"],"damage_healed":0.0,"max_hp_gain":0.0,"max_hp_loss":0.0,"gold_gain":0.0,"event_name":"Purifier","player_choice":"Purged","floor":3.0,"gold_loss":0.0,"damage_taken":0.0},{"damage_healed":0.0,"max_hp_gain":0.0,"max_hp_loss":6.0,"gold_gain":0.0,"event_name":"Golden Idol","player_choice":"Lose Max HP","floor":14.0,"gold_loss":0.0,"damage_taken":0.0,"relics_obtained":["Golden Idol"]},{"damage_healed":0.0,"max_hp_gain":0.0,"max_hp_loss":30.0,"gold_gain":0.0,"event_name":"Ghosts","player_choice":"Became a Ghost","floor":20.0,"gold_loss":0.0,"damage_taken":0.0,"cards_obtained":["Ghostly","Ghostly","Ghostly"]},{"damage_healed":0.0,"max_hp_gain":0.0,"max_hp_loss":0.0,"gold_gain":0.0,"event_name":"Cursed Tome","player_choice":"Obtained Book","floor":21.0,"gold_loss":0.0,"damage_taken":21.0},{"damage_healed":0.0,"max_hp_gain":0.0,"max_hp_loss":0.0,"gold_gain":50.0,"event_name":"Nest","player_choice":"Stole From Cult","floor":22.0,"gold_loss":0.0,"damage_taken":0.0},{"damage_healed":0,"gold_gain":0,"player_choice":"Ignored","damage_taken":0,"max_hp_gain":0,"max_hp_loss":0,"event_name":"The Mausoleum","floor":31,"gold_loss":0}],"is_beta":false,"boss_relics":[{"not_picked":["Velvet Choker","Fusion Hammer"],"picked":"Runic Pyramid"}],"items_purged_floors":[],"is_endless":false,"potions_floor_spawned":[6,10,13,30],"killed_by":"Collector","ascension_level":20}