{"gold_per_floor":[216,236,255,330,19,45,45,45,45,45,65,80,93,109,109,214,214,228,143,166,166,180,180,209,228,228,248,248,259,277,293,293,396,396,415,426,426,46,0,0,15,47,47,47,47,82,82,101,101,101],"floor_reached":51,"playtime":1891,"items_purged":[],"score":756,"play_id":"6245da26-34d8-4970-96dd-f8fced861eee","local_time":"20181030102715","is_ascension_mode":false,"campfire_choices":[{"data":"Limit Break","floor":7,"key":"SMITH"},{"data":"Clothesline","floor":10,"key":"SMITH"},{"data":"Shockwave","floor":15,"key":"SMITH"},{"data":"True Grit","floor":23,"key":"SMITH"},{"data":"Cleave","floor":28,"key":"SMITH"},{"data":"Shrug It Off","floor":32,"key":"SMITH"},{"data":"Apotheosis","floor":40,"key":"SMITH"},{"floor":47,"key":"REST"},{"data":"Whirlwind","floor":49,"key":"SMITH"}],"neow_cost":"NONE","seed_source_timestamp":496704799056046,"circlet_count":0,"master_deck":["Strike_R+1","Strike_R+1","Strike_R+1","Defend_R+1","Defend_R+1","Defend_R+1","Defend_R+1","Bash","Thunderclap","Spot Weakness","Clothesline+1","Limit Break+1","Spot Weakness","Regret","Shrug It Off+1","Shockwave+1","Cleave+1","Impervious","True Grit+1","Headbutt+1","Seeing Red+1","Battle Trance+1","Demon Form","Warcry+1","Sword Boomerang+1","Apotheosis+1","Pummel","Reaper","Pummel+1","Heavy Blade+1","Flex+1","Whirlwind+1"],"relics":["Burning Blood","Bag of Marbles","Pear","Lantern","Anchor","Sozu","Orichalcum","Vajra","Bronze Scales","Bottled Lightning","Empty Cage","Juzu Bracelet","Red Mask","Strawberry","Self Forming Clay","Potion Belt","Ancient Tea Set"],"potions_floor_usage":[16,33],"damage_taken":[{"damage":5,"enemies":"Cultist","floor":1,"turns":4},{"damage":5,"enemies":"Jaw Worm","floor":2,"turns":5},{"damage":5,"enemies":"Small Slimes","floor":3,"turns":3},{"damage":26,"enemies":"Lagavulin","floor":6,"turns":6},{"damage":9,"enemies":"Exordium Wildlife","floor":11,"turns":3},{"damage":16,"enemies":"2 Fungi Beasts","floor":12,"turns":4},{"damage":2,"enemies":"Blue Slaver","floor":13,"turns":2},{"damage":0,"enemies":"Looter","floor":14,"turns":2},{"damage":27,"enemies":"The Guardian","floor":16,"turns":12},{"damage":10,"enemies":"Spheric Guardian","floor":18,"turns":3},{"damage":0,"enemies":"Shell Parasite","floor":22,"turns":3},{"damage":19,"enemies":"Book of Stabbing","floor":24,"turns":6},{"damage":8,"enemies":"Cultist and Chosen","floor":25,"turns":6},{"damage":4,"enemies":"Chosen and Byrds","floor":27,"turns":4},{"damage":12,"enemies":"Snake Plant","floor":29,"turns":4},{"damage":2,"enemies":"Shelled Parasite and Fungi","floor":30,"turns":4},{"damage":9,"enemies":"3 Cultists","floor":31,"turns":5},{"damage":32,"enemies":"Automaton","floor":33,"turns":7},{"damage":12,"enemies":"3 Shapes","floor":35,"turns":4},{"damage":28,"enemies":"3 Darklings","floor":36,"turns":4},{"damage":4,"enemies":"Spire Growth","floor":41,"turns":4},{"damage":37,"enemies":"Nemesis","floor":42,"turns":3},{"damage":36,"enemies":"Reptomancer","floor":46,"turns":6},{"damage":9,"enemies":"Transient","floor":48,"turns":5},{"damage":58,"enemies":"Donu and Deca","floor":50,"turns":6}],"seed_played":"-6909794834228818021","potions_obtained":[{"floor":1,"key":"FearPotion"},{"floor":2,"key":"PowerPotion"},{"floor":3,"key":"Dexterity Potion"}],"is_trial":false,"path_per_floor":["M","M","M","?","$","E","R","?","T","R","M","M","M","M","R","B",null,"M","?","T","?","M","R","E","M","T","M","R","M","M","M","R","B",null,"M","M","?","$","?","R","M","E","T","?","T","E","R","M","R","B"],"character_chosen":"IRONCLAD","items_purchased":["Bag of Marbles","Limit Break","Pummel","Reaper","Juzu Bracelet"],"campfire_rested":1,"item_purchase_floors":[5,5,38,38,38],"current_hp_per_floor":[80,80,80,69,69,59,59,59,59,59,56,46,50,56,56,35,90,86,86,86,86,90,90,77,75,75,77,77,71,75,72,72,46,90,84,62,62,62,62,62,64,40,40,85,85,55,80,85,85,33],"gold":101,"neow_bonus":"HUNDRED_GOLD","is_prod":false,"is_daily":false,"chose_seed":false,"campfire_upgraded":8,"win_rate":0,"timestamp":1540891635,"path_taken":["M","M","M","?","$","E","R","?","T","R","M","M","M","M","R","BOSS","M","?","?","?","M","R","E","M","T","M","R","M","M","?","R","BOSS","M","M","?","?","?","R","M","E","T","?","?","E","R","M","R","BOSS"],"build_version":"2018-10-25v2","purchased_purges":0,"victory":true,"max_hp_per_floor":[80,80,80,80,80,90,90,90,90,90,90,90,90,90,90,90,90,90,90,90,90,90,90,90,90,90,90,90,90,90,90,90,90,90,90,90,90,90,90,90,90,97,97,85,85,85,85,85,85,85],"card_choices":[{"not_picked":["Pommel Strike","Carnage"],"picked":"Thunderclap","floor":1},{"not_picked":["Infernal Blade","Iron Wave"],"picked":"Spot Weakness","floor":2},{"not_picked":["Anger","Sentinel"],"picked":"Clothesline","floor":3},{"not_picked":["Twin Strike","Headbutt"],"picked":"Spot Weakness","floor":6},{"not_picked":["Clash","Iron Wave"],"picked":"Shrug It Off","floor":11},{"not_picked":["Infernal Blade","Anger"],"picked":"Shockwave","floor":12},{"not_picked":["Offering","Pommel Strike"],"picked":"Cleave","floor":13},{"not_picked":["Searing Blow","Intimidate","Clothesline"],"picked":"SKIP","floor":14},{"not_picked":["Juggernaut","Barricade"],"picked":"Impervious","floor":16},{"not_picked":["Armaments","Ghostly Armor","Anger"],"picked":"SKIP","floor":18},{"not_picked":["Second Wind+1","Clothesline"],"picked":"True Grit","floor":22},{"not_picked":["Body Slam+1","Feel No Pain","Second Wind"],"picked":"SKIP","floor":24},{"not_picked":["Iron Wave+1","Barricade","Clash"],"picked":"SKIP","floor":25},{"not_picked":["Cleave","Headbutt","Wild Strike+1"],"picked":"SKIP","floor":27},{"not_picked":["Warcry","True Grit"],"picked":"Headbutt+1","floor":29},{"not_picked":["Hemokinesis","Sword Boomerang"],"picked":"Seeing Red+1","floor":30},{"not_picked":["Wild Strike","Twin Strike"],"picked":"Battle Trance+1","floor":31},{"not_picked":["Dark Embrace","Juggernaut"],"picked":"Demon Form","floor":33},{"not_picked":["Headbutt","Havoc"],"picked":"Warcry+1","floor":35},{"not_picked":["Iron Wave+1","Flex"],"picked":"Sword Boomerang+1","floor":36},{"not_picked":["PanicButton","Sadistic Nature"],"picked":"Apotheosis","floor":37},{"not_picked":["Shrug It Off","Intimidate+1"],"picked":"Pummel+1","floor":41},{"not_picked":["Sword Boomerang","Iron Wave"],"picked":"Heavy Blade+1","floor":42},{"not_picked":["Spot Weakness+1","Second Wind+1"],"picked":"Flex+1","floor":46},{"not_picked":["Cleave+1","Warcry+1"],"picked":"Whirlwind","floor":48}],"player_experience":625699,"relics_obtained":[{"floor":6,"key":"Pear"},{"floor":9,"key":"Anchor"},{"floor":20,"key":"Vajra"},{"floor":24,"key":"Bronze Scales"},{"floor":26,"key":"Bottled Lightning"},{"floor":42,"key":"Strawberry"},{"floor":43,"key":"Self Forming Clay"},{"floor":45,"key":"Potion Belt"},{"floor":46,"key":"Ancient Tea Set"}],"event_choices":[{"damage_healed":0,"gold_gain":75,"player_choice":"Gather Gold","damage_taken":11,"max_hp_gain":0,"max_hp_loss":0,"event_name":"World of Goop","floor":4,"gold_loss":0},{"damage_healed":0,"gold_gain":0,"player_choice":"Box","damage_taken":0,"relics_obtained":["Lantern"],"max_hp_gain":0,"max_hp_loss":0,"event_name":"Big Fish","floor":8,"gold_loss":0,"cards_obtained":["Regret"]},{"damage_healed":0,"gold_gain":0,"player_choice":"Obtained Relic","damage_taken":0,"relics_obtained":["Orichalcum"],"max_hp_gain":0,"max_hp_loss":0,"event_name":"Addict","floor":19,"gold_loss":85},{"damage_healed":0,"gold_gain":0,"player_choice":"Simplicity","damage_taken":0,"max_hp_gain":0,"max_hp_loss":0,"event_name":"Back to Basics","floor":21,"gold_loss":0,"cards_upgraded":["Strike_R","Strike_R","Strike_R","Strike_R","Strike_R","Defend_R","Defend_R","Defend_R","Defend_R"]},{"damage_healed":0,"gold_gain":0,"player_choice":"Memory 1","damage_taken":0,"max_hp_gain":0,"max_hp_loss":0,"event_name":"SensoryStone","floor":37,"gold_loss":0},{"damage_healed":0,"gold_gain":0,"player_choice":"Paid","damage_taken":0,"relics_obtained":["Red Mask"],"max_hp_gain":0,"max_hp_loss":0,"event_name":"Tomb of Lord Red Mask","floor":39,"gold_loss":46},{"damage_healed":85,"gold_gain":0,"player_choice":"Heal","damage_taken":0,"max_hp_gain":0,"max_hp_loss":12,"event_name":"The Moai Head","floor":44,"gold_loss":0}],"is_beta":false,"boss_relics":[{"not_picked":["Black Star","Runic Pyramid"],"picked":"Sozu"},{"not_picked":["Lizard Tail","Philosopher\u0027s Stone"],"picked":"Empty Cage"}],"items_purged_floors":[],"is_endless":false,"potions_floor_spawned":[1,2,3,12,13,18,24,25,30,41,42],"ascension_level":0}