{"gold_per_floor":[116,136,151,36,36,36,67,126,126,139,139,155,184,184,184,289,289,275,2,12,12,12,12,45,45,45,74,74,90,101,111,111,111],"floor_reached":33,"playtime":1547,"items_purged":["Strike_B"],"score":497,"play_id":"8613c9ef-4543-403d-b387-8c2f2ac7095f","local_time":"20190420165153","is_ascension_mode":true,"campfire_choices":[{"data":"Rip and Tear","floor":6,"key":"SMITH"},{"floor":11,"key":"REST"},{"data":"Biased Cognition","floor":15,"key":"SMITH"},{"floor":23,"key":"REST"},{"data":"Buffer","floor":28,"key":"SMITH"},{"data":"Consume","floor":32,"key":"SMITH"}],"neow_cost":"NONE","seed_source_timestamp":10587711270569,"circlet_count":0,"master_deck":["AscendersBane","Strike_B","Strike_B","Strike_B","Defend_B","Defend_B","Defend_B","Defend_B","Zap+1","Dualcast","BootSequence","Conserve Battery","Biased Cognition+1","Lockon","Rip and Tear+1","Ball Lightning","Undo","Leap","Self Repair","Thunder Strike","Reinforced Body","Necronomicurse","Buffer+1","Auto Shields+1","Steam+1","Hologram","Consume+1"],"relics":["Cracked Core","Mummified Hand","Shuriken","DataDisk","Eternal Feather","Oddly Smooth Stone","Necronomicon","Gremlin Horn","Kunai","FossilizedHelix"],"potions_floor_usage":[8,10,13,14,16,16,24,30,33,33],"damage_taken":[{"damage":12,"enemies":"Small Slimes","floor":1,"turns":4},{"damage":0,"enemies":"2 Louse","floor":2,"turns":2},{"damage":1,"enemies":"Cultist","floor":3,"turns":4},{"damage":29,"enemies":"Gremlin Nob","floor":7,"turns":4},{"damage":12,"enemies":"Gremlin Nob","floor":8,"turns":3},{"damage":0,"enemies":"2 Fungi Beasts","floor":10,"turns":2},{"damage":1,"enemies":"Looter","floor":12,"turns":3},{"damage":23,"enemies":"3 Sentries","floor":13,"turns":8},{"damage":6,"enemies":"Slime Boss","floor":16,"turns":6},{"damage":20,"enemies":"2 Thieves","floor":18,"turns":4},{"damage":8,"enemies":"Shell Parasite","floor":20,"turns":5},{"damage":3,"enemies":"Gremlin Leader","floor":24,"turns":6},{"damage":39,"enemies":"Book of Stabbing","floor":27,"turns":5},{"damage":16,"enemies":"Centurion and Healer","floor":29,"turns":8},{"damage":0,"enemies":"Snake Plant","floor":30,"turns":5},{"damage":0,"enemies":"Snecko","floor":31,"turns":4},{"damage":80,"enemies":"Collector","floor":33,"turns":12}],"seed_played":"8952506666622190036","potions_obtained":[{"floor":1,"key":"Strength Potion"},{"floor":3,"key":"EssenceOfSteel"},{"floor":8,"key":"Explosive Potion"},{"floor":10,"key":"SkillPotion"},{"floor":13,"key":"Strength Potion"},{"floor":14,"key":"Fruit Juice"},{"floor":14,"key":"SteroidPotion"},{"floor":27,"key":"Swift Potion"},{"floor":29,"key":"Energy Potion"},{"floor":31,"key":"FocusPotion"}],"is_trial":false,"path_per_floor":["M","M","M","$","?","R","E","?","T","M","R","M","E","?","R","B",null,"M","$","M","?","?","R","E","?","T","E","R","M","M","M","R","B"],"character_chosen":"DEFECT","items_purchased":["Lockon","Rip and Tear","Oddly Smooth Stone","Explosive Potion"],"campfire_rested":2,"item_purchase_floors":[4,4,19,19],"current_hp_per_floor":[56,56,55,55,60,60,31,19,19,19,43,42,19,24,24,25,70,57,57,56,40,24,63,67,67,67,35,47,38,45,45,60,0],"gold":111,"neow_bonus":"UPGRADE_CARD","is_prod":false,"is_daily":false,"chose_seed":false,"campfire_upgraded":4,"win_rate":0,"timestamp":1555789913,"path_taken":["M","M","M","$","?","R","E","?","T","M","R","M","E","?","R","BOSS","M","$","M","?","?","R","E","?","T","E","R","M","M","M","R","BOSS"],"build_version":"2019-01-23","purchased_purges":1,"victory":false,"max_hp_per_floor":[75,75,75,75,80,80,80,80,80,80,80,80,80,85,85,85,85,85,85,85,85,90,90,90,90,90,90,90,90,90,90,90,90],"card_choices":[{"not_picked":["Storm","Leap"],"picked":"BootSequence","floor":1},{"not_picked":["Coolheaded","Rebound"],"picked":"Conserve Battery","floor":2},{"not_picked":["Turbo","Fusion"],"picked":"Biased Cognition","floor":3},{"not_picked":["Turbo","Barrage"],"picked":"Ball Lightning","floor":7},{"not_picked":["Steam","Redo"],"picked":"Undo","floor":10},{"not_picked":["Stack","Static Discharge"],"picked":"Leap","floor":12},{"not_picked":["Doom and Gloom","Compile Driver"],"picked":"Self Repair","floor":13},{"not_picked":["Buffer","Echo Form"],"picked":"Thunder Strike","floor":16},{"not_picked":["Streamline","Cold Snap","Turbo"],"picked":"SKIP","floor":18},{"not_picked":["Cold Snap","Leap"],"picked":"Reinforced Body","floor":20},{"not_picked":["Stack","Glacier"],"picked":"Buffer","floor":24},{"not_picked":["Conserve Battery","FTL"],"picked":"Auto Shields+1","floor":27},{"not_picked":["Compile Driver","Reinforced Body"],"picked":"Steam+1","floor":29},{"not_picked":["Darkness","Barrage"],"picked":"Hologram","floor":30},{"not_picked":["Rebound","Sweeping Beam"],"picked":"Consume","floor":31}],"player_experience":688261,"relics_obtained":[{"floor":7,"key":"Mummified Hand"},{"floor":9,"key":"Shuriken"},{"floor":13,"key":"DataDisk"},{"floor":21,"key":"Necronomicon"},{"floor":24,"key":"Gremlin Horn"},{"floor":26,"key":"Kunai"},{"floor":27,"key":"FossilizedHelix"}],"event_choices":[{"damage_healed":0,"gold_gain":0,"player_choice":"Donut","damage_taken":0,"max_hp_gain":5,"max_hp_loss":0,"event_name":"Big Fish","floor":5,"gold_loss":0},{"damage_healed":0,"gold_gain":0,"player_choice":"Searched \u00272\u0027 times","damage_taken":0,"max_hp_gain":0,"max_hp_loss":0,"event_name":"Dead Adventurer","floor":8,"gold_loss":0},{"damage_healed":0,"gold_gain":0,"player_choice":"Got Potions","damage_taken":0,"max_hp_gain":0,"max_hp_loss":0,"event_name":"Lab","floor":14,"gold_loss":0},{"damage_healed":0,"gold_gain":0,"player_choice":"Obtained Book","damage_taken":16,"max_hp_gain":0,"max_hp_loss":0,"event_name":"Cursed Tome","floor":21,"gold_loss":0},{"damage_healed":0,"gold_gain":0,"player_choice":"Shed Blood","damage_taken":21,"max_hp_gain":5,"max_hp_loss":0,"event_name":"Forgotten Altar","floor":22,"gold_loss":0},{"damage_healed":0,"gold_gain":0,"player_choice":"Ignored","damage_taken":0,"max_hp_gain":0,"max_hp_loss":0,"event_name":"WeMeetAgain","floor":25,"gold_loss":0}],"is_beta":false,"boss_relics":[{"not_picked":["Runic Pyramid","Runic Dome"],"picked":"Eternal Feather"}],"items_purged_floors":[19],"is_endless":false,"potions_floor_spawned":[1,3,8,10,13,27,29,31],"killed_by":"Collector","ascension_level":12}