{"gold_per_floor":[119,136,136,136,136,166,166,198,198,131,151,151,151],"floor_reached":13,"playtime":339,"items_purged":[],"score":96,"play_id":"2ea62fdc-70c3-4ea6-9f83-74b9832ee05e","local_time":"20190306235326","is_ascension_mode":true,"campfire_choices":[{"data":"Bash","floor":7,"key":"SMITH"}],"neow_cost":"NONE","seed_source_timestamp":22213051100958,"circlet_count":0,"master_deck":["Strike_R","Strike_R","Strike_R","Strike_R","Strike_R","Defend_R","Defend_R","Defend_R","Defend_R","Bash+1","Burning Pact","Shockwave"],"relics":["Mark of Pain","Unceasing Top","Kunai","Mummified Hand"],"potions_floor_usage":[6,8],"damage_taken":[{"damage":0,"enemies":"Small Slimes","floor":1,"turns":4},{"damage":0,"enemies":"2 Louse","floor":2,"turns":2},{"damage":19,"enemies":"Gremlin Nob","floor":6,"turns":4},{"damage":41,"enemies":"Lagavulin","floor":8,"turns":6},{"damage":0,"enemies":"Cultist","floor":11,"turns":3},{"damage":29,"enemies":"Gremlin Nob","floor":13,"turns":4}],"seed_played":"5087128934067780304","potions_obtained":[{"floor":2,"key":"PowerPotion"},{"floor":6,"key":"SteroidPotion"}],"is_trial":false,"path_per_floor":["M","M","?","$","?","E","R","E","T","$","M","?","E"],"character_chosen":"IRONCLAD","items_purchased":["Shockwave"],"campfire_rested":0,"item_purchase_floors":[10],"current_hp_per_floor":[80,80,80,80,80,61,61,20,20,20,20,20,0],"gold":151,"neow_bonus":"BOSS_RELIC","is_prod":false,"is_daily":false,"chose_seed":false,"campfire_upgraded":1,"win_rate":0,"timestamp":1551941606,"path_taken":["M","M","?","$","?","E","R","E","T","$","M","?","E"],"build_version":"2019-01-23","purchased_purges":0,"victory":false,"max_hp_per_floor":[80,80,80,80,80,80,80,80,80,80,80,80,80],"card_choices":[{"not_picked":["Pommel Strike","Wild Strike","Blood for Blood"],"picked":"SKIP","floor":1},{"not_picked":["Pommel Strike","Wild Strike","Blood for Blood"],"picked":"SKIP","floor":1},{"not_picked":["Flex","Warcry","Corruption"],"picked":"SKIP","floor":2},{"not_picked":["Fire Breathing","Flex"],"picked":"Burning Pact","floor":6},{"not_picked":["Ghostly Armor","Anger","Cleave"],"picked":"SKIP","floor":8},{"not_picked":["Clash","Combust","Cleave"],"picked":"SKIP","floor":11}],"player_experience":789775,"relics_obtained":[{"floor":6,"key":"Unceasing Top"},{"floor":8,"key":"Kunai"},{"floor":9,"key":"Mummified Hand"}],"event_choices":[{"damage_healed":0,"gold_gain":0,"player_choice":"Leave","damage_taken":0,"max_hp_gain":0,"max_hp_loss":0,"event_name":"The Cleric","floor":3,"gold_loss":0},{"damage_healed":0,"gold_gain":0,"player_choice":"Ignored","damage_taken":0,"max_hp_gain":0,"max_hp_loss":0,"event_name":"Liars Game","floor":5,"gold_loss":0},{"damage_healed":0,"gold_gain":0,"player_choice":"0 cards matched","damage_taken":0,"max_hp_gain":0,"max_hp_loss":0,"event_name":"Match and Keep!","floor":12,"gold_loss":0,"cards_obtained":[]}],"is_beta":false,"boss_relics":[],"items_purged_floors":[],"is_endless":false,"potions_floor_spawned":[2,6],"killed_by":"Gremlin Nob","ascension_level":1}