{"gold_per_floor":[116,116,127,143,156,184,184,184,208,239,258,272,283,293,293,389,389,400,55,55,74,91,91],"floor_reached":23,"playtime":1926,"items_purged":[],"score":217,"play_id":"30ab4da0-db4c-47cb-ba31-71ccbb7f51d5","local_time":"20190319015633","is_ascension_mode":true,"campfire_choices":[{"data":"Bash","floor":7,"key":"SMITH"},{"floor":15,"key":"RECALL"}],"neow_cost":"NONE","seed_source_timestamp":15997453390708,"circlet_count":0,"master_deck":["Strike_R","Strike_R","Strike_R","Defend_R","Defend_R","Defend_R+1","Bash+1","Seeing Red","Metallicize","Iron Wave","Armaments+1","Uppercut","Cleave","Warcry","Infernal Blade","Cleave","Warcry","Double Tap+1","Headbutt+1","Rupture+1","Cleave+1","Whirlwind","Thunderclap","Combust"],"relics":["Burning Blood","War Paint","Potion Belt","Astrolabe","Ice Cream"],"potions_floor_usage":[6,6,16,16,18,18],"damage_taken":[{"damage":6,"enemies":"Small Slimes","floor":1,"turns":4},{"damage":0,"enemies":"2 Louse","floor":3,"turns":3},{"damage":12,"enemies":"Jaw Worm","floor":4,"turns":5},{"damage":7,"enemies":"Looter","floor":5,"turns":4},{"damage":31,"enemies":"Lagavulin","floor":6,"turns":12},{"damage":34,"enemies":"3 Sentries","floor":10,"turns":10},{"damage":0,"enemies":"Blue Slaver","floor":11,"turns":4},{"damage":0,"enemies":"Exordium Thugs","floor":12,"turns":4},{"damage":4,"enemies":"Looter","floor":13,"turns":3},{"damage":10,"enemies":"Red Slaver","floor":14,"turns":2},{"damage":35,"enemies":"Slime Boss","floor":16,"turns":11},{"damage":20,"enemies":"2 Thieves","floor":18,"turns":3},{"damage":14,"enemies":"Chosen","floor":21,"turns":5},{"damage":1,"enemies":"3 Cultists","floor":22,"turns":3},{"damage":54,"enemies":"Slavers","floor":23,"turns":3}],"seed_played":"-8609568880941565045","potions_obtained":[{"floor":3,"key":"Block Potion"},{"floor":4,"key":"Dexterity Potion"},{"floor":6,"key":"Weak Potion"},{"floor":10,"key":"Energy Potion"},{"floor":13,"key":"SteroidPotion"},{"floor":16,"key":"SteroidPotion"},{"floor":21,"key":"AttackPotion"}],"is_trial":false,"path_per_floor":["?","?","?"],"character_chosen":"IRONCLAD","items_purchased":["Whirlwind","Ice Cream"],"campfire_rested":0,"item_purchase_floors":[19,19],"current_hp_per_floor":[88,88,88,82,81,56,56,85,85,57,63,69,71,67,67,38,88,74,74,57,49,54,0],"gold":91,"neow_bonus":"TEN_PERCENT_HP_BONUS","is_prod":false,"is_daily":false,"chose_seed":false,"campfire_upgraded":1,"win_rate":0,"timestamp":1552935393,"path_taken":["M","?","M","M","M","E","R","?","T","E","M","M","M","M","R","BOSS","M","$","?","M","M","E"],"build_version":"2019-01-23","purchased_purges":0,"victory":false,"max_hp_per_floor":[88,88,88,88,88,88,88,88,88,88,88,88,88,88,88,88,88,88,88,93,93,93,93],"card_choices":[{"not_picked":["Iron Wave","Body Slam"],"picked":"Seeing Red","floor":1},{"not_picked":["Perfected Strike","Flame Barrier"],"picked":"Metallicize","floor":3},{"not_picked":["Twin Strike","Clothesline"],"picked":"Iron Wave","floor":4},{"not_picked":["Carnage","True Grit"],"picked":"Armaments","floor":5},{"not_picked":["Sever Soul","Carnage"],"picked":"Uppercut","floor":6},{"not_picked":["Body Slam","Havoc"],"picked":"Cleave","floor":10},{"not_picked":["Spot Weakness","Intimidate"],"picked":"Warcry","floor":11},{"not_picked":["Armaments","Feel No Pain"],"picked":"Infernal Blade","floor":12},{"not_picked":["Armaments","Combust"],"picked":"Cleave","floor":13},{"not_picked":["Anger","Seeing Red"],"picked":"Warcry","floor":14},{"not_picked":["Shrug It Off","Perfected Strike"],"picked":"Cleave+1","floor":18},{"not_picked":["Cleave","Clash"],"picked":"Thunderclap","floor":21},{"not_picked":["Seeing Red","Clothesline"],"picked":"Combust","floor":22}],"player_experience":75162,"relics_obtained":[{"floor":6,"key":"War Paint"},{"floor":10,"key":"Potion Belt"}],"event_choices":[{"damage_healed":0,"gold_gain":0,"player_choice":"Ignored","damage_taken":0,"max_hp_gain":0,"max_hp_loss":0,"event_name":"Liars Game","floor":2,"gold_loss":0},{"damage_healed":29,"gold_gain":0,"player_choice":"Banana","damage_taken":0,"max_hp_gain":0,"max_hp_loss":0,"event_name":"Big Fish","floor":8,"gold_loss":0},{"damage_healed":0,"gold_gain":0,"player_choice":"Shed Blood","damage_taken":22,"max_hp_gain":5,"max_hp_loss":0,"event_name":"Forgotten Altar","floor":20,"gold_loss":0}],"is_beta":false,"boss_relics":[{"not_picked":["Snecko Eye","Philosopher\u0027s Stone"],"picked":"Astrolabe"}],"items_purged_floors":[],"is_endless":false,"potions_floor_spawned":[3,4,6,10,13,16,21],"killed_by":"Slavers","ascension_level":1}