{"gold_per_floor":[118,118,132,132,145,173,203,203,227,247,247],"floor_reached":11,"playtime":167,"items_purged":[],"score":77,"play_id":"505ec2a7-0c27-4eb6-b39f-82d3d668ef04","local_time":"20190325023807","is_ascension_mode":true,"campfire_choices":[{"data":"Flex","floor":8,"key":"SMITH"}],"neow_cost":"NONE","seed_source_timestamp":537410391635600,"circlet_count":0,"master_deck":["Strike_R","Strike_R","Strike_R","Strike_R","Strike_R","Defend_R","Defend_R","Defend_R","Defend_R","Bash","Battle Trance","Flex","Sword Boomerang","Flex+1"],"relics":["Runic Cube"],"potions_floor_usage":[],"damage_taken":[{"damage":11,"enemies":"Jaw Worm","floor":1,"turns":3},{"damage":6,"enemies":"Cultist","floor":3,"turns":3},{"damage":5,"enemies":"2 Louse","floor":5,"turns":3},{"damage":35,"enemies":"3 Sentries","floor":6,"turns":7},{"damage":7,"enemies":"Blue Slaver","floor":10,"turns":2}],"seed_played":"6855430249798014693","potions_obtained":[{"floor":5,"key":"SneckoOil"},{"floor":10,"key":"Block Potion"}],"is_trial":false,"path_per_floor":["M","?","M","$","M","E","?","R","T","M","?"],"character_chosen":"IRONCLAD","items_purchased":[],"campfire_rested":0,"item_purchase_floors":[],"current_hp_per_floor":[69,69,63,63,58,23,23,23,23,16,0],"gold":247,"neow_bonus":"BOSS_RELIC","is_prod":false,"is_daily":false,"chose_seed":false,"campfire_upgraded":1,"win_rate":0,"timestamp":1553506687,"path_taken":["M","?","M","$","?","E","?","R","T","M","?"],"build_version":"2019-01-23","purchased_purges":0,"victory":false,"max_hp_per_floor":[80,80,80,80,80,80,80,80,80,80,80],"card_choices":[{"not_picked":["Clash","True Grit"],"picked":"Battle Trance","floor":1},{"not_picked":["Warcry","Anger"],"picked":"Flex","floor":3},{"not_picked":["Thunderclap","Burning Pact"],"picked":"Sword Boomerang","floor":5},{"not_picked":["Anger","Iron Wave"],"picked":"Flex","floor":6},{"not_picked":["Infernal Blade","Sword Boomerang","Cleave"],"picked":"SKIP","floor":10}],"player_experience":844849,"relics_obtained":[],"event_choices":[{"damage_healed":0,"gold_gain":0,"player_choice":"Bought 0 Potions","damage_taken":0,"max_hp_gain":0,"max_hp_loss":0,"event_name":"The Woman in Blue","floor":2,"gold_loss":0},{"damage_healed":0,"gold_gain":30,"player_choice":"Searched \u00271\u0027 times","damage_taken":0,"max_hp_gain":0,"max_hp_loss":0,"event_name":"Dead Adventurer","floor":7,"gold_loss":0}],"is_beta":false,"boss_relics":[],"items_purged_floors":[],"is_endless":false,"potions_floor_spawned":[5,10],"ascension_level":1}