{"gold_per_floor":[111,111,124,140,215,215,250,250,250,265,265,205,205,205,205,283,283,297,297],"floor_reached":19,"playtime":786,"items_purged":["Strike_B"],"score":272,"play_id":"eb61ef1e-92c0-4527-aceb-35de4b0a34b5","local_time":"20190421021746","is_ascension_mode":true,"campfire_choices":[{"data":"Go for the Eyes","floor":6,"key":"SMITH"},{"floor":8,"key":"REST"},{"data":"Zap","floor":13,"key":"SMITH"},{"data":"Dualcast","floor":15,"key":"SMITH"}],"neow_cost":"NONE","seed_source_timestamp":45293771068241,"circlet_count":0,"master_deck":["AscendersBane","Strike_B","Strike_B","Defend_B","Defend_B","Defend_B","Defend_B","Zap+1","Dualcast+1","Go for the Eyes+1","Cold Snap","Barrage+1","Compile Driver","Creative AI"],"relics":["Cracked Core","The Courier","Omamori","Mercury Hourglass","Busted Crown"],"potions_floor_usage":[7,18],"damage_taken":[{"damage":0,"enemies":"Small Slimes","floor":1,"turns":3},{"damage":1,"enemies":"2 Louse","floor":3,"turns":3},{"damage":2,"enemies":"Jaw Worm","floor":4,"turns":4},{"damage":34,"enemies":"3 Sentries","floor":7,"turns":11},{"damage":1,"enemies":"2 Fungi Beasts","floor":10,"turns":3},{"damage":9,"enemies":"Hexaghost","floor":16,"turns":9},{"damage":23,"enemies":"2 Thieves","floor":18,"turns":4},{"damage":41,"enemies":"Colosseum Slavers","floor":19,"turns":4}],"seed_played":"-2780144606559293546","potions_obtained":[{"floor":1,"key":"FearPotion"},{"floor":7,"key":"Explosive Potion"},{"floor":10,"key":"Block Potion"}],"is_trial":false,"path_per_floor":["M","?","M","M","?","R","E","R","T","M","?","$","R","?","R","B",null,"M","?"],"character_chosen":"DEFECT","items_purchased":[],"campfire_rested":1,"item_purchase_floors":[],"current_hp_per_floor":[75,63,62,60,49,49,15,39,39,38,31,31,31,31,31,22,67,44,3],"gold":297,"neow_bonus":"TEN_PERCENT_HP_BONUS","is_prod":false,"is_daily":false,"chose_seed":false,"campfire_upgraded":3,"win_rate":0,"timestamp":1555823866,"path_taken":["M","?","M","M","?","R","E","R","T","M","?","?","R","?","R","BOSS","M","?"],"build_version":"2019-01-23","purchased_purges":1,"victory":false,"max_hp_per_floor":[82,82,82,82,82,82,82,82,82,82,82,82,82,82,82,82,82,82,82],"card_choices":[{"not_picked":["Steam Power","Leap"],"picked":"Go for the Eyes","floor":1},{"not_picked":["Turbo","Coolheaded","Beam Cell"],"picked":"SKIP","floor":3},{"not_picked":["Rip and Tear","Creative AI"],"picked":"Cold Snap","floor":4},{"not_picked":["Conserve Battery","Blizzard"],"picked":"Barrage","floor":7},{"not_picked":["Reinforced Body","Stack"],"picked":"Compile Driver","floor":10},{"not_picked":["Rainbow","Multi-Cast"],"picked":"Creative AI","floor":16},{"not_picked":["Stack+1"],"picked":"SKIP","floor":18}],"player_experience":708325,"relics_obtained":[{"floor":7,"key":"Omamori"},{"floor":9,"key":"Mercury Hourglass"}],"event_choices":[{"damage_healed":0,"gold_gain":0,"player_choice":"Success","damage_taken":12,"relics_obtained":["The Courier"],"max_hp_gain":0,"max_hp_loss":0,"event_name":"Scrap Ooze","floor":2,"gold_loss":0},{"damage_healed":0,"gold_gain":75,"player_choice":"Gather Gold","damage_taken":11,"max_hp_gain":0,"max_hp_loss":0,"event_name":"World of Goop","floor":5,"gold_loss":0},{"cards_removed":["Strike_B"],"damage_healed":0,"gold_gain":0,"player_choice":"Card Removal","damage_taken":7,"max_hp_gain":0,"max_hp_loss":0,"event_name":"Golden Wing","floor":11,"gold_loss":0},{"damage_healed":0,"gold_gain":0,"player_choice":"Grow","damage_taken":0,"max_hp_gain":0,"max_hp_loss":0,"event_name":"Living Wall","floor":14,"gold_loss":0,"cards_upgraded":["Barrage"]},{"damage_healed":0,"gold_gain":0,"player_choice":"Fight","damage_taken":0,"max_hp_gain":0,"max_hp_loss":0,"event_name":"Colosseum","floor":19,"gold_loss":0}],"is_beta":false,"boss_relics":[{"not_picked":["Eternal Feather","Runic Pyramid"],"picked":"Busted Crown"}],"items_purged_floors":[12],"is_endless":false,"potions_floor_spawned":[1,7,10,16],"killed_by":"Colosseum Slavers","ascension_level":13}