{"gold_per_floor":[111,186,199,49,60,60,73,73,73,223,257,257,257,4,4,95,95,113,127,148,148,148,148,179,179,179,202,221,23,54,68,68,68],"floor_reached":33,"playtime":1384,"items_purged":["Strike_R"],"score":570,"play_id":"8b282c10-67b9-4fc7-a63b-14e57db32396","local_time":"20190205191215","is_ascension_mode":true,"campfire_choices":[{"data":"Whirlwind","floor":6,"key":"SMITH"},{"data":"Clothesline","floor":8,"key":"SMITH"},{"data":"Disarm","floor":15,"key":"SMITH"},{"data":"True Grit","floor":23,"key":"SMITH"},{"data":"Flame Barrier","floor":25,"key":"SMITH"},{"data":"Inflame","floor":32,"key":"SMITH"}],"neow_cost":"NONE","seed_source_timestamp":632253443083561,"circlet_count":0,"master_deck":["AscendersBane","Strike_R","Strike_R","Strike_R","Defend_R","Defend_R","Defend_R","Defend_R","Bash","Whirlwind+1","Inflame+1","Clothesline+1","Twin Strike","Doubt","Disarm+1","Reaper","True Grit+1","Flame Barrier+1","Cleave+1","Shrug It Off","Apotheosis","Feel No Pain+1"],"relics":["Burning Blood","Boot","Blue Candle","Gremlin Horn","Golden Idol","Medical Kit","Snecko Eye","Oddly Smooth Stone","Bottled Lightning","PreservedInsect"],"potions_floor_usage":[16,24,24,33],"damage_taken":[{"damage":4,"enemies":"Small Slimes","floor":1,"turns":4},{"damage":0,"enemies":"2 Louse","floor":3,"turns":1},{"damage":2,"enemies":"Cultist","floor":5,"turns":4},{"damage":12,"enemies":"Large Slime","floor":7,"turns":5},{"damage":35,"enemies":"Lagavulin","floor":11,"turns":7},{"damage":24,"enemies":"The Guardian","floor":16,"turns":12},{"damage":26,"enemies":"2 Thieves","floor":18,"turns":3},{"damage":27,"enemies":"Shell Parasite","floor":19,"turns":8},{"damage":15,"enemies":"Snecko","floor":20,"turns":10},{"damage":11,"enemies":"Book of Stabbing","floor":24,"turns":5},{"damage":1,"enemies":"Centurion and Healer","floor":27,"turns":7},{"damage":19,"enemies":"Snake Plant","floor":28,"turns":5},{"damage":10,"enemies":"Gremlin Leader","floor":30,"turns":6},{"damage":8,"enemies":"Snecko","floor":31,"turns":8},{"damage":87,"enemies":"Collector","floor":33,"turns":11}],"seed_played":"8751851799183331034","potions_obtained":[{"floor":1,"key":"Weak Potion"},{"floor":5,"key":"LiquidBronze"},{"floor":11,"key":"AttackPotion"},{"floor":19,"key":"Regen Potion"},{"floor":30,"key":"Poison Potion"},{"floor":31,"key":"SpeedPotion"}],"is_trial":false,"path_per_floor":["M","?","M","$","M","R","M","R","T","?","E","?","?","$","R","B",null,"M","M","M","?","?","R","E","R","T","M","M","$","E","M","R","B"],"character_chosen":"IRONCLAD","items_purchased":["Inflame","Disarm","Medical Kit","Apotheosis"],"campfire_rested":0,"item_purchase_floors":[4,14,14,29],"current_hp_per_floor":[70,59,65,65,69,69,63,63,63,63,34,34,34,34,34,16,55,45,28,24,24,24,24,42,42,42,57,50,50,53,57,57,0],"gold":68,"neow_bonus":"RANDOM_COMMON_RELIC","is_prod":false,"is_daily":false,"chose_seed":false,"campfire_upgraded":6,"win_rate":0,"timestamp":1549390335,"path_taken":["M","?","M","$","M","R","M","R","T","?","E","?","?","$","R","BOSS","M","M","?","?","?","R","E","R","T","?","M","$","E","?","R","BOSS"],"build_version":"2019-01-23","purchased_purges":1,"victory":false,"max_hp_per_floor":[75,75,75,75,75,75,75,75,75,75,75,68,68,68,68,68,68,68,68,68,68,68,68,68,68,68,68,68,68,68,68,68,68],"card_choices":[{"not_picked":["Headbutt","Twin Strike"],"picked":"Whirlwind","floor":1},{"not_picked":["Havoc","Clash","Searing Blow"],"picked":"SKIP","floor":3},{"not_picked":["Body Slam","Thunderclap"],"picked":"Clothesline","floor":5},{"not_picked":["Cleave","Warcry"],"picked":"Twin Strike","floor":7},{"not_picked":["Wild Strike","Clothesline","Searing Blow"],"picked":"SKIP","floor":11},{"not_picked":["Fiend Fire","Limit Break"],"picked":"Reaper","floor":16},{"not_picked":["Evolve","Combust","Rupture"],"picked":"SKIP","floor":18},{"not_picked":["Rampage","Thunderclap"],"picked":"True Grit","floor":19},{"not_picked":["Flex","Cleave"],"picked":"Flame Barrier","floor":20},{"not_picked":["True Grit","Twin Strike"],"picked":"Cleave+1","floor":24},{"not_picked":["Iron Wave","Clash"],"picked":"Shrug It Off","floor":27},{"not_picked":["Warcry","Body Slam","Dropkick"],"picked":"SKIP","floor":28},{"not_picked":["Warcry","Whirlwind+1","Clash"],"picked":"SKIP","floor":30},{"not_picked":["Bloodletting","Metallicize"],"picked":"Feel No Pain+1","floor":31}],"player_experience":1294856,"relics_obtained":[{"floor":9,"key":"Blue Candle"},{"floor":11,"key":"Gremlin Horn"},{"floor":24,"key":"Oddly Smooth Stone"},{"floor":26,"key":"Bottled Lightning"},{"floor":30,"key":"PreservedInsect"}],"event_choices":[{"damage_healed":0,"gold_gain":75,"player_choice":"Gather Gold","damage_taken":11,"max_hp_gain":0,"max_hp_loss":0,"event_name":"World of Goop","floor":2,"gold_loss":0},{"damage_healed":0,"gold_gain":150,"player_choice":"AGREE","damage_taken":0,"max_hp_gain":0,"max_hp_loss":0,"event_name":"Liars Game","floor":10,"gold_loss":0,"cards_obtained":["Doubt"]},{"damage_healed":0,"gold_gain":0,"player_choice":"Lose Max HP","damage_taken":0,"relics_obtained":["Golden Idol"],"max_hp_gain":0,"max_hp_loss":7,"event_name":"Golden Idol","floor":12,"gold_loss":0},{"cards_removed":["Strike_R"],"damage_healed":0,"gold_gain":0,"player_choice":"Offered Basic","damage_taken":0,"max_hp_gain":0,"max_hp_loss":0,"event_name":"Bonfire Elementals","floor":13,"gold_loss":0},{"damage_healed":0,"gold_gain":0,"player_choice":"Ignored","damage_taken":0,"max_hp_gain":0,"max_hp_loss":0,"event_name":"Ghosts","floor":21,"gold_loss":0},{"damage_healed":0,"gold_gain":0,"player_choice":"Ignored","damage_taken":0,"max_hp_gain":0,"max_hp_loss":0,"event_name":"Vampires","floor":22,"gold_loss":0}],"is_beta":false,"boss_relics":[{"not_picked":["Coffee Dripper","Black Blood"],"picked":"Snecko Eye"}],"items_purged_floors":[4],"is_endless":false,"potions_floor_spawned":[1,5,11,19,30,31],"killed_by":"Collector","ascension_level":20}