{"gold_per_floor":[13,13,13,25,40,58,58,84,108,133,58,87,87,105,105,184,184,202,202,202,216,231,231,243,243,243,274,52,52,67,67,67,143,143,157,177,177,193,104,104,134,134,134,134,134,147,68,82,82,82],"floor_reached":51,"playtime":2404,"items_purged":[],"score":1444,"play_id":"6803893a-912c-4251-8ac3-8b1980b64a0f","local_time":"20181227142134","is_ascension_mode":true,"campfire_choices":[{"data":"Uppercut","floor":7.0,"key":"SMITH"},{"data":"True Grit","floor":13.0,"key":"SMITH"},{"floor":15.0,"key":"REST"},{"data":"Immolate","floor":23.0,"key":"SMITH"},{"data":"True Grit","floor":25.0,"key":"SMITH"},{"data":"Whirlwind","floor":29.0,"key":"SMITH"},{"floor":32.0,"key":"DIG"},{"floor":40.0,"key":"REST"},{"floor":45.0,"key":"DIG"},{"floor":49.0,"key":"REST"}],"neow_cost":"NO_GOLD","seed_source_timestamp":0,"circlet_count":0,"master_deck":["AscendersBane","Defend_R","Defend_R","Defend_R","Defend_R","Pommel Strike","True Grit+1","Uppercut+1","Headbutt","Metallicize","Warcry","Immolate+1","Feel No Pain","Flame Barrier","Demon Form","Armaments+1","True Grit+1","Whirlwind+1","Juggernaut","Body Slam","Pummel","Evolve","Blind","Shrug It Off","Sword Boomerang"],"special_seed":0,"relics":["Burning Blood","Omamori","Ancient Tea Set","Vajra","Thread and Needle","Velvet Choker","Shovel","Mercury Hourglass","Bag of Preparation","PreservedInsect","Sozu","Oddly Smooth Stone","Bronze Scales","Dodecahedron"],"potions_floor_usage":[50],"damage_taken":[{"damage":5.0,"enemies":"Small Slimes","floor":1.0,"turns":4.0},{"damage":1.0,"enemies":"Cultist","floor":4.0,"turns":4.0},{"damage":0.0,"enemies":"2 Louse","floor":5.0,"turns":2.0},{"damage":4.0,"enemies":"2 Fungi Beasts","floor":6.0,"turns":3.0},{"damage":9.0,"enemies":"Gremlin Nob","floor":8.0,"turns":4.0},{"damage":40.0,"enemies":"3 Sentries","floor":10.0,"turns":11.0},{"damage":3.0,"enemies":"Gremlin Nob","floor":12.0,"turns":3.0},{"damage":24.0,"enemies":"Gremlin Gang","floor":14.0,"turns":5.0},{"damage":9.0,"enemies":"The Guardian","floor":16.0,"turns":10.0},{"damage":15.0,"enemies":"3 Byrds","floor":18.0,"turns":3.0},{"damage":1.0,"enemies":"Shell Parasite","floor":21.0,"turns":9.0},{"damage":8.0,"enemies":"3 Cultists","floor":22.0,"turns":5.0},{"damage":1.0,"enemies":"Centurion and Healer","floor":24.0,"turns":6.0},{"damage":0.0,"enemies":"Slavers","floor":27.0,"turns":3.0},{"damage":2.0,"enemies":"Snake Plant","floor":30.0,"turns":4.0},{"damage":34.0,"enemies":"Collector","floor":33.0,"turns":7.0},{"damage":0.0,"enemies":"Orb Walker","floor":35.0,"turns":3.0},{"damage":12.0,"enemies":"3 Darklings","floor":36.0,"turns":3.0},{"damage":53.0,"enemies":"Spire Growth","floor":38.0,"turns":5.0},{"damage":0.0,"enemies":"Reptomancer","floor":41.0,"turns":2.0},{"damage":10.0,"enemies":"Maw","floor":46.0,"turns":7.0},{"damage":28.0,"enemies":"4 Shapes","floor":48.0,"turns":2.0},{"damage":44,"enemies":"Awakened One","floor":50,"turns":18}],"seed_played":"412671163399409290","potions_obtained":[{"floor":1.0,"key":"Weak Potion"},{"floor":6.0,"key":"Block Potion"},{"floor":10.0,"key":"Energy Potion"},{"floor":14.0,"key":"Strength Potion"},{"floor":16.0,"key":"AttackPotion"},{"floor":24.0,"key":"AttackPotion"},{"floor":27.0,"key":"Fire Potion"}],"is_trial":false,"path_per_floor":["M","$","?","M","M","M","R","E","T","E","?","E","R","M","R","B",null,"M","?","?","M","M","R","M","R","T","E","$","R","M","?","R","B",null,"M","M","?","M","$","R","E","?","T","?","R","M","$","M","R","B",null],"character_chosen":"IRONCLAD","items_purchased":["Bag of Preparation","FearPotion","Pummel","Shrug It Off","Sword Boomerang"],"campfire_rested":3,"item_purchase_floors":[28,28,39,47,47],"current_hp_per_floor":[69,69,58,63,69,71,71,68,68,34,34,37,37,19,41,38,66,57,57,57,62,60,60,65,65,65,71,71,71,75,75,75,47,68,74,68,68,21,21,43,49,49,49,49,49,45,45,23,45,7],"gold":82,"neow_bonus":"TRANSFORM_TWO_CARDS","is_prod":false,"is_daily":false,"chose_seed":false,"campfire_upgraded":5,"win_rate":0,"timestamp":1545916894,"path_taken":["M","$","?","M","M","?","R","E","T","E","?","E","R","M","R","BOSS","M","?","?","M","M","R","M","R","T","E","$","R","M","?","R","BOSS","M","?","?","?","$","R","E","?","T","?","R","M","$","M","R","BOSS"],"build_version":"2018-12-20","purchased_purges":0,"victory":true,"max_hp_per_floor":[75,75,75,75,75,75,75,75,75,75,75,75,75,75,75,75,75,75,75,75,75,75,75,75,75,75,75,75,75,75,75,75,75,75,75,75,75,75,75,75,75,75,75,75,75,75,75,75,75,75],"card_choices":[{"not_picked":["Second Wind","Havoc"],"picked":"True Grit","floor":1.0},{"not_picked":["Body Slam","Thunderclap"],"picked":"Uppercut","floor":4.0},{"not_picked":["True Grit","Wild Strike"],"picked":"Headbutt","floor":5.0},{"not_picked":["Combust","Ghostly Armor"],"picked":"Metallicize","floor":6.0},{"not_picked":["Perfected Strike","Infernal Blade","Pummel"],"picked":"SKIP","floor":8.0},{"not_picked":["Uppercut","Seeing Red"],"picked":"Warcry","floor":10.0},{"not_picked":["Dropkick","Uppercut","Bludgeon"],"picked":"SKIP","floor":12.0},{"not_picked":["Clash","Twin Strike","Infernal Blade"],"picked":"SKIP","floor":14.0},{"not_picked":["Barricade","Dark Embrace"],"picked":"Immolate","floor":16.0},{"not_picked":["Battle Trance","Warcry"],"picked":"Feel No Pain","floor":18.0},{"not_picked":["Pommel Strike","Headbutt","Second Wind"],"picked":"SKIP","floor":21.0},{"not_picked":["Flex","Twin Strike"],"picked":"Armaments+1","floor":22.0},{"not_picked":["Reckless Charge","Bloodletting"],"picked":"True Grit","floor":24.0},{"not_picked":["Clash","Metallicize+1"],"picked":"Whirlwind","floor":27.0},{"not_picked":["Cleave","Clothesline","Reckless Charge"],"picked":"SKIP","floor":30.0},{"not_picked":["Bludgeon","Limit Break"],"picked":"Juggernaut","floor":33.0},{"not_picked":["Thunderclap","Anger"],"picked":"Body Slam","floor":35.0},{"not_picked":["Anger","Uppercut","Perfected Strike+1"],"picked":"SKIP","floor":36.0},{"not_picked":["Anger","Sever Soul","Pommel Strike"],"picked":"SKIP","floor":38.0},{"not_picked":["Perfected Strike+1","Sever Soul+1"],"picked":"Evolve","floor":41.0},{"not_picked":["Discovery","Deep Breath"],"picked":"Blind","floor":42.0},{"not_picked":["Cleave","Sever Soul","Bloodletting"],"picked":"SKIP","floor":46.0},{"not_picked":["Flex","Combust","True Grit"],"picked":"SKIP","floor":48.0}],"player_experience":1042752,"relics_obtained":[{"floor":8.0,"key":"Omamori"},{"floor":9.0,"key":"Ancient Tea Set"},{"floor":10.0,"key":"Vajra"},{"floor":12.0,"key":"Thread and Needle"},{"floor":26.0,"key":"Shovel"},{"floor":27.0,"key":"Mercury Hourglass"},{"floor":32.0,"key":"PreservedInsect"},{"floor":41.0,"key":"Oddly Smooth Stone"},{"floor":43.0,"key":"Bronze Scales"},{"floor":45.0,"key":"Dodecahedron"}],"event_choices":[{"damage_healed":0.0,"max_hp_gain":0.0,"max_hp_loss":0.0,"gold_gain":0.0,"event_name":"Wheel of Change","player_choice":"Damaged","floor":3.0,"gold_loss":0.0,"damage_taken":11.0},{"cards_removed":["Strike_R"],"damage_healed":0.0,"max_hp_gain":0.0,"max_hp_loss":0.0,"gold_gain":0.0,"event_name":"The Cleric","player_choice":"Card Removal","floor":11.0,"gold_loss":75.0,"damage_taken":0.0},{"damage_healed":0.0,"max_hp_gain":0.0,"max_hp_loss":0.0,"gold_gain":0.0,"cards_transformed":["Strike_R","Strike_R"],"event_name":"Drug Dealer","player_choice":"Became Test Subject","floor":19.0,"gold_loss":0.0,"damage_taken":0.0,"cards_obtained":["Flame Barrier","Demon Form"]},{"damage_healed":0.0,"max_hp_gain":0.0,"max_hp_loss":0.0,"gold_gain":0.0,"event_name":"Vampires","player_choice":"Ignored","floor":20.0,"gold_loss":0.0,"damage_taken":0.0},{"damage_healed":0.0,"max_hp_gain":0.0,"max_hp_loss":0.0,"gold_gain":0.0,"event_name":"Lab","player_choice":"Got Potions","floor":31.0,"gold_loss":0.0,"damage_taken":0.0},{"cards_removed":["Bash"],"damage_healed":0.0,"max_hp_gain":0.0,"max_hp_loss":0.0,"gold_gain":0.0,"event_name":"Purifier","player_choice":"Purged","floor":37.0,"gold_loss":0.0,"damage_taken":0.0},{"damage_healed":0.0,"max_hp_gain":0.0,"max_hp_loss":0.0,"gold_gain":0.0,"event_name":"SensoryStone","player_choice":"Memory 1","floor":42.0,"gold_loss":0.0,"damage_taken":0.0},{"cards_removed":["Twin Strike"],"damage_healed":0.0,"max_hp_gain":0.0,"max_hp_loss":0.0,"gold_gain":0.0,"event_name":"Falling","player_choice":"Removed Attack","floor":44.0,"gold_loss":0.0,"damage_taken":0.0}],"is_beta":false,"boss_relics":[{"not_picked":["Orrery","Busted Crown"],"picked":"Velvet Choker"},{"not_picked":["Runic Cube","White Beast Statue"],"picked":"Sozu"}],"items_purged_floors":[],"is_endless":false,"potions_floor_spawned":[1,6,10,14,16,24,27,33,36,38],"ascension_level":19}