{"path_per_floor":["M","?","$","M","M","E","M","R","T","?","M","$","M","E","R","B",null,"M","$","?","?","M","E","?","?","T","R","M","M","E","$","R","B",null,"M","M","M","?","$","R","E","R","T","?","R","M","?","M","R"],"character_chosen":"THE_SILENT","items_purchased":["Dramatic Entrance","Flash of Steel","Dagger Throw","Backflip","Infinite Blades","Backstab","Accuracy","Lantern","Wraith Form v2"],"gold_per_floor":[112,112,19,39,54,89,107,107,159,159,170,8,18,47,47,142,142,158,15,15,15,27,55,105,105,105,105,125,140,173,105,105,210,210,227,247,257,257,24,24,55,55,55,55,55,75,0,10,10,10],"floor_reached":50,"campfire_rested":1,"playtime":4653,"current_hp_per_floor":[70,63,63,63,63,48,48,48,48,30,30,30,32,18,39,5,72,74,74,74,51,48,35,35,35,35,35,45,51,44,44,44,18,60,62,60,52,42,42,58,62,64,64,56,64,66,66,68,68,0],"items_purged":[],"gold":10,"score":620,"play_id":"64aff4ea-08f1-4368-bb8a-700d1c6a61af","local_time":"20180510004823","is_prod":false,"is_daily":false,"chose_seed":false,"is_ascension_mode":false,"campfire_upgraded":7,"timestamp":1525938503,"path_taken":["M","?","?","?","M","E","M","R","T","?","M","?","M","E","R","BOSS","M","$","?","?","?","E","?","?","T","R","M","?","E","?","R","BOSS","M","M","M","?","$","R","E","R","T","?","R","M","?","?","R","BOSS"],"build_version":"2018-05-03","seed_source_timestamp":1228286600012519,"purchased_purges":0,"victory":false,"master_deck":["Survivor","Neutralize","Backflip","Dramatic Entrance","Crippling Poison","Dash","Slice+1","Cloak And Dagger+1","Calculated Gamble+1","Flash of Steel+1","Dagger Throw+1","Backflip+1","Storm of Steel+1","After Image+1","Blade Dance+1","Cloak And Dagger","Cloak And Dagger","Dash+1","Terror+1","Flechettes+1","Dagger Throw+1","Prepared","Prepared","Infinite Blades+1","Backstab+1","Infinite Blades+1","Bite+1","Bite+1","Bite+1","Bite+1","Bite+1","Flying Knee+1","Choke+1","Accuracy+1","Cloak And Dagger+1","Accuracy","Wraith Form v2","Endless Agony+1","Distraction+1","Apotheosis+1","Dramatic Entrance+1","Mind Blast+1","Wraith Form v2","Madness","Madness"],"max_hp_per_floor":[70,70,70,70,70,70,70,70,70,70,70,70,72,72,72,72,72,74,74,74,51,51,53,53,53,53,53,53,53,60,60,60,60,60,62,62,62,62,62,62,64,64,64,64,64,66,66,68,68,68],"relics":["Ring of the Snake","Happy Flower","Molten Egg 2","Snake Skull","Singing Bowl","Whetstone","Pandora\u0027s Box","Centennial Puzzle","Gremlin Horn","Strawberry","Eternal Feather","Lantern","War Paint","Kunai","Red Mask"],"card_choices":[{"not_picked":["Outmaneuver","Riddle With Holes"],"picked":"Backflip","floor":1},{"not_picked":["Acrobatics","Masterful Stab"],"picked":"Crippling Poison","floor":4},{"not_picked":["Outmaneuver","Catalyst"],"picked":"Dash","floor":5},{"not_picked":["Deflect","Backflip"],"picked":"Slice","floor":6},{"not_picked":["Bane","PiercingWail"],"picked":"Cloak And Dagger","floor":7},{"not_picked":["PiercingWail","Catalyst"],"picked":"Calculated Gamble","floor":11},{"not_picked":["Dagger Throw","Acrobatics"],"picked":"Storm of Steel","floor":14},{"not_picked":["Glass Knife","Venomology"],"picked":"After Image","floor":16},{"not_picked":["Acrobatics","Deflect"],"picked":"Flying Knee","floor":22},{"not_picked":["Heel Hook","Backflip"],"picked":"Choke","floor":28},{"not_picked":["Acrobatics","Outmaneuver"],"picked":"Accuracy","floor":29},{"not_picked":["Outmaneuver","Flying Knee"],"picked":"Cloak And Dagger","floor":30},{"not_picked":["Glass Knife","Doppelganger"],"picked":"Wraith Form v2","floor":33},{"not_picked":["Underhanded Strike","Bane"],"picked":"Endless Agony","floor":36},{"not_picked":["Dagger Spray","PiercingWail"],"picked":"Distraction","floor":37},{"not_picked":["Bandage Up","Jack Of All Trades"],"picked":"Apotheosis","floor":38},{"not_picked":["Enlightenment","Trip"],"picked":"Dramatic Entrance","floor":38},{"not_picked":["Transmutation","Sadistic Nature"],"picked":"Mind Blast","floor":38}],"player_experience":384831,"potions_floor_usage":[6,6,13,22,23,29,35,35,37,50],"damage_taken":[{"damage":0,"enemies":"Jaw Worm","floor":1,"turns":3},{"damage":0,"enemies":"Small Slimes","floor":4,"turns":3},{"damage":0,"enemies":"Cultist","floor":5,"turns":3},{"damage":15,"enemies":"Gremlin Nob","floor":6,"turns":5},{"damage":0,"enemies":"Exordium Wildlife","floor":7,"turns":2},{"damage":0,"enemies":"3 Louse","floor":11,"turns":2},{"damage":0,"enemies":"Large Slime","floor":13,"turns":3},{"damage":14,"enemies":"Lagavulin","floor":14,"turns":6},{"damage":34,"enemies":"The Guardian","floor":16,"turns":12},{"damage":0,"enemies":"Spheric Guardian","floor":18,"turns":3},{"damage":3,"enemies":"Shell Parasite","floor":22,"turns":4},{"damage":30,"enemies":"Gremlin Leader","floor":23,"turns":9},{"damage":2,"enemies":"Centurion and Healer","floor":28,"turns":6},{"damage":0,"enemies":"Cultist and Chosen","floor":29,"turns":3},{"damage":17,"enemies":"Book of Stabbing","floor":30,"turns":5},{"damage":46,"enemies":"Champ","floor":33,"turns":9},{"damage":1,"enemies":"3 Shapes","floor":35,"turns":2},{"damage":5,"enemies":"Orb Walker","floor":36,"turns":3},{"damage":29,"enemies":"Sphere and 2 Shapes","floor":37,"turns":6},{"damage":4,"enemies":"Giant Head","floor":41,"turns":8},{"damage":2,"enemies":"4 Shapes","floor":46,"turns":2},{"damage":0,"enemies":"3 Darklings","floor":48,"turns":5},{"damage":85,"enemies":"Awakened One","floor":50,"turns":5}],"event_choices":[{"event_name":"Golden Wing","player_choice":"Card Removal","floor":2,"damage_taken":0},{"event_name":"Scrap Ooze","player_choice":"success","floor":10,"damage_taken":18},{"event_name":"The Library","player_choice":"Read","floor":20,"damage_taken":0},{"event_name":"Vampires","player_choice":"Became a vampire","floor":21,"damage_taken":0},{"event_name":"The Joust","player_choice":"Bet on Murderer","floor":24,"damage_taken":0},{"event_name":"Upgrade Shrine","player_choice":"Upgraded","floor":25,"damage_taken":0},{"event_name":"SensoryStone","player_choice":"Memory 3","floor":38,"damage_taken":0},{"event_name":"Winding Halls","player_choice":"Embrace Madness","floor":44,"damage_taken":0},{"event_name":"Tomb of Lord Red Mask","player_choice":"Paid","floor":47,"damage_taken":0}],"boss_relics":[{"not_picked":["Runic Dome","Philosopher\u0027s Stone"],"picked":"Pandora\u0027s Box"},{"not_picked":["Orrery","Lizard Tail"],"picked":"Eternal Feather"}],"potions_floor_spawned":[1,5,7,16,18,23,30,33,35,48],"seed_played":"-6180371635370992838","killed_by":"Awakened One","ascension_level":0,"is_trial":false}