{"gold_per_floor":[118,134,152,327,341,371,386,398,424,374,408,388,388,403,403,501,501,512,512,104,124,33,33,59,72,97,97],"floor_reached":27,"playtime":1185,"items_purged":["Strike_R","Brutality+1"],"score":245,"play_id":"ff29f0d3-17fd-4cd5-84fb-7a6c045a9b2a","local_time":"20181115133241","is_ascension_mode":false,"campfire_choices":[{"data":"Metallicize","floor":15,"key":"SMITH"},{"floor":23,"key":"REST"}],"neow_cost":"NONE","seed_source_timestamp":242936603914308,"circlet_count":0,"master_deck":["Strike_R","Strike_R","Strike_R","Defend_R","Defend_R","Defend_R","Defend_R","Bash","Twin Strike","Metallicize+1","Shrug It Off","Twin Strike","Rupture+1","Brutality+1","Heavy Blade","Fire Breathing+1","Regret","Shrug It Off","Rupture+1","Feel No Pain+1","Combust+1"],"relics":["Burning Blood","Frozen Egg 2","Happy Flower","Sundial","Art of War","Mark of Pain","Membership Card","Anchor","Omamori","Bronze Scales","Red Skull"],"potions_floor_usage":[7,18],"damage_taken":[{"damage":16,"enemies":"Jaw Worm","floor":1,"turns":5},{"damage":0,"enemies":"2 Louse","floor":2,"turns":4},{"damage":2,"enemies":"Small Slimes","floor":3,"turns":4},{"damage":3,"enemies":"2 Fungi Beasts","floor":5,"turns":6},{"damage":21,"enemies":"3 Sentries","floor":6,"turns":12},{"damage":7,"enemies":"Red Slaver","floor":7,"turns":4},{"damage":7,"enemies":"Blue Slaver","floor":8,"turns":4},{"damage":27,"enemies":"Lagavulin","floor":11,"turns":6},{"damage":2,"enemies":"2 Fungi Beasts","floor":14,"turns":3},{"damage":40,"enemies":"Hexaghost","floor":16,"turns":9},{"damage":20,"enemies":"3 Byrds","floor":18,"turns":5},{"damage":25,"enemies":"Spheric Guardian","floor":21,"turns":5},{"damage":53,"enemies":"Book of Stabbing","floor":24,"turns":6},{"damage":20,"enemies":"Chosen and Byrds","floor":25,"turns":6},{"damage":10,"enemies":"Centurion and Healer","floor":27,"turns":5}],"seed_played":"-2026402789712137351","potions_obtained":[{"floor":3,"key":"EssenceOfSteel"},{"floor":6,"key":"Poison Potion"},{"floor":7,"key":"Fire Potion"},{"floor":8,"key":"Explosive Potion"}],"is_trial":false,"path_per_floor":["M","M","M","?","M","E","M","M","T","?","E","?","?","M","R","B",null,"M","?","$","M","$","R","E","M","T","M"],"character_chosen":"IRONCLAD","items_purchased":["Membership Card","Anchor","Omamori","Feel No Pain+1","Combust+1"],"campfire_rested":1,"item_purchase_floors":[20,20,20,20,22],"current_hp_per_floor":[70,76,80,80,80,65,64,63,63,63,42,42,42,46,46,12,80,66,66,66,47,47,71,24,10,10,0],"gold":97,"neow_bonus":"REMOVE_CARD","is_prod":false,"is_daily":false,"chose_seed":false,"campfire_upgraded":1,"win_rate":0,"timestamp":1542285161,"path_taken":["M","M","M","?","M","E","M","M","T","?","E","?","?","M","R","BOSS","M","?","$","M","$","R","E","M","T","?"],"build_version":"2018-11-14","purchased_purges":2,"victory":false,"max_hp_per_floor":[80,80,80,80,80,80,80,80,80,80,80,80,80,80,80,80,80,80,80,80,80,80,80,80,80,80,80],"card_choices":[{"not_picked":["Ghostly Armor","Anger"],"picked":"Twin Strike","floor":1},{"not_picked":["Ghostly Armor","Flex"],"picked":"Metallicize","floor":2},{"not_picked":["Carnage","Cleave"],"picked":"Shrug It Off","floor":3},{"not_picked":["Havoc","Warcry"],"picked":"Twin Strike","floor":5},{"not_picked":["Whirlwind","Headbutt"],"picked":"Rupture","floor":6},{"not_picked":["Whirlwind","Armaments"],"picked":"Brutality+1","floor":7},{"not_picked":["Uppercut","True Grit"],"picked":"Heavy Blade","floor":8},{"not_picked":["Infernal Blade","Sentinel"],"picked":"Fire Breathing+1","floor":11},{"not_picked":["Rage","Whirlwind"],"picked":"Shrug It Off","floor":14},{"not_picked":["Bludgeon","Double Tap"],"picked":"Brutality+1","floor":16},{"not_picked":["Carnage","Anger","Thunderclap"],"picked":"SKIP","floor":18},{"not_picked":["Clothesline","Armaments+1","Body Slam"],"picked":"SKIP","floor":21},{"not_picked":["Anger","Armaments","Whirlwind"],"picked":"SKIP","floor":24},{"not_picked":["Rampage","Clash","Warcry"],"picked":"SKIP","floor":25}],"player_experience":769249,"relics_obtained":[{"floor":6,"key":"Frozen Egg 2"},{"floor":9,"key":"Happy Flower"},{"floor":11,"key":"Sundial"},{"floor":24,"key":"Bronze Scales"},{"floor":26,"key":"Red Skull"}],"event_choices":[{"damage_healed":0,"gold_gain":175,"player_choice":"AGREE","damage_taken":0,"max_hp_gain":0,"max_hp_loss":0,"event_name":"Liars Game","floor":4,"gold_loss":0,"cards_obtained":["Doubt"]},{"cards_removed":["Doubt"],"damage_healed":0,"gold_gain":0,"player_choice":"Card Removal","damage_taken":0,"max_hp_gain":0,"max_hp_loss":0,"event_name":"The Cleric","floor":10,"gold_loss":50},{"damage_healed":0,"gold_gain":0,"player_choice":"Left Gold","damage_taken":0,"max_hp_gain":0,"max_hp_loss":0,"event_name":"World of Goop","floor":12,"gold_loss":20},{"damage_healed":0,"gold_gain":0,"player_choice":"Box","damage_taken":0,"relics_obtained":["Art of War"],"max_hp_gain":0,"max_hp_loss":0,"event_name":"Big Fish","floor":13,"gold_loss":0,"cards_obtained":["Regret"]},{"damage_healed":0,"gold_gain":0,"player_choice":"Copied","damage_taken":0,"max_hp_gain":0,"max_hp_loss":0,"event_name":"Duplicator","floor":19,"gold_loss":0,"cards_obtained":["Rupture"]}],"is_beta":true,"boss_relics":[{"not_picked":["Black Star","Lizard Tail"],"picked":"Mark of Pain"}],"items_purged_floors":[20,22],"is_endless":false,"potions_floor_spawned":[3,6,7,8,16],"killed_by":"Centurion and Healer","ascension_level":0}