{"gold_per_floor":[115,128,45,45,55,55,70,102,128,185,196,214,242,242,242,321,321,333,333,383,383,399,432,475,487],"floor_reached":25,"playtime":988,"items_purged":[],"score":482,"play_id":"2577281b-b7cc-4ded-b12f-524ffa342c50","local_time":"20181231143545","is_ascension_mode":true,"campfire_choices":[{"floor":6,"key":"RECALL"},{"data":"Defragment","floor":15,"key":"SMITH"}],"neow_cost":"NONE","seed_source_timestamp":333534859937608,"circlet_count":0,"master_deck":["AscendersBane","Zap","Dualcast","Conserve Battery","Sweeping Beam","Glacier","White Noise","Streamline","Blizzard","Ball Lightning","Ball Lightning","Defragment+1","Echo Form+1","Electrodynamics","Reboot","Defragment","Ball Lightning","Force Field","Electrodynamics","Static Discharge","Leap","Sunder","Hyperbeam","Ghostly","Ghostly","Ghostly","Sweeping Beam","Reboot","Compile Driver+1"],"relics":["Coffee Dripper","Vajra","Centennial Puzzle","Tiny Chest","Bottled Flame","Pandora\u0027s Box","MawBank","Red Mask"],"potions_floor_usage":[8,8,16],"damage_taken":[{"damage":2,"enemies":"2 Louse","floor":1,"turns":3},{"damage":0,"enemies":"Cultist","floor":2,"turns":4},{"damage":0,"enemies":"Jaw Worm","floor":5,"turns":4},{"damage":3,"enemies":"Large Slime","floor":7,"turns":7},{"damage":11,"enemies":"Gremlin Nob","floor":8,"turns":3},{"damage":18,"enemies":"3 Sentries","floor":10,"turns":7},{"damage":6,"enemies":"3 Louse","floor":11,"turns":3},{"damage":4,"enemies":"Blue Slaver","floor":12,"turns":3},{"damage":1,"enemies":"Lagavulin","floor":13,"turns":6},{"damage":1,"enemies":"The Guardian","floor":16,"turns":11},{"damage":6,"enemies":"3 Byrds","floor":18,"turns":2},{"damage":11,"enemies":"Spheric Guardian","floor":22,"turns":4},{"damage":3,"enemies":"Gremlin Leader","floor":23,"turns":6},{"damage":12,"enemies":"Masked Bandits","floor":24,"turns":3},{"damage":16,"enemies":"Slavers","floor":25,"turns":2}],"seed_played":"7397558563734914535","potions_obtained":[{"floor":2,"key":"Explosive Potion"},{"floor":5,"key":"Ancient Potion"},{"floor":7,"key":"Fire Potion"},{"floor":11,"key":"AttackPotion"},{"floor":16,"key":"FocusPotion"},{"floor":22,"key":"LiquidBronze"}],"is_trial":false,"path_per_floor":["M","M","$","?","M","R","M","E","T","E","M","M","E","?","R","B",null,"M","?","?","?","M","E","?","E"],"character_chosen":"DEFECT","items_purchased":["Glacier"],"campfire_rested":0,"item_purchase_floors":[3],"current_hp_per_floor":[62,62,62,62,62,62,59,48,48,30,24,20,19,19,19,18,58,52,52,52,35,24,21,9,0],"gold":487,"neow_bonus":"BOSS_RELIC","is_prod":false,"is_daily":false,"chose_seed":false,"campfire_upgraded":1,"win_rate":0,"timestamp":1546263345,"path_taken":["M","M","$","?","?","R","M","E","T","E","M","M","E","?","R","BOSS","M","?","?","?","M","E","?","E"],"build_version":"2018-12-20","purchased_purges":0,"victory":false,"max_hp_per_floor":[71,71,71,71,71,71,71,71,71,71,71,71,71,71,71,71,71,71,71,71,35,35,35,35,35],"card_choices":[{"not_picked":["Rebound","Streamline"],"picked":"Conserve Battery","floor":1},{"not_picked":["Chaos","Steam"],"picked":"Sweeping Beam","floor":2},{"not_picked":["Stack","Meteor Strike"],"picked":"Streamline","floor":5},{"not_picked":["Conserve Battery","Double Energy","Turbo"],"picked":"SKIP","floor":7},{"not_picked":["Leap","Darkness"],"picked":"Blizzard","floor":8},{"not_picked":["White Noise","BootSequence"],"picked":"Ball Lightning","floor":10},{"not_picked":["Fission","Stack"],"picked":"Ball Lightning","floor":11},{"not_picked":["Compile Driver","Hello World"],"picked":"Defragment","floor":12},{"not_picked":["Reprogram","Go for the Eyes"],"picked":"Echo Form","floor":13},{"not_picked":["Thunder Strike","Seek"],"picked":"Electrodynamics","floor":16},{"not_picked":["Chaos","Loop"],"picked":"Leap","floor":18},{"not_picked":["Gash","Steam"],"picked":"Sweeping Beam","floor":22},{"not_picked":["Recycle","Steam Power"],"picked":"Reboot","floor":23},{"not_picked":["Skim","Sunder+1"],"picked":"Compile Driver+1","floor":24}],"player_experience":1078798,"relics_obtained":[{"floor":8,"key":"Vajra"},{"floor":9,"key":"Centennial Puzzle"},{"floor":10,"key":"Tiny Chest"},{"floor":13,"key":"Bottled Flame"},{"floor":23,"key":"MawBank"},{"floor":24,"key":"Red Mask"}],"event_choices":[{"damage_healed":0,"gold_gain":0,"player_choice":"1 cards matched","damage_taken":0,"max_hp_gain":0,"max_hp_loss":0,"event_name":"Match and Keep!","floor":4,"gold_loss":0,"cards_obtained":["White Noise"]},{"damage_healed":0,"gold_gain":0,"player_choice":"Grow","damage_taken":0,"max_hp_gain":0,"max_hp_loss":0,"event_name":"Living Wall","floor":14,"gold_loss":0,"cards_upgraded":["Echo Form"]},{"damage_healed":0,"gold_gain":0,"cards_transformed":["Hyperbeam","Aggregate"],"player_choice":"Became Test Subject","damage_taken":0,"max_hp_gain":0,"max_hp_loss":0,"event_name":"Drug Dealer","floor":19,"gold_loss":0,"cards_obtained":["Sunder","Hyperbeam"]},{"damage_healed":0,"gold_gain":50,"player_choice":"Stole From Cult","damage_taken":0,"max_hp_gain":0,"max_hp_loss":0,"event_name":"Nest","floor":20,"gold_loss":0},{"damage_healed":0,"gold_gain":0,"player_choice":"Became a Ghost","damage_taken":0,"max_hp_gain":0,"max_hp_loss":36,"event_name":"Ghosts","floor":21,"gold_loss":0,"cards_obtained":["Ghostly","Ghostly","Ghostly"]},{"damage_healed":0,"gold_gain":0,"player_choice":"Fought Bandits","damage_taken":0,"max_hp_gain":0,"max_hp_loss":0,"event_name":"Masked Bandits","floor":24,"gold_loss":0}],"is_beta":false,"boss_relics":[{"not_picked":["Ectoplasm","Runic Pyramid"],"picked":"Pandora\u0027s Box"}],"items_purged_floors":[],"is_endless":false,"potions_floor_spawned":[2,5,7,11,16,22],"killed_by":"Slavers","ascension_level":20}