{"gold_per_floor":[369,383,483,495,50,50,85,98,98,75,87,117,117,133,133,206,206,223,123,123,140,151,151,179,179,179,211,228,278,278,295,295,372,372,383,393,404,504,87,122,122,154,205,205,254,254,266,266,266,266,266],"floor_reached":51,"playtime":2896,"items_purged":["Decay","Strike_R","Strike_R"],"score":1539,"play_id":"25e71586-d313-4510-940a-d18e21d8cc02","local_time":"20190408153357","is_ascension_mode":true,"campfire_choices":[{"data":"Bash","floor":6.0,"key":"SMITH"},{"floor":13.0,"key":"REST"},{"data":"Armaments","floor":15.0,"key":"SMITH"},{"data":"Shockwave","floor":23.0,"key":"SMITH"},{"floor":25.0,"key":"REST"},{"data":"Demon Form","floor":30.0,"key":"SMITH"},{"floor":32.0,"key":"REST"},{"data":"Disarm","floor":41.0,"key":"SMITH"},{"floor":44.0,"key":"REST"},{"floor":46.0,"key":"REST"},{"floor":49.0,"key":"RECALL"}],"neow_cost":"CURSE","seed_source_timestamp":0,"circlet_count":0,"master_deck":["AscendersBane","Strike_R","Strike_R","Strike_R","Defend_R","Defend_R","Defend_R","Defend_R","Bash+1","Iron Wave","Disarm","Anger","Flame Barrier","Armaments+1","Demon Form+1","Disarm","Battle Trance","Disarm+1","Feed","Shockwave+1","Corruption","Shockwave","Impervious","Spot Weakness","Body Slam+1","Body Slam+1","Pummel","Exhume","Shrug It Off"],"special_seed":0,"relics":["Burning Blood","Pocketwatch","Dodecahedron","Question Card","Letter Opener","Busted Crown","Mummified Hand","Ancient Tea Set","Strawberry","Runic Pyramid","WingedGreaves","OrangePellets","Singing Bowl","Peace Pipe","Champion Belt"],"potions_floor_usage":[51],"damage_taken":[{"damage":19.0,"enemies":"Small Slimes","floor":1.0,"turns":5.0},{"damage":4.0,"enemies":"Cultist","floor":2.0,"turns":4.0},{"damage":9.0,"enemies":"Jaw Worm","floor":4.0,"turns":4.0},{"damage":32.0,"enemies":"Gremlin Nob","floor":7.0,"turns":4.0},{"damage":2.0,"enemies":"Looter","floor":8.0,"turns":4.0},{"damage":8.0,"enemies":"Exordium Thugs","floor":10.0,"turns":4.0},{"damage":9.0,"enemies":"Lots of Slimes","floor":11.0,"turns":5.0},{"damage":20.0,"enemies":"Lagavulin","floor":12.0,"turns":8.0},{"damage":8.0,"enemies":"3 Louse","floor":14.0,"turns":4.0},{"damage":2.0,"enemies":"Hexaghost","floor":16.0,"turns":8.0},{"damage":14.0,"enemies":"Chosen","floor":18.0,"turns":6.0},{"damage":11.0,"enemies":"Shell Parasite","floor":21.0,"turns":6.0},{"damage":25.0,"enemies":"3 Cultists","floor":22.0,"turns":5.0},{"damage":33.0,"enemies":"Gremlin Leader","floor":24.0,"turns":6.0},{"damage":13.0,"enemies":"Book of Stabbing","floor":27.0,"turns":9.0},{"damage":11.0,"enemies":"Centurion and Healer","floor":28.0,"turns":7.0},{"damage":3.0,"enemies":"Snake Plant","floor":31.0,"turns":6.0},{"damage":34.0,"enemies":"Collector","floor":33.0,"turns":8.0},{"damage":13.0,"enemies":"3 Darklings","floor":35.0,"turns":5.0},{"damage":12.0,"enemies":"Orb Walker","floor":36.0,"turns":5.0},{"damage":21.0,"enemies":"Transient","floor":37.0,"turns":6.0},{"damage":0.0,"enemies":"Mind Bloom Boss Battle","floor":38.0,"turns":5.0},{"damage":35.0,"enemies":"Giant Head","floor":40.0,"turns":7.0},{"damage":57.0,"enemies":"Reptomancer","floor":42.0,"turns":8.0},{"damage":35.0,"enemies":"2 Orb Walkers","floor":45.0,"turns":6.0},{"damage":0.0,"enemies":"Spire Growth","floor":47.0,"turns":5.0},{"damage":32.0,"enemies":"Awakened One","floor":50.0,"turns":11.0},{"damage":64,"enemies":"Donu and Deca","floor":51,"turns":4}],"seed_played":"3954118939917639910","potions_obtained":[{"floor":7.0,"key":"EntropicBrew"},{"floor":11.0,"key":"Strength Potion"},{"floor":36.0,"key":"SteroidPotion"},{"floor":40.0,"key":"Strength Potion"},{"floor":47.0,"key":"Poison Potion"}],"is_trial":false,"path_per_floor":["M","M","?","M","$","R","E","M","T","M","M","E","R","M","R","B",null,"M","$","?","M","M","R","E","R","T","E","M","?","R","M","R","B",null,"M","M","M","?","$","E","R","E","T","R","?","R","M","?","R","B","B"],"character_chosen":"IRONCLAD","items_purchased":["Pocketwatch","Anger","OrangePellets","Pummel"],"campfire_rested":5,"item_purchase_floors":[5,5,39,39],"current_hp_per_floor":[55,57,57,54,54,54,28,32,32,30,27,13,35,33,33,37,66,61,61,61,60,44,44,21,47,47,51,50,50,50,56,88,64,99,92,90,75,85,85,60,60,15,15,53,28,67,78,78,78,56,0],"gold":266,"neow_bonus":"TWO_FIFTY_GOLD","is_prod":false,"is_daily":false,"chose_seed":false,"campfire_upgraded":5,"win_rate":0,"timestamp":1554730437,"path_taken":["M","M","?","M","$","R","E","M","T","?","M","E","R","M","R","BOSS","M","$","?","M","M","R","E","R","T","E","M","?","R","?","R","BOSS","M","?","M","?","$","E","R","E","T","R","?","R","M","?","R","BOSS","BOSS"],"build_version":"2019-01-23","purchased_purges":3,"victory":false,"max_hp_per_floor":[75,75,75,75,75,75,75,75,75,75,75,75,75,75,75,75,75,78,78,78,82,85,85,89,89,89,100,104,104,104,107,107,111,111,111,115,115,119,119,123,123,129,129,129,133,133,138,138,138,142,142],"card_choices":[{"not_picked":["Havoc","Flex"],"picked":"Iron Wave","floor":1.0},{"not_picked":["Heavy Blade","Anger"],"picked":"Disarm","floor":2.0},{"not_picked":["Sentinel","Seeing Red","Body Slam"],"picked":"SKIP","floor":4.0},{"not_picked":["Sword Boomerang","Seeing Red"],"picked":"Flame Barrier","floor":7.0},{"not_picked":["Entrench","Sword Boomerang"],"picked":"Armaments","floor":8.0},{"not_picked":["Iron Wave","Clash","Perfected Strike"],"picked":"Demon Form","floor":10.0},{"not_picked":["Perfected Strike","Flex","Armaments"],"picked":"Disarm","floor":11.0},{"not_picked":["Sword Boomerang","Shockwave","Iron Wave"],"picked":"Battle Trance","floor":12.0},{"not_picked":["Searing Blow","Sever Soul","Spot Weakness"],"picked":"Disarm","floor":14.0},{"not_picked":["Juggernaut","Bludgeon","Berserk"],"picked":"Feed","floor":16.0},{"not_picked":["Heavy Blade","Iron Wave"],"picked":"SKIP","floor":18.0},{"not_picked":["Battle Trance","Bloodletting"],"picked":"SKIP","floor":21.0},{"not_picked":["Inflame","Flex"],"picked":"SKIP","floor":22.0},{"not_picked":["Flex","Combust"],"picked":"SKIP","floor":24.0},{"not_picked":["Carnage","Entrench"],"picked":"SKIP","floor":27.0},{"not_picked":["Warcry"],"picked":"Corruption","floor":28.0},{"not_picked":["Body Slam"],"picked":"Shockwave","floor":31.0},{"not_picked":["Berserk"],"picked":"Impervious","floor":33.0},{"not_picked":["Wild Strike","Infernal Blade"],"picked":"SKIP","floor":35.0},{"not_picked":["Shrug It Off"],"picked":"Spot Weakness","floor":36.0},{"not_picked":["Reckless Charge+1"],"picked":"Body Slam+1","floor":37.0},{"not_picked":["Clothesline"],"picked":"Body Slam+1","floor":38.0},{"not_picked":["True Grit"],"picked":"Exhume","floor":40.0},{"not_picked":["Clothesline","Pommel Strike"],"picked":"Singing Bowl","floor":42.0},{"not_picked":["Cleave"],"picked":"Shrug It Off","floor":45.0},{"not_picked":["Warcry","Seeing Red"],"picked":"Singing Bowl","floor":47.0}],"player_experience":1422222,"relics_obtained":[{"floor":7.0,"key":"Dodecahedron"},{"floor":9.0,"key":"Question Card"},{"floor":12.0,"key":"Letter Opener"},{"floor":24.0,"key":"Mummified Hand"},{"floor":26.0,"key":"Ancient Tea Set"},{"floor":27.0,"key":"Strawberry"},{"floor":38.0,"key":"WingedGreaves"},{"floor":40.0,"key":"Singing Bowl"},{"floor":42.0,"key":"Peace Pipe"},{"floor":45.0,"key":"Champion Belt"}],"event_choices":[{"damage_healed":0.0,"max_hp_gain":0.0,"max_hp_loss":0.0,"gold_gain":100.0,"event_name":"Wheel of Change","player_choice":"Gold","floor":3.0,"gold_loss":0.0,"damage_taken":0.0},{"damage_healed":0.0,"max_hp_gain":0.0,"max_hp_loss":0.0,"gold_gain":0.0,"event_name":"The Library","player_choice":"Read","floor":20.0,"gold_loss":0.0,"damage_taken":0.0,"cards_obtained":["Shockwave"]},{"damage_healed":0.0,"max_hp_gain":0.0,"max_hp_loss":0.0,"gold_gain":50.0,"event_name":"Golden Shrine","player_choice":"Pray","floor":29.0,"gold_loss":0.0,"damage_taken":0.0},{"damage_healed":0.0,"max_hp_gain":0.0,"max_hp_loss":0.0,"gold_gain":0.0,"event_name":"MindBloom","player_choice":"Fight","floor":38.0,"gold_loss":0.0,"damage_taken":0.0},{"damage_healed":0.0,"max_hp_gain":0.0,"max_hp_loss":0.0,"gold_gain":0.0,"event_name":"Mysterious Sphere","player_choice":"Fight","floor":45.0,"gold_loss":0.0,"damage_taken":0.0},{"damage_healed":0.0,"max_hp_gain":0.0,"max_hp_loss":0.0,"gold_gain":0.0,"event_name":"Tomb of Lord Red Mask","player_choice":"Ignored","floor":48.0,"gold_loss":0.0,"damage_taken":0.0}],"is_beta":false,"boss_relics":[{"not_picked":["White Beast Statue","Orrery"],"picked":"Busted Crown"},{"not_picked":["Fusion Hammer","Cursed Key"],"picked":"Runic Pyramid"}],"items_purged_floors":[5,19,39],"is_endless":false,"potions_floor_spawned":[7,11,12,16,24,28,36,37,40,47],"killed_by":"Donu and Deca","ascension_level":20}