{"gold_per_floor":[112,187,187,187,201,201,226,226,226,226,226,226,1,339,339,465,465,485,508,523,26,42,42,111,135,215,215,233,233],"floor_reached":29,"playtime":1144,"items_purged":["Strike_B","Zap+1"],"score":308,"play_id":"9b436202-69ce-447d-bc31-5bf0913677af","local_time":"20190327230535","is_ascension_mode":true,"campfire_choices":[{"data":"Zap","floor":6,"key":"SMITH"},{"data":"Dualcast","floor":8,"key":"SMITH"},{"data":"Sweeping Beam","floor":12,"key":"SMITH"},{"floor":15,"key":"REST"},{"floor":23,"key":"REST"},{"floor":27,"key":"REST"}],"neow_cost":"TEN_PERCENT_HP_LOSS","seed_source_timestamp":1932799202666,"circlet_count":0,"master_deck":["Strike_B+1","Strike_B","Strike_B","Defend_B","Defend_B","Defend_B","Defend_B","Dualcast+1","Echo Form+1","Melter+1","Sweeping Beam+1","Go for the Eyes","Seek","Streamline","Hyperbeam","Secret Weapon","Beam Cell+1","Sweeping Beam"],"relics":["Cracked Core","Golden Idol","Blue Candle","Old Coin","Busted Crown","Oddly Smooth Stone","Tiny Chest","Letter Opener"],"potions_floor_usage":[13,14,14,18,25,29],"damage_taken":[{"damage":3,"enemies":"Jaw Worm","floor":1,"turns":4},{"damage":6,"enemies":"Cultist","floor":5,"turns":4},{"damage":1,"enemies":"2 Louse","floor":7,"turns":3},{"damage":21,"enemies":"Gremlin Nob","floor":14,"turns":4},{"damage":0,"enemies":"Slime Boss","floor":16,"turns":5},{"damage":8,"enemies":"3 Byrds","floor":18,"turns":3},{"damage":17,"enemies":"2 Thieves","floor":19,"turns":4},{"damage":28,"enemies":"Snake Plant","floor":20,"turns":4},{"damage":0,"enemies":"3 Cultists","floor":22,"turns":2},{"damage":25,"enemies":"Slavers","floor":24,"turns":2},{"damage":0,"enemies":"Centurion and Healer","floor":25,"turns":4},{"damage":10,"enemies":"Cultist and Chosen","floor":28,"turns":4},{"damage":20,"enemies":"Snake Plant","floor":29,"turns":3}],"seed_played":"6219937592120615124","potions_obtained":[{"floor":7,"key":"Poison Potion"},{"floor":11,"key":"FocusPotion"},{"floor":11,"key":"PowerPotion"},{"floor":16,"key":"Explosive Potion"},{"floor":18,"key":"SpeedPotion"},{"floor":22,"key":"SteroidPotion"},{"floor":28,"key":"Ancient Potion"}],"is_trial":false,"path_per_floor":["?","?","?","M","?","?","M"],"character_chosen":"DEFECT","items_purchased":["Fruit Juice","Go for the Eyes","Hyperbeam","Oddly Smooth Stone","Secret Weapon"],"campfire_rested":3,"item_purchase_floors":[13,13,21,21,21],"current_hp_per_floor":[65,54,54,54,48,48,47,47,47,34,34,34,39,18,38,38,68,60,43,15,15,15,35,10,10,10,30,20,0],"gold":233,"neow_bonus":"THREE_RARE_CARDS","is_prod":false,"is_daily":false,"chose_seed":false,"campfire_upgraded":3,"win_rate":0,"timestamp":1553702735,"path_taken":["M","?","?","?","M","R","?","R","T","?","?","R","$","E","R","BOSS","M","M","M","$","M","R","E","?","T","R","M","M"],"build_version":"2019-01-23","purchased_purges":2,"victory":false,"max_hp_per_floor":[68,68,63,63,63,63,63,63,63,63,63,63,68,68,68,68,68,68,68,68,68,68,68,68,68,68,68,68,68],"card_choices":[{"not_picked":["Fission","Machine Learning"],"picked":"Echo Form","floor":0},{"not_picked":["Rebound","Steam Power","Turbo"],"picked":"SKIP","floor":1},{"not_picked":["Sweeping Beam","Scrape"],"picked":"Melter","floor":5},{"not_picked":["Barrage","Storm"],"picked":"Sweeping Beam","floor":7},{"not_picked":["Chill","Undo","All For One"],"picked":"SKIP","floor":14},{"not_picked":["Rainbow","All For One"],"picked":"Seek","floor":16},{"not_picked":[],"picked":"Streamline","floor":18},{"not_picked":["Go for the Eyes"],"picked":"SKIP","floor":19},{"not_picked":["Compile Driver+1"],"picked":"SKIP","floor":20},{"not_picked":[],"picked":"Beam Cell+1","floor":22},{"not_picked":["Ball Lightning"],"picked":"SKIP","floor":24},{"not_picked":["Go for the Eyes"],"picked":"SKIP","floor":25},{"not_picked":[],"picked":"Sweeping Beam","floor":28}],"player_experience":133072,"relics_obtained":[{"floor":9,"key":"Blue Candle"},{"floor":14,"key":"Old Coin"},{"floor":24,"key":"Tiny Chest"},{"floor":26,"key":"Letter Opener"}],"event_choices":[{"damage_healed":0,"gold_gain":75,"player_choice":"Gather Gold","damage_taken":11,"max_hp_gain":0,"max_hp_loss":0,"event_name":"World of Goop","floor":2,"gold_loss":0},{"damage_healed":0,"gold_gain":0,"player_choice":"Lose Max HP","damage_taken":0,"relics_obtained":["Golden Idol"],"max_hp_gain":0,"max_hp_loss":5,"event_name":"Golden Idol","floor":3,"gold_loss":0},{"damage_healed":0,"gold_gain":0,"player_choice":"Upgraded","damage_taken":0,"max_hp_gain":0,"max_hp_loss":0,"event_name":"Upgrade Shrine","floor":4,"gold_loss":0,"cards_upgraded":["Echo Form"]},{"damage_healed":0,"gold_gain":0,"player_choice":"Entered Light","damage_taken":13,"max_hp_gain":0,"max_hp_loss":0,"event_name":"Shining Light","floor":10,"gold_loss":0,"cards_upgraded":["Melter","Strike_B"]},{"damage_healed":0,"gold_gain":0,"player_choice":"Got Potions","damage_taken":0,"max_hp_gain":0,"max_hp_loss":0,"event_name":"Lab","floor":11,"gold_loss":0}],"is_beta":false,"boss_relics":[{"not_picked":["Coffee Dripper","Calling Bell"],"picked":"Busted Crown"}],"items_purged_floors":[13,21],"is_endless":false,"potions_floor_spawned":[7,16,18,22,28],"killed_by":"Snake Plant","ascension_level":1}