{"gold_per_floor":[118,68,68,78,88,88,119,119,145,245,7,7,7,33,33,136,136,149,149,160,160,160],"floor_reached":22,"playtime":2822,"items_purged":[],"score":240,"play_id":"68809eb4-d3db-4b88-9079-ee8667377c89","local_time":"20190425212624","is_ascension_mode":false,"campfire_choices":[{"data":"Crippling Poison","floor":6,"key":"SMITH"},{"data":"Neutralize","floor":8,"key":"SMITH"},{"floor":12,"key":"REST"},{"data":"Quick Slash","floor":15,"key":"SMITH"}],"neow_cost":"NONE","seed_source_timestamp":186612831019400,"circlet_count":0,"master_deck":["Defend_G","Defend_G","Defend_G","Defend_G","Defend_G","Survivor","Neutralize+1","Crippling Poison+1","Dodge and Roll","Terror","Quick Slash+1","Backflip","Malaise","Distraction","Poisoned Stab","Bite","Bite","Bite","Bite","Bite"],"relics":["Ring of the Snake","NeowsBlessing","Boot","Juzu Bracelet","Dream Catcher","Bottled Lightning","Mummified Hand","Black Star"],"potions_floor_usage":[20,22,22],"damage_taken":[{"damage":0,"enemies":"Jaw Worm","floor":1,"turns":1},{"damage":0,"enemies":"2 Louse","floor":4,"turns":1},{"damage":0,"enemies":"Cultist","floor":5,"turns":1},{"damage":47,"enemies":"Gremlin Nob","floor":7,"turns":7},{"damage":0,"enemies":"Lagavulin","floor":14,"turns":5},{"damage":30,"enemies":"Hexaghost","floor":16,"turns":13},{"damage":20,"enemies":"3 Byrds","floor":18,"turns":4},{"damage":37,"enemies":"2 Thieves","floor":20,"turns":5},{"damage":19,"enemies":"Snake Plant","floor":22,"turns":3}],"seed_played":"-6132671493369326645","potions_obtained":[{"floor":1,"key":"AttackPotion"},{"floor":5,"key":"AttackPotion"},{"floor":16,"key":"AttackPotion"},{"floor":20,"key":"SkillPotion"}],"is_trial":false,"path_per_floor":["M","?","?","M","M","R","E","R","T","?","$","R","$","E","R","B",null,"M","?","M","?","M"],"character_chosen":"THE_SILENT","items_purchased":["Bottled Lightning"],"campfire_rested":1,"item_purchase_floors":[11],"current_hp_per_floor":[70,70,70,70,70,70,23,23,23,23,23,44,44,44,44,14,70,50,50,13,13,0],"gold":160,"neow_bonus":"THREE_ENEMY_KILL","is_prod":false,"is_daily":false,"chose_seed":false,"campfire_upgraded":3,"win_rate":0,"timestamp":1556241984,"path_taken":["M","?","?","?","M","R","E","R","T","?","$","R","?","E","R","BOSS","M","?","M","?","M"],"build_version":"2019-01-23","purchased_purges":0,"victory":false,"max_hp_per_floor":[70,70,70,70,70,70,70,70,70,70,70,70,70,70,70,70,70,70,70,70,49,49],"card_choices":[{"not_picked":["Dagger Spray","Heel Hook"],"picked":"Crippling Poison","floor":1},{"not_picked":["Prepared","Outmaneuver"],"picked":"Dodge and Roll","floor":4},{"not_picked":["Reflex","Dagger Spray","Underhanded Strike"],"picked":"SKIP","floor":5},{"not_picked":["Setup","Outmaneuver"],"picked":"Terror","floor":7},{"not_picked":["Backflip","Poisoned Stab"],"picked":"Bane","floor":12},{"not_picked":["Envenom","Sucker Punch"],"picked":"Quick Slash","floor":14},{"not_picked":["Phantasmal Killer","Envenom"],"picked":"A Thousand Cuts","floor":16},{"not_picked":["Outmaneuver","Expertise"],"picked":"Backflip","floor":18},{"not_picked":["Riddle With Holes","Quick Slash"],"picked":"Poisoned Stab","floor":20}],"player_experience":189800,"relics_obtained":[{"floor":7,"key":"Juzu Bracelet"},{"floor":9,"key":"Dream Catcher"},{"floor":14,"key":"Mummified Hand"}],"event_choices":[{"cards_removed":["Strike_G"],"damage_healed":0,"gold_gain":0,"player_choice":"Card Removal","damage_taken":0,"max_hp_gain":0,"max_hp_loss":0,"event_name":"The Cleric","floor":2,"gold_loss":50},{"damage_healed":0,"gold_gain":0,"player_choice":"Gave Potion","damage_taken":0,"relics_obtained":["Boot"],"max_hp_gain":0,"max_hp_loss":0,"event_name":"WeMeetAgain","floor":3,"gold_loss":0},{"damage_healed":0,"gold_gain":100,"player_choice":"Gold","damage_taken":0,"max_hp_gain":0,"max_hp_loss":0,"event_name":"Wheel of Change","floor":10,"gold_loss":0},{"damage_healed":0,"gold_gain":0,"cards_transformed":["A Thousand Cuts","Bane"],"player_choice":"Became Test Subject","damage_taken":0,"max_hp_gain":0,"max_hp_loss":0,"event_name":"Drug Dealer","floor":19,"gold_loss":0,"cards_obtained":["Malaise","Distraction"]},{"damage_healed":0,"gold_gain":0,"player_choice":"Became a vampire","damage_taken":0,"max_hp_gain":0,"max_hp_loss":21,"event_name":"Vampires","floor":21,"gold_loss":0,"cards_obtained":["Bite","Bite","Bite","Bite","Bite"]}],"is_beta":false,"boss_relics":[{"not_picked":["White Beast Statue","Coffee Dripper"],"picked":"Black Star"}],"items_purged_floors":[],"is_endless":false,"potions_floor_spawned":[1,5,16,20],"killed_by":"Snake Plant","ascension_level":0}