{"gold_per_floor":[114,40,50,67,32,32,66,66,90,118,118,43,43,78,78,153,153,164,199,199],"floor_reached":20,"playtime":748,"items_purged":["Strike_G"],"score":417,"play_id":"5257403b-918b-4009-9b22-74bf0d669bbd","local_time":"20190425022153","is_ascension_mode":true,"campfire_choices":[{"data":"Noxious Fumes","floor":6,"key":"SMITH"},{"data":"Noxious Fumes","floor":8,"key":"SMITH"},{"floor":11,"key":"REST"},{"data":"Backstab","floor":13,"key":"SMITH"},{"data":"Footwork","floor":15,"key":"SMITH"}],"neow_cost":"NONE","seed_source_timestamp":27459847803830,"circlet_count":0,"master_deck":["AscendersBane","Defend_G","Defend_G","Defend_G","Defend_G","Defend_G","Strike_G","Strike_G","Strike_G","Strike_G","Survivor","Neutralize","Flying Knee","Noxious Fumes+1","Dash","Crippling Poison","Noxious Fumes+1","Well Laid Plans","Backstab+1","Footwork+1","Malaise","Escape Plan"],"relics":["White Beast Statue","Juzu Bracelet","Vajra","Potion Belt","Turnip","Cursed Key","Red Mask"],"potions_floor_usage":[10,14,16,19,19],"damage_taken":[{"damage":9,"enemies":"Cultist","floor":1,"turns":6},{"damage":1,"enemies":"Jaw Worm","floor":3,"turns":4},{"damage":3,"enemies":"Small Slimes","floor":4,"turns":4},{"damage":19,"enemies":"Lagavulin","floor":7,"turns":8},{"damage":22,"enemies":"3 Sentries","floor":10,"turns":6},{"damage":14,"enemies":"Gremlin Nob","floor":14,"turns":4},{"damage":0,"enemies":"Hexaghost","floor":16,"turns":8},{"damage":6,"enemies":"3 Byrds","floor":18,"turns":5},{"damage":35,"enemies":"Masked Bandits","floor":19,"turns":5},{"damage":0,"enemies":"Colosseum Slavers","floor":20,"turns":1}],"seed_played":"3797775394488921935","potions_obtained":[{"floor":1,"key":"SpeedPotion"},{"floor":3,"key":"Ancient Potion"},{"floor":7,"key":"Block Potion"},{"floor":10,"key":"Strength Potion"},{"floor":14,"key":"FearPotion"},{"floor":16,"key":"Energy Potion"},{"floor":18,"key":"LiquidBronze"},{"floor":19,"key":"SteroidPotion"}],"is_trial":false,"path_per_floor":["M","$","M","M","$","R","E","R","T","E","R","$","R","E","R","B",null,"M","?","?"],"character_chosen":"THE_SILENT","items_purchased":["Noxious Fumes","Noxious Fumes"],"campfire_rested":1,"item_purchase_floors":[2,5],"current_hp_per_floor":[50,50,49,46,46,46,27,27,27,5,24,24,24,10,10,10,52,46,11,11],"gold":199,"neow_bonus":"BOSS_RELIC","is_prod":false,"is_daily":false,"chose_seed":false,"campfire_upgraded":4,"win_rate":0,"timestamp":1556169713,"path_taken":["M","$","M","M","$","R","E","R","T","E","R","$","R","E","R","BOSS","M","?","?"],"build_version":"2019-01-23","purchased_purges":1,"victory":false,"max_hp_per_floor":[66,66,66,66,66,66,66,66,66,66,66,66,66,66,66,66,66,66,66,66],"card_choices":[{"not_picked":["Deadly Poison","All Out Attack"],"picked":"Flying Knee","floor":1},{"not_picked":["Bane","Quick Slash"],"picked":"Dash","floor":3},{"not_picked":["Deadly Poison","Slice"],"picked":"Crippling Poison","floor":4},{"not_picked":["Concentrate","Dagger Throw"],"picked":"Well Laid Plans","floor":7},{"not_picked":["Expertise","Well Laid Plans"],"picked":"Backstab","floor":10},{"not_picked":["Blade Dance","Deflect"],"picked":"Footwork","floor":14},{"not_picked":["Wraith Form v2","Night Terror"],"picked":"Malaise","floor":16},{"not_picked":["Flying Knee","Footwork"],"picked":"Escape Plan","floor":18}],"player_experience":753453,"relics_obtained":[{"floor":7,"key":"Juzu Bracelet"},{"floor":9,"key":"Vajra"},{"floor":10,"key":"Potion Belt"},{"floor":14,"key":"Turnip"},{"floor":19,"key":"Red Mask"}],"event_choices":[{"damage_healed":0,"gold_gain":0,"player_choice":"Fought Bandits","damage_taken":0,"max_hp_gain":0,"max_hp_loss":0,"event_name":"Masked Bandits","floor":19,"gold_loss":0},{"damage_healed":0,"gold_gain":0,"player_choice":"Fight","damage_taken":0,"max_hp_gain":0,"max_hp_loss":0,"event_name":"Colosseum","floor":20,"gold_loss":0}],"is_beta":false,"boss_relics":[{"not_picked":["Snecko Eye","Astrolabe"],"picked":"Cursed Key"}],"items_purged_floors":[12],"is_endless":false,"potions_floor_spawned":[1,3,4,7,10,14,16,18,19],"killed_by":"Colosseum Slavers","ascension_level":15}