{"gold_per_floor":[118,193,11,30,30,30,43,74,74,74,85,95,111,141,141,237,237,209,221,241,166,166,166,198,217,267,267,301,301,301,319,319,422,422,442,111,0,0,0,0,26,43,43,76,76,76,76,87,87,87],"floor_reached":51,"playtime":3644,"items_purged":[],"score":728,"play_id":"1e87b87d-4fc4-428e-b832-01b742e8cbc3","local_time":"20180713000054","is_ascension_mode":false,"campfire_choices":[{"data":"Neutralize","floor":6,"key":"SMITH"},{"data":"Crippling Poison","floor":10,"key":"SMITH"},{"floor":15,"key":"REST"},{"data":"Envenom","floor":23,"key":"SMITH"},{"floor":27,"key":"REST"},{"data":"Tools of the Trade","floor":29,"key":"SMITH"},{"data":"Cloak And Dagger","floor":32,"key":"SMITH"},{"data":"Wraith Form v2","floor":40,"key":"SMITH"},{"data":"Night Terror","floor":47,"key":"SMITH"},{"data":"Infinite Blades","floor":49,"key":"SMITH"}],"neow_cost":"","seed_source_timestamp":2384280235281599,"circlet_count":0,"master_deck":["Defend_G+1","Defend_G+1","Defend_G+1","Defend_G+1","Defend_G+1","Strike_G+1","Strike_G+1","Strike_G+1","Survivor","Neutralize+1","Crippling Poison+1","Dash","Deflect","Heel Hook","Escape Plan","Cloak And Dagger+1","Envenom+1","Caltrops","Wraith Form v2+1","Venomology","Quick Slash+1","Footwork","Sucker Punch+1","Endless Agony+1","Tools of the Trade+1","Blade Dance","Night Terror+1","Backflip+1","Infinite Blades+1","Escape Plan","Underhanded Strike+1","Malaise+1","Adrenaline","Madness","Madness","Flying Knee+1"],"relics":["Ring of the Serpent","Oddly Smooth Stone","Bottled Flame","Bird Faced Urn","Nloth\u0027s Gift","Blood Vial","Anchor","Snake Skull","HoveringKite","Bottled Lightning","Red Mask","Matryoshka","Ninja Scroll","Pear","Orichalcum"],"potions_floor_usage":[8,14,14,20,24,25,28,28,31,33,42,44,44,44,50,50],"damage_taken":[{"damage":1,"enemies":"Jaw Worm","floor":1,"turns":5},{"damage":0,"enemies":"Cultist","floor":4,"turns":4},{"damage":0,"enemies":"2 Louse","floor":7,"turns":3},{"damage":9,"enemies":"3 Sentries","floor":8,"turns":9},{"damage":0,"enemies":"Red Slaver","floor":11,"turns":4},{"damage":0,"enemies":"3 Louse","floor":12,"turns":2},{"damage":0,"enemies":"Exordium Thugs","floor":13,"turns":4},{"damage":15,"enemies":"Gremlin Nob","floor":14,"turns":5},{"damage":52,"enemies":"Slime Boss","floor":16,"turns":17},{"damage":8,"enemies":"2 Thieves","floor":18,"turns":5},{"damage":11,"enemies":"3 Byrds","floor":19,"turns":5},{"damage":31,"enemies":"Snecko","floor":20,"turns":6},{"damage":12,"enemies":"Slavers","floor":24,"turns":7},{"damage":8,"enemies":"Slaver and Parasite","floor":25,"turns":8},{"damage":2,"enemies":"Book of Stabbing","floor":28,"turns":7},{"damage":2,"enemies":"Sentry and Sphere","floor":31,"turns":7},{"damage":6,"enemies":"Champ","floor":33,"turns":11},{"damage":12,"enemies":"3 Darklings","floor":35,"turns":4},{"damage":36,"enemies":"2 Orb Walkers","floor":41,"turns":7},{"damage":5,"enemies":"Flame Bruiser 1 Orb","floor":42,"turns":4},{"damage":6,"enemies":"Nemesis","floor":44,"turns":7},{"damage":13,"enemies":"3 Darklings","floor":48,"turns":6},{"damage":17,"enemies":"Time Eater","floor":50,"turns":15}],"seed_played":"-3704378972885500052","potions_obtained":[{"floor":1,"key":"Explosive Potion"},{"floor":8,"key":"Poison Potion"},{"floor":11,"key":"SkillPotion"},{"floor":20,"key":"GhostInAJar"},{"floor":24,"key":"Explosive Potion"},{"floor":25,"key":"Block Potion"},{"floor":42,"key":"Dexterity Potion"},{"floor":48,"key":"Energy Potion"}],"is_trial":false,"path_per_floor":["M","?","$","M","?","R","M","E","T","R","M","M","M","E","R","B",null,"M","M","M","?","?","R","E","M","T","R","E","R","?","M","R","B",null,"M","$","?","$","?","R","E","M","T","E","?","$","R","M","R","B"],"character_chosen":"THE_SILENT","items_purchased":["Dash","Oddly Smooth Stone","Infinite Blades","Bottled Lightning"],"campfire_rested":2,"item_purchase_floors":[3,3,36,36],"current_hp_per_floor":[69,58,58,58,58,58,58,49,49,49,49,49,49,34,55,9,70,64,59,32,32,32,32,28,30,30,51,57,57,57,67,67,67,70,58,58,58,58,58,58,36,59,69,80,70,70,70,69,69,72],"gold":87,"neow_bonus":"","is_prod":false,"is_daily":false,"chose_seed":false,"campfire_upgraded":8,"win_rate":0,"timestamp":1531465254,"path_taken":["M","?","$","M","?","R","M","E","T","R","M","M","?","E","R","BOSS","M","M","M","?","?","R","E","M","T","R","E","R","?","?","R","BOSS","M","$","?","$","?","R","E","M","T","E","?","?","R","?","R","BOSS"],"build_version":"2018-07-12","purchased_purges":0,"victory":true,"max_hp_per_floor":[70,70,70,70,70,70,70,70,70,70,70,70,70,70,70,70,70,70,70,70,70,70,70,70,70,70,70,70,70,70,70,70,70,70,70,70,70,70,70,70,70,70,80,80,80,80,80,80,80,80],"card_choices":[{"not_picked":["Footwork","Quick Slash"],"picked":"Crippling Poison","floor":1},{"not_picked":["Dagger Throw","PiercingWail"],"picked":"Deflect","floor":4},{"not_picked":["Deflect","Endless Agony"],"picked":"Heel Hook","floor":7},{"not_picked":["Quick Slash","Footwork"],"picked":"Escape Plan","floor":8},{"not_picked":["Eviscerate","Bane"],"picked":"Cloak And Dagger","floor":11},{"not_picked":["Cloak And Dagger","Concentrate"],"picked":"Envenom","floor":12},{"not_picked":["Dodge and Roll","Bane"],"picked":"Caltrops","floor":13},{"not_picked":["All Out Attack","Deadly Poison"],"picked":"Wraith Form v2","floor":14},{"not_picked":["Doppelganger","Tactician"],"picked":"Venomology","floor":16},{"not_picked":["Choke","Dash"],"picked":"Quick Slash+1","floor":18},{"not_picked":["Acrobatics","Concentrate","PiercingWail"],"picked":"SKIP","floor":19},{"not_picked":["Heel Hook+1","Quick Slash"],"picked":"Footwork","floor":20},{"not_picked":["Flying Knee","Unload"],"picked":"Sucker Punch+1","floor":24},{"not_picked":["Bane+1","Masterful Stab"],"picked":"Endless Agony+1","floor":25},{"not_picked":["Eviscerate","Underhanded Strike"],"picked":"Tools of the Trade","floor":28},{"not_picked":["Masterful Stab","Outmaneuver"],"picked":"Blade Dance","floor":31},{"not_picked":["Wraith Form v2","Adrenaline"],"picked":"Night Terror","floor":33},{"not_picked":["Deflect","Quick Slash+1"],"picked":"Backflip+1","floor":35},{"not_picked":["Die Die Die","Grand Finale"],"picked":"Underhanded Strike+1","floor":41},{"not_picked":["Heel Hook","Blur+1"],"picked":"Malaise+1","floor":42},{"not_picked":["PiercingWail","Burst"],"picked":"Adrenaline","floor":44},{"not_picked":["Deflect","Dagger Throw"],"picked":"Flying Knee+1","floor":48}],"player_experience":356654,"relics_obtained":[{"floor":8,"key":"Bottled Flame"},{"floor":9,"key":"The Courier"},{"floor":14,"key":"Bird Faced Urn"},{"floor":24,"key":"Blood Vial"},{"floor":26,"key":"Anchor"},{"floor":28,"key":"Snake Skull"},{"floor":41,"key":"Matryoshka"},{"floor":43,"key":"Ninja Scroll"},{"floor":43,"key":"Pear"},{"floor":44,"key":"Orichalcum"}],"event_choices":[{"event_name":"World of Goop","player_choice":"Gather Gold","floor":2,"damage_taken":0},{"event_name":"Purifier","player_choice":"One Purge","floor":5,"damage_taken":0},{"event_name":"Beggar","player_choice":"Gave Gold","floor":21,"damage_taken":0},{"event_name":"N\u0027loth","player_choice":"Traded a The Courier","floor":22,"damage_taken":0},{"event_name":"Back to Basics","player_choice":"Simplicity","floor":30,"damage_taken":0},{"event_name":"Tomb of Lord Red Mask","player_choice":"Paid","floor":37,"damage_taken":0},{"event_name":"Duplicator","player_choice":"One dupe","floor":39,"damage_taken":0},{"event_name":"Winding Halls","player_choice":"Embrace Madness","floor":45,"damage_taken":0}],"boss_relics":[{"not_picked":["Empty Cage","Lizard Tail"],"picked":"Ring of the Serpent"},{"not_picked":["Sozu","Snecko Eye"],"picked":"HoveringKite"}],"items_purged_floors":[],"is_endless":false,"potions_floor_spawned":[1,8,11,20,24,25,42,48],"ascension_level":0}