{"gold_per_floor":[115,115,134,24,39,73,73,73,73,98,98,116,116,36,36,138,138,154,168,168,183,201,233,233,264,264,284,314,314,334,354,354,458,458,472,485,485,74,90,123,123,0,24,24,24,39,39,49,49,49],"floor_reached":51,"playtime":6701,"items_purged":["Strike_G"],"score":986,"play_id":"a61eb5a2-7eb2-4770-bac9-61e1a0d1db27","local_time":"20190426010327","is_ascension_mode":true,"campfire_choices":[{"data":"Noxious Fumes","floor":7,"key":"SMITH"},{"data":"PiercingWail","floor":13,"key":"SMITH"},{"floor":15,"key":"REST"},{"data":"Malaise","floor":24,"key":"SMITH"},{"data":"Footwork","floor":29,"key":"SMITH"},{"data":"Footwork","floor":32,"key":"SMITH"},{"data":"Cloak And Dagger","floor":41,"key":"SMITH"},{"data":"Envenom","floor":49,"key":"SMITH"}],"neow_cost":"NONE","seed_source_timestamp":195743988036700,"circlet_count":0,"master_deck":["Defend_G","Defend_G","Defend_G","Defend_G","Strike_G+1","Strike_G","Strike_G","Survivor","Neutralize+1","Noxious Fumes+1","Cloak And Dagger","PiercingWail+1","Corpse Explosion","Escape Plan","Footwork+1","Malaise+1","Footwork+1","Cloak And Dagger+1","Infinite Blades+1","Envenom+1","PiercingWail+1","Well Laid Plans"],"relics":["Ring of the Snake","Gambling Chip","Calipers","Bronze Scales","Coffee Dripper","Omamori","Happy Flower","Ancient Tea Set","Gremlin Horn","Sozu","Sling","Centennial Puzzle","Dream Catcher","Red Mask","Pen Nib"],"potions_floor_usage":[10,16,33,39,50],"damage_taken":[{"damage":1,"enemies":"2 Louse","floor":1,"turns":3},{"damage":0,"enemies":"Small Slimes","floor":3,"turns":3},{"damage":0,"enemies":"Cultist","floor":5,"turns":3},{"damage":15,"enemies":"Lagavulin","floor":6,"turns":9},{"damage":14,"enemies":"3 Sentries","floor":10,"turns":6},{"damage":0,"enemies":"Looter","floor":12,"turns":3},{"damage":0,"enemies":"The Guardian","floor":16,"turns":10},{"damage":3,"enemies":"Shell Parasite","floor":18,"turns":6},{"damage":0,"enemies":"Spheric Guardian","floor":19,"turns":5},{"damage":9,"enemies":"Snake Plant","floor":21,"turns":5},{"damage":2,"enemies":"Chosen and Byrds","floor":22,"turns":6},{"damage":0,"enemies":"Gremlin Leader","floor":23,"turns":9},{"damage":28,"enemies":"Slavers","floor":25,"turns":3},{"damage":0,"enemies":"Cultist and Chosen","floor":27,"turns":5},{"damage":0,"enemies":"Book of Stabbing","floor":28,"turns":7},{"damage":0,"enemies":"Centurion and Healer","floor":30,"turns":6},{"damage":0,"enemies":"3 Cultists","floor":31,"turns":3},{"damage":1,"enemies":"Automaton","floor":33,"turns":11},{"damage":2,"enemies":"Orb Walker","floor":35,"turns":4},{"damage":0,"enemies":"3 Darklings","floor":36,"turns":4},{"damage":5,"enemies":"Spire Growth","floor":39,"turns":7},{"damage":3,"enemies":"Nemesis","floor":40,"turns":11},{"damage":6,"enemies":"Sphere and 2 Shapes","floor":46,"turns":4},{"damage":4,"enemies":"3 Darklings","floor":48,"turns":3},{"damage":9,"enemies":"Awakened One","floor":50,"turns":17}],"seed_played":"7521180390573930240","potions_obtained":[{"floor":3,"key":"SmokeBomb"},{"floor":5,"key":"Explosive Potion"},{"floor":10,"key":"EssenceOfSteel"},{"floor":18,"key":"FearPotion"},{"floor":21,"key":"SteroidPotion"},{"floor":23,"key":"SpeedPotion"},{"floor":28,"key":"Regen Potion"},{"floor":33,"key":"Weak Potion"}],"is_trial":false,"path_per_floor":["M","?","M","$","M","E","R","?","T","E","?","M","R","$","R","B",null,"M","M","?","M","M","E","R","E","T","M","E","R","M","M","R","B",null,"M","M","?","$","M","E","R","?","T","?","$","M","?","M","R","B",null],"character_chosen":"THE_SILENT","items_purchased":["Noxious Fumes","Footwork","Well Laid Plans","Sling","Centennial Puzzle"],"campfire_rested":1,"item_purchase_floors":[4,14,38,38,38],"current_hp_per_floor":[76,61,61,61,61,46,46,46,46,32,25,25,25,25,48,48,77,74,74,74,65,63,63,63,35,35,35,35,35,35,35,35,49,77,75,75,75,75,70,67,67,67,67,67,67,61,61,57,57,48],"gold":49,"neow_bonus":"TEN_PERCENT_HP_BONUS","is_prod":false,"is_daily":false,"chose_seed":false,"campfire_upgraded":7,"win_rate":0,"timestamp":1556255007,"path_taken":["M","?","M","$","M","E","R","?","T","E","?","M","R","$","R","BOSS","M","M","?","?","M","E","R","E","T","M","E","R","M","M","R","BOSS","M","M","?","$","?","E","R","?","T","?","?","M","?","M","R","BOSS"],"build_version":"2019-01-23","purchased_purges":1,"victory":true,"max_hp_per_floor":[77,77,77,77,77,77,77,77,77,77,77,77,77,77,77,77,77,77,77,77,77,77,77,77,77,77,77,77,77,77,77,77,77,77,77,77,77,77,77,77,77,77,77,77,77,77,73,73,73,73],"card_choices":[{"not_picked":["Underhanded Strike","Prepared","Deflect"],"picked":"SKIP","floor":1},{"not_picked":["Underhanded Strike","Poisoned Stab","Riddle With Holes"],"picked":"SKIP","floor":3},{"not_picked":["Eviscerate","Dagger Throw"],"picked":"Cloak And Dagger","floor":5},{"not_picked":["Bullet Time","Bane"],"picked":"PiercingWail","floor":6},{"not_picked":["Prepared","Heel Hook"],"picked":"Corpse Explosion","floor":10},{"not_picked":["Quick Slash","Dagger Throw"],"picked":"Escape Plan","floor":12},{"not_picked":["Doppelganger","Storm of Steel"],"picked":"Malaise","floor":16},{"not_picked":["Dagger Throw","Prepared"],"picked":"Footwork","floor":18},{"not_picked":["Blade Dance","Deadly Poison+1"],"picked":"Cloak And Dagger","floor":19},{"not_picked":["Dagger Spray","Prepared","Outmaneuver+1"],"picked":"SKIP","floor":21},{"not_picked":["Slice","Masterful Stab+1","Eviscerate+1"],"picked":"SKIP","floor":22},{"not_picked":["Dodge and Roll+1","Wraith Form v2"],"picked":"Infinite Blades+1","floor":23},{"not_picked":["Underhanded Strike","Outmaneuver","Finisher"],"picked":"SKIP","floor":25},{"not_picked":["Cloak And Dagger","Outmaneuver","Blade Dance"],"picked":"SKIP","floor":27},{"not_picked":["All Out Attack","Distraction+1","Slice+1"],"picked":"SKIP","floor":28},{"not_picked":["Bane","Backflip","Choke"],"picked":"SKIP","floor":30},{"not_picked":["Heel Hook+1","Footwork","Dagger Spray"],"picked":"SKIP","floor":31},{"not_picked":["Venomology","Storm of Steel"],"picked":"Envenom","floor":33},{"not_picked":["Tactician+1","Slice+1","Setup"],"picked":"SKIP","floor":35},{"not_picked":["Dodge and Roll+1","Deadly Poison"],"picked":"PiercingWail+1","floor":36},{"not_picked":["Outmaneuver","All Out Attack+1","Reflex"],"picked":"SKIP","floor":39},{"not_picked":["PiercingWail+1","Bullet Time","Flying Knee+1"],"picked":"SKIP","floor":40},{"not_picked":["Backstab+1","Underhanded Strike+1","Poisoned Stab+1"],"picked":"SKIP","floor":46},{"not_picked":["Prepared+1","Dodge and Roll","Heel Hook"],"picked":"SKIP","floor":48}],"player_experience":198656,"relics_obtained":[{"floor":6,"key":"Gambling Chip"},{"floor":9,"key":"Calipers"},{"floor":10,"key":"Bronze Scales"},{"floor":23,"key":"Omamori"},{"floor":25,"key":"Happy Flower"},{"floor":26,"key":"Ancient Tea Set"},{"floor":28,"key":"Gremlin Horn"},{"floor":40,"key":"Dream Catcher"},{"floor":43,"key":"Pen Nib"}],"event_choices":[{"damage_healed":0,"gold_gain":0,"player_choice":"Entered Light","damage_taken":15,"max_hp_gain":0,"max_hp_loss":0,"event_name":"Shining Light","floor":2,"gold_loss":0,"cards_upgraded":["Neutralize","Strike_G"]},{"damage_healed":0,"gold_gain":0,"player_choice":"Ignored","damage_taken":0,"max_hp_gain":0,"max_hp_loss":0,"event_name":"Liars Game","floor":8,"gold_loss":0},{"cards_removed":["Strike_G"],"damage_healed":0,"gold_gain":0,"player_choice":"Card Removal","damage_taken":7,"max_hp_gain":0,"max_hp_loss":0,"event_name":"Golden Wing","floor":11,"gold_loss":0},{"damage_healed":0,"gold_gain":0,"player_choice":"Ignored","damage_taken":0,"max_hp_gain":0,"max_hp_loss":0,"event_name":"N\u0027loth","floor":20,"gold_loss":0},{"damage_healed":0,"gold_gain":0,"player_choice":"Bought 0 Potions","damage_taken":0,"max_hp_gain":0,"max_hp_loss":0,"event_name":"The Woman in Blue","floor":37,"gold_loss":0},{"damage_healed":0,"gold_gain":0,"player_choice":"Paid","damage_taken":0,"relics_obtained":["Red Mask"],"max_hp_gain":0,"max_hp_loss":0,"event_name":"Tomb of Lord Red Mask","floor":42,"gold_loss":123},{"cards_removed":["Defend_G"],"damage_healed":0,"gold_gain":0,"player_choice":"Removed Skill","damage_taken":0,"max_hp_gain":0,"max_hp_loss":0,"event_name":"Falling","floor":44,"gold_loss":0},{"damage_healed":0,"gold_gain":0,"player_choice":"Max HP","damage_taken":0,"max_hp_gain":0,"max_hp_loss":4,"event_name":"Winding Halls","floor":47,"gold_loss":0}],"is_beta":false,"boss_relics":[{"not_picked":["Philosopher\u0027s Stone","Black Star"],"picked":"Coffee Dripper"},{"not_picked":["Pandora\u0027s Box","WristBlade"],"picked":"Sozu"}],"items_purged_floors":[4],"is_endless":false,"potions_floor_spawned":[3,5,10,18,21,23,27,28,33,40,48],"ascension_level":4}