{"gold_per_floor":[110,110,185,185,7,7,39,39,39,57,57,71,86,111,111,183,183,199,217,129,146,146,181,181,195,276,290,64,64,64,93,93,172,172,184,203,217,1216,896,896],"floor_reached":40,"playtime":1652,"items_purged":["Strike_G","Normality"],"score":893,"play_id":"9245c476-7536-493f-895d-bcec290b4d24","local_time":"20190208144559","is_ascension_mode":true,"campfire_choices":[{"data":"Noxious Fumes","floor":6.0,"key":"SMITH"},{"floor":11.0,"key":"REST"},{"floor":15.0,"key":"REST"},{"floor":24.0,"key":"REST"},{"floor":32.0,"key":"REST"}],"neow_cost":"NONE","seed_source_timestamp":0,"circlet_count":0,"master_deck":["AscendersBane","Defend_G","Defend_G","Defend_G","Defend_G","Defend_G","Strike_G","Strike_G","Strike_G+1","Strike_G","Survivor","Neutralize+1","Slice","Noxious Fumes+1","Bane+1","Leg Sweep","Poisoned Stab","Dodge and Roll","A Thousand Cuts+1","Backflip","Well Laid Plans","Backflip+1","Infinite Blades","Writhe","PiercingWail+1","Glass Knife","PiercingWail","Cloak And Dagger+1","Calculated Gamble","Normality"],"special_seed":0,"relics":["Ring of the Snake","Anchor","Pantograph","Mummified Hand","Sundial","Ninja Scroll","Whetstone","Cursed Key","MutagenicStrength","Blue Candle","Mercury Hourglass","Bag of Marbles","Gremlin Horn","WristBlade","Blood Vial"],"potions_floor_usage":[],"damage_taken":[{"damage":2.0,"enemies":"2 Louse","floor":1.0,"turns":4.0},{"damage":21.0,"enemies":"Lagavulin","floor":7.0,"turns":6.0},{"damage":0.0,"enemies":"Small Slimes","floor":10.0,"turns":3.0},{"damage":0.0,"enemies":"Cultist","floor":12.0,"turns":3.0},{"damage":0.0,"enemies":"Red Slaver","floor":13.0,"turns":3.0},{"damage":8.0,"enemies":"Gremlin Nob","floor":14.0,"turns":3.0},{"damage":33.0,"enemies":"Slime Boss","floor":16.0,"turns":12.0},{"damage":0.0,"enemies":"Chosen","floor":18.0,"turns":3.0},{"damage":2.0,"enemies":"3 Byrds","floor":19.0,"turns":4.0},{"damage":0.0,"enemies":"Cultist and Chosen","floor":21.0,"turns":7.0},{"damage":52.0,"enemies":"Gremlin Leader","floor":23.0,"turns":6.0},{"damage":0.0,"enemies":"Centurion and Healer","floor":25.0,"turns":5.0},{"damage":2.0,"enemies":"3 Cultists","floor":27.0,"turns":4.0},{"damage":9.0,"enemies":"Slavers","floor":31.0,"turns":4.0},{"damage":46.0,"enemies":"Collector","floor":33.0,"turns":11.0},{"damage":1.0,"enemies":"3 Darklings","floor":35.0,"turns":2.0},{"damage":1.0,"enemies":"Orb Walker","floor":36.0,"turns":2.0},{"damage":25.0,"enemies":"Transient","floor":37.0,"turns":6.0},{"damage":34,"enemies":"Reptomancer","floor":40,"turns":2}],"seed_played":"-8214714158128733978","potions_obtained":[{"floor":10.0,"key":"GamblersBrew"},{"floor":12.0,"key":"SteroidPotion"},{"floor":16.0,"key":"SpeedPotion"},{"floor":25.0,"key":"Block Potion"},{"floor":36.0,"key":"GhostInAJar"},{"floor":37.0,"key":"LiquidBronze"}],"is_trial":false,"path_per_floor":["M","?","?","?","$","R","E","T","T","M","R","M","M","E","R","B",null,"M","M","$","M","?","E","R","M","T","M","$","$","?","E","R","B",null,"M","M","M","?","$","E"],"character_chosen":"THE_SILENT","items_purchased":["Noxious Fumes","Bane","Well Laid Plans","Bag of Marbles","SpeedPotion","Blood Vial","Energy Potion"],"campfire_rested":4,"item_purchase_floors":[5,5,20,28,28,39,39],"current_hp_per_floor":[57,57,46,41,41,41,20,20,20,20,39,39,39,31,50,33,58,58,56,56,56,56,4,23,23,23,21,21,21,21,12,31,10,52,51,50,25,25,25,0],"gold":896,"neow_bonus":"RANDOM_COMMON_RELIC","is_prod":false,"is_daily":false,"chose_seed":false,"campfire_upgraded":1,"win_rate":0,"timestamp":1549633559,"path_taken":["M","?","?","?","$","R","E","?","T","M","R","M","M","E","R","BOSS","M","?","?","M","?","E","R","M","T","M","?","$","?","E","R","BOSS","M","M","M","?","$","E"],"build_version":"2019-01-23","purchased_purges":2,"victory":false,"max_hp_per_floor":[66,66,66,66,66,66,66,66,66,66,66,66,66,66,66,66,66,66,66,66,66,66,66,66,66,66,66,66,66,66,66,66,66,66,66,66,66,66,66,66],"card_choices":[{"not_picked":["Backflip","Deflect"],"picked":"Slice","floor":1.0},{"not_picked":["Slice","Eviscerate","Deflect"],"picked":"SKIP","floor":7.0},{"not_picked":["Underhanded Strike","Concentrate"],"picked":"Leg Sweep","floor":10.0},{"not_picked":["Setup","Concentrate","Heel Hook"],"picked":"SKIP","floor":12.0},{"not_picked":["Skewer","Slice"],"picked":"Poisoned Stab","floor":13.0},{"not_picked":["Acrobatics","Backflip"],"picked":"Dodge and Roll","floor":14.0},{"not_picked":["After Image","Burst"],"picked":"A Thousand Cuts","floor":16.0},{"not_picked":["Distraction","Endless Agony"],"picked":"Backflip","floor":18.0},{"not_picked":["Underhanded Strike","Poisoned Stab","Setup+1"],"picked":"SKIP","floor":19.0},{"not_picked":["Eviscerate","Flying Knee","Accuracy"],"picked":"SKIP","floor":21.0},{"not_picked":["Quick Slash","Distraction+1"],"picked":"Backflip+1","floor":23.0},{"not_picked":["Backflip","Terror"],"picked":"Infinite Blades","floor":25.0},{"not_picked":["Underhanded Strike","Sucker Punch+1","Deflect"],"picked":"SKIP","floor":27.0},{"not_picked":["Skewer","Calculated Gamble"],"picked":"PiercingWail+1","floor":31.0},{"not_picked":["Venomology","Grand Finale"],"picked":"Glass Knife","floor":33.0},{"not_picked":["Poisoned Stab","Acrobatics"],"picked":"PiercingWail","floor":35.0},{"not_picked":["Outmaneuver+1","Slice+1"],"picked":"Cloak And Dagger+1","floor":36.0},{"not_picked":["Well Laid Plans","Underhanded Strike"],"picked":"Calculated Gamble","floor":37.0}],"player_experience":1315441,"relics_obtained":[{"floor":7.0,"key":"Mummified Hand"},{"floor":8.0,"key":"Sundial"},{"floor":9.0,"key":"Ninja Scroll"},{"floor":14.0,"key":"Whetstone"},{"floor":23.0,"key":"Blue Candle"},{"floor":26.0,"key":"Mercury Hourglass"},{"floor":31.0,"key":"Gremlin Horn"}],"event_choices":[{"damage_healed":0.0,"max_hp_gain":0.0,"max_hp_loss":0.0,"gold_gain":0.0,"event_name":"Living Wall","player_choice":"Grow","floor":2.0,"gold_loss":0.0,"damage_taken":0.0,"cards_upgraded":["Neutralize"]},{"damage_healed":0.0,"max_hp_gain":0.0,"max_hp_loss":0.0,"gold_gain":75.0,"event_name":"World of Goop","player_choice":"Gather Gold","floor":3.0,"gold_loss":0.0,"damage_taken":11.0},{"damage_healed":0.0,"max_hp_gain":0.0,"max_hp_loss":0.0,"gold_gain":0.0,"event_name":"Scrap Ooze","player_choice":"Success","floor":4.0,"gold_loss":0.0,"damage_taken":5.0,"relics_obtained":["Pantograph"]},{"damage_healed":0.0,"max_hp_gain":0.0,"max_hp_loss":0.0,"gold_gain":0.0,"event_name":"Drug Dealer","player_choice":"Inject Mutagens","floor":22.0,"gold_loss":0.0,"damage_taken":0.0,"relics_obtained":["MutagenicStrength"]},{"damage_healed":0.0,"max_hp_gain":0.0,"max_hp_loss":0.0,"gold_gain":0.0,"event_name":"Upgrade Shrine","player_choice":"Upgraded","floor":30.0,"gold_loss":0.0,"damage_taken":0.0,"cards_upgraded":["A Thousand Cuts"]},{"damage_healed":0,"gold_gain":999,"player_choice":"Gold","damage_taken":0,"max_hp_gain":0,"max_hp_loss":0,"event_name":"MindBloom","floor":38,"gold_loss":0,"cards_obtained":["Normality","Normality"]}],"is_beta":false,"boss_relics":[{"not_picked":["Ring of the Serpent","Runic Pyramid"],"picked":"Cursed Key"},{"not_picked":["Pandora\u0027s Box","Fusion Hammer"],"picked":"WristBlade"}],"items_purged_floors":[5,39],"is_endless":false,"potions_floor_spawned":[10,12,16,18,25,31,36,37],"killed_by":"Reptomancer","ascension_level":20}