{"gold_per_floor":[16,30,30,42,42,42,69,69,69,29,3,3,23,81,81,154,154,169,169,169,187,197,197,197],"floor_reached":24,"playtime":1024,"items_purged":[],"score":388,"play_id":"6a8c9c06-1528-43fb-862a-b4663dfa1497","local_time":"20190409154436","is_ascension_mode":true,"campfire_choices":[{"data":"Fission","floor":6,"key":"SMITH"},{"floor":12,"key":"REST"},{"floor":15,"key":"REST"},{"data":"Defragment","floor":23,"key":"SMITH"}],"neow_cost":"NO_GOLD","seed_source_timestamp":1537354745226520,"circlet_count":0,"master_deck":["AscendersBane","Strike_B","Strike_B","Strike_B","Strike_B","Defend_B","Defend_B","Defend_B","Defend_B","Zap","Dualcast","Reboot","Ball Lightning","Coolheaded","Fission+1","Gash","Sunder","Hologram","Defragment+1","Sweeping Beam","Ball Lightning","Echo Form","Glacier","Defragment","Blizzard","FTL","Undo","Decay","Gash","Darkness","Genetic Algorithm"],"relics":["Cracked Core","Calipers","Vajra","Prayer Wheel","Meat on the Bone","Orrery"],"potions_floor_usage":[14,16,21,24],"damage_taken":[{"damage":8,"enemies":"2 Louse","floor":1,"turns":2},{"damage":12,"enemies":"Jaw Worm","floor":2,"turns":2},{"damage":1,"enemies":"Small Slimes","floor":4,"turns":4},{"damage":32,"enemies":"3 Sentries","floor":7,"turns":10},{"damage":1,"enemies":"Looter","floor":13,"turns":2},{"damage":25,"enemies":"Lagavulin Event","floor":14,"turns":5},{"damage":18,"enemies":"The Guardian","floor":16,"turns":12},{"damage":18,"enemies":"Shell Parasite","floor":18,"turns":7},{"damage":11,"enemies":"Spheric Guardian","floor":21,"turns":5},{"damage":0,"enemies":"Cultist and Chosen","floor":22,"turns":7},{"damage":47,"enemies":"Book of Stabbing","floor":24,"turns":3}],"seed_played":"-3751130641155354436","potions_obtained":[{"floor":2,"key":"SteroidPotion"},{"floor":14,"key":"FearPotion"},{"floor":16,"key":"GamblersBrew"},{"floor":18,"key":"SteroidPotion"},{"floor":21,"key":"EssenceOfSteel"},{"floor":22,"key":"LiquidBronze"}],"is_trial":false,"path_per_floor":["M","M","?","M","$","R","E","?","T","$","$","R","M","?","R","B",null,"M","?","?","M","M","R","E"],"character_chosen":"DEFECT","items_purchased":["Sunder","Hologram"],"campfire_rested":2,"item_purchase_floors":[10,11],"current_hp_per_floor":[56,44,49,48,48,48,16,5,5,5,5,27,26,1,23,17,61,43,43,43,44,44,44,0],"gold":197,"neow_bonus":"THREE_RARE_CARDS","is_prod":false,"is_daily":false,"chose_seed":false,"campfire_upgraded":2,"win_rate":0,"timestamp":1554817476,"path_taken":["M","M","?","M","$","R","E","?","T","?","$","R","M","?","R","BOSS","M","?","?","M","?","R","E"],"build_version":"2019-01-23","purchased_purges":0,"victory":false,"max_hp_per_floor":[71,71,76,76,76,76,76,76,76,76,76,76,76,76,76,76,76,76,76,76,76,76,76,76],"card_choices":[{"not_picked":["Amplify","All For One"],"picked":"Reboot","floor":0},{"not_picked":["Force Field","Turbo"],"picked":"Ball Lightning","floor":1},{"not_picked":["Hologram","Turbo"],"picked":"Coolheaded","floor":2},{"not_picked":["Cold Snap","Compile Driver"],"picked":"Fission","floor":4},{"not_picked":["Fusion","Chaos"],"picked":"Gash","floor":7},{"not_picked":["Leap","Redo"],"picked":"Defragment","floor":13},{"not_picked":["Consume","Beam Cell"],"picked":"Sweeping Beam","floor":13},{"not_picked":["Gash","Turbo"],"picked":"Ball Lightning","floor":14},{"not_picked":["Machine Learning","Reboot"],"picked":"Echo Form","floor":16},{"not_picked":["FTL","Steam"],"picked":"Glacier","floor":17},{"not_picked":["Ball Lightning","Genetic Algorithm"],"picked":"Defragment","floor":17},{"not_picked":["Melter","Steam"],"picked":"Blizzard","floor":17},{"not_picked":["Chaos","Rip and Tear"],"picked":"FTL","floor":17},{"not_picked":["Cold Snap","Turbo"],"picked":"Undo","floor":18},{"not_picked":["Rebound","Barrage","Streamline"],"picked":"SKIP","floor":18},{"not_picked":["BootSequence","Melter","Ball Lightning"],"picked":"SKIP","floor":21},{"not_picked":["Auto Shields","Rip and Tear","Sweeping Beam"],"picked":"SKIP","floor":21},{"not_picked":["Conserve Battery","Steam"],"picked":"Genetic Algorithm","floor":22},{"not_picked":["Leap","Stack","Go for the Eyes"],"picked":"SKIP","floor":22}],"player_experience":1432535,"relics_obtained":[{"floor":7,"key":"Calipers"},{"floor":9,"key":"Prayer Wheel"},{"floor":14,"key":"Meat on the Bone"}],"event_choices":[{"damage_healed":0,"gold_gain":0,"player_choice":"Donut","damage_taken":0,"max_hp_gain":5,"max_hp_loss":0,"event_name":"Big Fish","floor":3,"gold_loss":0},{"damage_healed":0,"gold_gain":0,"player_choice":"Success","damage_taken":11,"relics_obtained":["Vajra"],"max_hp_gain":0,"max_hp_loss":0,"event_name":"Scrap Ooze","floor":8,"gold_loss":0},{"damage_healed":0,"gold_gain":0,"player_choice":"Searched \u00271\u0027 times","damage_taken":0,"max_hp_gain":0,"max_hp_loss":0,"event_name":"Dead Adventurer","floor":14,"gold_loss":0},{"damage_healed":0,"gold_gain":0,"player_choice":"Smashed Altar","damage_taken":0,"max_hp_gain":0,"max_hp_loss":0,"event_name":"Forgotten Altar","floor":19,"gold_loss":0,"cards_obtained":["Decay"]},{"damage_healed":0,"gold_gain":0,"player_choice":"2 cards matched","damage_taken":0,"max_hp_gain":0,"max_hp_loss":0,"event_name":"Match and Keep!","floor":20,"gold_loss":0,"cards_obtained":["Gash","Darkness"]}],"is_beta":false,"boss_relics":[{"not_picked":["Fusion Hammer","Sozu"],"picked":"Orrery"}],"items_purged_floors":[],"is_endless":false,"potions_floor_spawned":[2,14,16,18,21,22],"killed_by":"Book of Stabbing","ascension_level":20}