{"gold_per_floor":[114,114,129,204,219,219,219,219,244,194,224,224,243,262,262,387,387,406,406,31,50,125,125],"floor_reached":23,"playtime":508,"items_purged":["Strike_G"],"score":214,"play_id":"6d4c29b4-ebc4-462f-96d0-99efe9731cf5","local_time":"20190331225100","daily_mods":["Specialized","Time Dilation","Lethality"],"is_ascension_mode":false,"campfire_choices":[{"data":"Storm of Steel","floor":6,"key":"SMITH"},{"data":"Neutralize","floor":8,"key":"SMITH"},{"data":"Accuracy","floor":15,"key":"SMITH"}],"neow_cost":"","seed_source_timestamp":0,"circlet_count":0,"master_deck":["Defend_G","Defend_G","Defend_G","Defend_G","Defend_G","Strike_G","Strike_G","Strike_G","Strike_G","Survivor","Neutralize+1","Storm of Steel+1","Storm of Steel","Crippling Poison","Backstab","Accuracy+1","Die Die Die","Backflip"],"special_seed":17987,"relics":["Ring of the Serpent","Bag of Marbles","Vajra","Golden Idol","Tough Bandages"],"potions_floor_usage":[11,16,23],"damage_taken":[{"damage":0,"enemies":"Small Slimes","floor":1,"turns":1},{"damage":0,"enemies":"2 Louse","floor":3,"turns":1},{"damage":5,"enemies":"Jaw Worm","floor":5,"turns":2},{"damage":0,"enemies":"Gremlin Nob","floor":11,"turns":2},{"damage":0,"enemies":"Blue Slaver","floor":13,"turns":1},{"damage":0,"enemies":"Red Slaver","floor":14,"turns":1},{"damage":30,"enemies":"Hexaghost","floor":16,"turns":4},{"damage":9,"enemies":"Shell Parasite","floor":18,"turns":2},{"damage":0,"enemies":"Spheric Guardian","floor":21,"turns":1},{"damage":56,"enemies":"Book of Stabbing","floor":23,"turns":6}],"seed_played":"944917058842759055","potions_obtained":[{"floor":1,"key":"AttackPotion"},{"floor":3,"key":"GhostInAJar"},{"floor":11,"key":"SneckoOil"},{"floor":16,"key":"SpeedPotion"},{"floor":18,"key":"SpeedPotion"}],"is_trial":false,"path_per_floor":["M","$","M","?","M","R","?","R","T","?","E","?","M","M","R","B",null,"M","?","$","M","?","E"],"character_chosen":"THE_SILENT","items_purchased":["Tough Bandages"],"campfire_rested":0,"item_purchase_floors":[20],"current_hp_per_floor":[70,70,70,59,54,54,47,47,47,47,47,47,47,47,47,17,65,56,56,56,56,50,0],"gold":125,"neow_bonus":"","is_prod":false,"is_daily":true,"chose_seed":false,"campfire_upgraded":3,"win_rate":0,"timestamp":1554097860,"path_taken":["M","$","M","?","M","R","?","R","T","?","E","?","M","?","R","BOSS","M","?","$","?","?","E"],"build_version":"2019-01-23","purchased_purges":1,"victory":false,"max_hp_per_floor":[70,70,70,70,70,70,70,70,70,70,70,65,65,65,65,65,65,65,65,65,65,65,65],"card_choices":[{"not_picked":["Dodge and Roll","Distraction"],"picked":"Crippling Poison","floor":1},{"not_picked":["Deflect","Deadly Poison","Calculated Gamble"],"picked":"SKIP","floor":3},{"not_picked":["Slice","Infinite Blades","Quick Slash"],"picked":"SKIP","floor":5},{"not_picked":["Riddle With Holes","Dagger Spray"],"picked":"Backstab","floor":11},{"not_picked":["Dash","Malaise"],"picked":"Accuracy","floor":13},{"not_picked":["Dagger Spray","Prepared","Quick Slash"],"picked":"SKIP","floor":14},{"not_picked":["Phantasmal Killer","Night Terror"],"picked":"Die Die Die","floor":16},{"not_picked":["Dodge and Roll+1","Reflex"],"picked":"Backflip","floor":18},{"not_picked":["Dagger Throw","Tactician","Backflip"],"picked":"SKIP","floor":21}],"player_experience":878511,"relics_obtained":[{"floor":9,"key":"Bag of Marbles"},{"floor":11,"key":"Vajra"}],"event_choices":[{"damage_healed":0,"gold_gain":75,"player_choice":"Gather Gold","damage_taken":11,"max_hp_gain":0,"max_hp_loss":0,"event_name":"World of Goop","floor":4,"gold_loss":0},{"cards_removed":["Storm of Steel"],"damage_healed":0,"gold_gain":0,"player_choice":"Card Removal","damage_taken":7,"max_hp_gain":0,"max_hp_loss":0,"event_name":"Golden Wing","floor":7,"gold_loss":0},{"cards_removed":["Storm of Steel"],"damage_healed":0,"gold_gain":0,"player_choice":"Card Removal","damage_taken":0,"max_hp_gain":0,"max_hp_loss":0,"event_name":"The Cleric","floor":10,"gold_loss":50},{"damage_healed":0,"gold_gain":0,"player_choice":"Lose Max HP","damage_taken":0,"relics_obtained":["Golden Idol"],"max_hp_gain":0,"max_hp_loss":5,"event_name":"Golden Idol","floor":12,"gold_loss":0},{"cards_removed":["Storm of Steel"],"damage_healed":0,"gold_gain":0,"player_choice":"Purged","damage_taken":0,"max_hp_gain":0,"max_hp_loss":0,"event_name":"Purifier","floor":19,"gold_loss":0},{"damage_healed":0,"gold_gain":75,"player_choice":"Touch","damage_taken":6,"max_hp_gain":0,"max_hp_loss":0,"event_name":"FaceTrader","floor":22,"gold_loss":0}],"is_beta":false,"boss_relics":[{"not_picked":["Orrery","Empty Cage"],"picked":"Ring of the Serpent"}],"items_purged_floors":[20],"is_endless":false,"potions_floor_spawned":[1,3,11,16,18],"killed_by":"Book of Stabbing","ascension_level":0}