{"gold_per_floor":[10,10,285,304,16,72,83,83,130,166,196,217,217,10,10,130,130,151,151,170,190,215,248,273,188,211,211,249,249,249,268,268,387,387,406,67,80,80,80,100,119,119,142,155,175,275,289,309,309,309],"floor_reached":51,"playtime":5291,"items_purged":["Regret","Strike_B"],"score":926,"play_id":"5c0e1ad5-bf1c-4d48-aa32-a1d69a8dac56","local_time":"20190415015207","is_ascension_mode":true,"campfire_choices":[{"data":"Apotheosis","floor":13,"key":"SMITH"},{"data":"Echo Form","floor":15,"key":"SMITH"},{"floor":27,"key":"REST"},{"floor":29,"key":"REST"},{"data":"Loop","floor":32,"key":"SMITH"},{"floor":42,"key":"REST"},{"floor":49,"key":"REST"}],"neow_cost":"NO_GOLD","seed_source_timestamp":301214326183710,"circlet_count":0,"master_deck":["Strike_B","Strike_B","Defend_B","Defend_B","Defend_B","Defend_B","Zap","Dualcast","Biased Cognition","Conserve Battery","Apotheosis+1","Conserve Battery","Echo Form+1","Chill+1","Coolheaded+1","Rainbow+1","Sunder+1","Undo+1","Coolheaded+1","Ball Lightning+1","Coolheaded+1","Loop+1","Conserve Battery+1","Cold Snap+1","Seek+1","Conserve Battery+1","Hologram+1","Defragment","Glacier+1","Rainbow+1"],"relics":["Cracked Core","Tiny Chest","Golden Idol","Pen Nib","Toxic Egg 2","Art of War","Nuclear Battery","Smiling Mask","Dream Catcher","Lantern","Ancient Tea Set","Letter Opener","Fusion Hammer","Calipers","Bag of Marbles"],"potions_floor_usage":[23,28,33,50,50,50],"damage_taken":[{"damage":1,"enemies":"Cultist","floor":1,"turns":3},{"damage":15,"enemies":"Small Slimes","floor":4,"turns":3},{"damage":14,"enemies":"3 Sentries","floor":6,"turns":8},{"damage":0,"enemies":"2 Louse","floor":7,"turns":2},{"damage":6,"enemies":"Lagavulin","floor":10,"turns":7},{"damage":6,"enemies":"2 Fungi Beasts","floor":12,"turns":4},{"damage":8,"enemies":"Hexaghost","floor":16,"turns":9},{"damage":5,"enemies":"Spheric Guardian","floor":18,"turns":6},{"damage":0,"enemies":"3 Byrds","floor":20,"turns":5},{"damage":18,"enemies":"3 Cultists","floor":21,"turns":6},{"damage":5,"enemies":"Centurion and Healer","floor":22,"turns":5},{"damage":9,"enemies":"Book of Stabbing","floor":23,"turns":4},{"damage":1,"enemies":"Snecko","floor":24,"turns":4},{"damage":3,"enemies":"Slavers","floor":28,"turns":6},{"damage":4,"enemies":"Snake Plant","floor":31,"turns":3},{"damage":45,"enemies":"Champ","floor":33,"turns":11},{"damage":0,"enemies":"3 Darklings","floor":35,"turns":5},{"damage":0,"enemies":"3 Shapes","floor":37,"turns":3},{"damage":29,"enemies":"Writhing Mass","floor":40,"turns":6},{"damage":0,"enemies":"Maw","floor":41,"turns":7},{"damage":0,"enemies":"4 Shapes","floor":44,"turns":6},{"damage":4,"enemies":"3 Darklings","floor":45,"turns":4},{"damage":3,"enemies":"Spire Growth","floor":47,"turns":5},{"damage":3,"enemies":"Writhing Mass","floor":48,"turns":6},{"damage":0,"enemies":"Time Eater","floor":50,"turns":12}],"seed_played":"8800269296372446462","potions_obtained":[{"floor":4,"key":"FearPotion"},{"floor":12,"key":"LiquidBronze"},{"floor":16,"key":"Dexterity Potion"},{"floor":21,"key":"SmokeBomb"},{"floor":22,"key":"Energy Potion"},{"floor":23,"key":"Fire Potion"},{"floor":31,"key":"AttackPotion"},{"floor":37,"key":"FocusPotion"}],"is_trial":false,"path_per_floor":["?","?","M","?","?","?","M","?","?","?","?","M","?","M"],"character_chosen":"DEFECT","items_purchased":["Apotheosis","Conserve Battery","Art of War","Coolheaded+1","Calipers"],"campfire_rested":4,"item_purchase_floors":[5,5,14,14,36],"current_hp_per_floor":[74,74,74,59,59,45,45,45,45,39,39,33,33,33,33,25,58,53,53,53,35,30,21,20,20,20,40,37,57,57,53,53,8,54,54,54,54,54,54,25,25,44,44,44,40,40,37,34,53,53],"gold":309,"neow_bonus":"THREE_RARE_CARDS","is_prod":false,"is_daily":false,"chose_seed":false,"campfire_upgraded":3,"win_rate":0,"timestamp":1555267927,"path_taken":["M","?","?","M","$","E","?","?","T","E","?","M","R","$","R","BOSS","M","?","M","M","?","E","M","?","T","R","E","R","?","M","R","BOSS","M","$","M","?","?","?","M","R","T","M","M","?","?","M","R","BOSS"],"build_version":"2019-01-23","purchased_purges":2,"victory":true,"max_hp_per_floor":[75,75,75,75,75,75,75,69,69,69,69,69,69,69,69,69,69,69,69,69,69,69,69,69,69,69,69,69,69,69,69,69,69,69,69,69,69,69,66,66,66,66,66,66,66,66,66,66,66,66],"card_choices":[{"not_picked":["Machine Learning","Amplify"],"picked":"Biased Cognition","floor":0},{"not_picked":["Barrage","Aggregate"],"picked":"Conserve Battery","floor":1},{"not_picked":["Double Energy","Steam","Gash"],"picked":"SKIP","floor":4},{"not_picked":["Consume","Scrape","Force Field"],"picked":"SKIP","floor":6},{"not_picked":["Turbo","Beam Cell","Compile Driver"],"picked":"SKIP","floor":7},{"not_picked":["Barrage","Stack"],"picked":"Echo Form","floor":10},{"not_picked":["Scrape","Beam Cell"],"picked":"Chill+1","floor":12},{"not_picked":["Reboot+1","Fission+1"],"picked":"Rainbow+1","floor":16},{"not_picked":["Chaos+1","Stack+1"],"picked":"Sunder+1","floor":18},{"not_picked":["Hologram+1","Chill+1"],"picked":"Undo+1","floor":20},{"not_picked":["Double Energy+1","Streamline"],"picked":"Coolheaded+1","floor":21},{"not_picked":["Hologram+1","Turbo+1"],"picked":"Ball Lightning+1","floor":22},{"not_picked":["Chaos+1","Sweeping Beam"],"picked":"Coolheaded+1","floor":23},{"not_picked":["Recycle+1","Sweeping Beam"],"picked":"Loop","floor":24},{"not_picked":["Sweeping Beam","Force Field+1"],"picked":"Conserve Battery+1","floor":27},{"not_picked":["Amplify+1","Rebound"],"picked":"Cold Snap+1","floor":28},{"not_picked":["Double Energy+1","Leap+1","Turbo+1"],"picked":"SKIP","floor":31},{"not_picked":["Meteor Strike","Hyperbeam"],"picked":"Seek+1","floor":33},{"not_picked":["Gash","Go for the Eyes+1"],"picked":"Conserve Battery+1","floor":35},{"not_picked":["Gash+1","Genetic Algorithm+1"],"picked":"Hologram+1","floor":37},{"not_picked":["Turbo+1","Auto Shields+1","Ball Lightning+1"],"picked":"SKIP","floor":40},{"not_picked":["Stack+1","Reprogram+1","Sunder"],"picked":"SKIP","floor":41},{"not_picked":["Storm+1","Redo+1"],"picked":"Defragment","floor":42},{"not_picked":["Turbo+1","Rebound+1","Amplify+1"],"picked":"SKIP","floor":44},{"not_picked":["Ball Lightning+1","Stack+1","Beam Cell+1"],"picked":"SKIP","floor":45},{"not_picked":["Conserve Battery+1","Leap+1"],"picked":"Glacier+1","floor":47},{"not_picked":["Recycle+1","Hologram+1","Barrage+1"],"picked":"SKIP","floor":48},{"not_picked":["Blizzard+1","Barrage"],"picked":"Rainbow+1","floor":49}],"player_experience":212110,"relics_obtained":[{"floor":6,"key":"Tiny Chest"},{"floor":9,"key":"Pen Nib"},{"floor":10,"key":"Toxic Egg 2"},{"floor":23,"key":"Dream Catcher"},{"floor":26,"key":"Ancient Tea Set"},{"floor":28,"key":"Letter Opener"},{"floor":43,"key":"Bag of Marbles"}],"event_choices":[{"damage_healed":0,"gold_gain":0,"player_choice":"Leave","damage_taken":0,"max_hp_gain":0,"max_hp_loss":0,"event_name":"The Cleric","floor":2,"gold_loss":0},{"damage_healed":0,"gold_gain":275,"player_choice":"Desecrate","damage_taken":0,"max_hp_gain":0,"max_hp_loss":0,"event_name":"Golden Shrine","floor":3,"gold_loss":0,"cards_obtained":["Regret"]},{"damage_healed":0,"gold_gain":0,"player_choice":"Lose Max HP","damage_taken":0,"relics_obtained":["Golden Idol"],"max_hp_gain":0,"max_hp_loss":6,"event_name":"Golden Idol","floor":8,"gold_loss":0},{"damage_healed":0,"gold_gain":30,"player_choice":"Searched \u00272\u0027 times","damage_taken":0,"max_hp_gain":0,"max_hp_loss":0,"event_name":"Dead Adventurer","floor":11,"gold_loss":0},{"damage_healed":0,"gold_gain":0,"player_choice":"Gave Potion","damage_taken":0,"relics_obtained":["Smiling Mask"],"max_hp_gain":0,"max_hp_loss":0,"event_name":"WeMeetAgain","floor":19,"gold_loss":0},{"damage_healed":0,"gold_gain":0,"player_choice":"Obtained Relic","damage_taken":0,"relics_obtained":["Lantern"],"max_hp_gain":0,"max_hp_loss":0,"event_name":"Addict","floor":25,"gold_loss":85},{"cards_removed":["Strike_B"],"damage_healed":0,"gold_gain":0,"player_choice":"Elegance","damage_taken":0,"max_hp_gain":0,"max_hp_loss":0,"event_name":"Back to Basics","floor":30,"gold_loss":0},{"damage_healed":0,"gold_gain":0,"player_choice":"Memory 1","damage_taken":0,"max_hp_gain":0,"max_hp_loss":0,"event_name":"SensoryStone","floor":38,"gold_loss":0},{"damage_healed":0,"gold_gain":0,"player_choice":"Max HP","damage_taken":0,"max_hp_gain":0,"max_hp_loss":3,"event_name":"Winding Halls","floor":39,"gold_loss":0},{"damage_healed":0,"gold_gain":100,"player_choice":"Pray","damage_taken":0,"max_hp_gain":0,"max_hp_loss":0,"event_name":"Golden Shrine","floor":46,"gold_loss":0}],"is_beta":false,"boss_relics":[{"not_picked":["Calling Bell","Astrolabe"],"picked":"Nuclear Battery"},{"not_picked":["Black Star","Busted Crown"],"picked":"Fusion Hammer"}],"items_purged_floors":[5,36],"is_endless":false,"potions_floor_spawned":[4,12,16,21,22,23,31,37,40,41,44,47,48],"ascension_level":5}