{"path_per_floor":["M","$","M","?","?","E","?","M","T","M","M","E","M","M","R","B",null,"M","?","?","$","M","E"],"character_chosen":"IRONCLAD","items_purchased":["Ice Cream","Carnage"],"gold_per_floor":[15,15,30,30,105,135,105,118,143,154,172,199,219,237,237,332,332,348,348,348,6,19,46,46],"floor_reached":24,"campfire_rested":0,"playtime":1735,"current_hp_per_floor":[80,80,80,55,44,19,19,25,25,37,41,39,45,51,51,57,80,70,70,55,55,58,36,0],"items_purged":[],"gold":46,"score":278,"play_id":"d004d94b-8c2e-407a-af90-4f586a27f87b","local_time":"20180517000137","is_prod":false,"is_daily":false,"chose_seed":false,"is_ascension_mode":false,"campfire_upgraded":1,"timestamp":1526540497,"path_taken":["M","?","M","?","?","E","?","?","T","?","?","E","M","?","R","BOSS","M","?","?","?","M","E","M"],"build_version":"2018-05-10","seed_source_timestamp":1833197660175802,"purchased_purges":0,"victory":false,"master_deck":["Strike_R","Strike_R","Defend_R","Defend_R","Defend_R","Defend_R","Bash","Impervious","Uppercut","Twin Strike","Sword Boomerang","Inflame","Thunderclap","Bludgeon","Flame Barrier","Body Slam+1","Dark Embrace","Uppercut+1","Anger+1","Feel No Pain+1","Hemokinesis","Carnage","Havoc","Pommel Strike"],"max_hp_per_floor":[80,80,80,80,80,80,80,80,80,80,80,80,80,80,80,80,80,80,80,85,85,85,85,85],"relics":["Burning Blood","Regal Pillow","Du-Vu Doll","Anchor","Orichalcum","Astrolabe","Ice Cream","Toxic Egg 2"],"card_choices":[{"not_picked":["Brutality","Reaper"],"picked":"Impervious","floor":0},{"not_picked":["Anger","Sentinel"],"picked":"Uppercut","floor":1},{"not_picked":["True Grit","Wild Strike"],"picked":"Twin Strike","floor":3},{"not_picked":["Wild Strike","Evolve"],"picked":"Sword Boomerang","floor":8},{"not_picked":["Armaments","Clash"],"picked":"Inflame","floor":10},{"not_picked":["Body Slam","Shrug It Off"],"picked":"Thunderclap","floor":11},{"not_picked":["Rage","Iron Wave"],"picked":"Bludgeon","floor":12},{"not_picked":["Clothesline","Anger"],"picked":"Flame Barrier","floor":13},{"not_picked":["True Grit","Entrench"],"picked":"Body Slam","floor":14},{"not_picked":["Barricade","Berserk"],"picked":"Dark Embrace","floor":16},{"not_picked":["Wild Strike","Evolve"],"picked":"Hemokinesis","floor":18},{"not_picked":["Wild Strike","Pommel Strike"],"picked":"Havoc","floor":22},{"not_picked":["Uppercut","Sword Boomerang"],"picked":"Pommel Strike","floor":23}],"player_experience":434526,"potions_floor_usage":[6,10,12,12,16,16,23,23],"damage_taken":[{"damage":1,"enemies":"Cultist","floor":1,"turns":3},{"damage":1,"enemies":"2 Louse","floor":3,"turns":3},{"damage":31,"enemies":"3 Sentries","floor":6,"turns":10},{"damage":0,"enemies":"Small Slimes","floor":8,"turns":2},{"damage":2,"enemies":"Blue Slaver","floor":10,"turns":3},{"damage":2,"enemies":"2 Fungi Beasts","floor":11,"turns":3},{"damage":8,"enemies":"Gremlin Nob","floor":12,"turns":4},{"damage":0,"enemies":"Gremlin Gang","floor":13,"turns":4},{"damage":0,"enemies":"Looter","floor":14,"turns":3},{"damage":0,"enemies":"Slime Boss","floor":16,"turns":8},{"damage":16,"enemies":"2 Thieves","floor":18,"turns":5},{"damage":3,"enemies":"Chosen","floor":22,"turns":4},{"damage":28,"enemies":"Slavers","floor":23,"turns":5},{"damage":60,"enemies":"Slaver and Parasite","floor":24,"turns":8}],"event_choices":[{"event_name":"Scrap Ooze","player_choice":"success","floor":4,"damage_taken":25},{"event_name":"World of Goop","player_choice":"Gather Gold","floor":5,"damage_taken":0},{"event_name":"The Woman in Blue","player_choice":"Bought 2 Potions","floor":7,"damage_taken":0},{"event_name":"The Lab","player_choice":"Got Potions","floor":19,"damage_taken":0},{"event_name":"Forgotten Altar","player_choice":"Shed Blood","floor":20,"damage_taken":0}],"boss_relics":[{"not_picked":["Lizard Tail","Velvet Choker"],"picked":"Astrolabe"}],"potions_floor_spawned":[3,6,11,12,14,18],"seed_played":"3352130213680167022","killed_by":"Slaver and Parasite","ascension_level":0,"is_trial":false}