{"gold_per_floor":[113,113,113,126,201,201,262,262,262,291,291,303,303,331,331,432,432,447,462,473,473,489,489,521,550,574,91,366,392,404,404,404,508,508,522,533,533,36,55,85,85,96,122,122,140,158,158,158,158,158,158,158,14,39,39],"floor_reached":55,"playtime":3239,"items_purged":["Strike_R"],"score":783,"play_id":"ba5b53d9-5d16-4c46-aa0f-2606211c9813","local_time":"20190121212528","is_ascension_mode":false,"campfire_choices":[{"data":"Pommel Strike","floor":6,"key":"SMITH"},{"floor":11,"key":"REST"},{"floor":15,"key":"REST"},{"data":"Uppercut","floor":23,"key":"SMITH"},{"data":"Ghostly","floor":32,"key":"SMITH"},{"floor":41,"key":"REST"},{"floor":49,"key":"RECALL"},{"data":"Demon Form","floor":52,"key":"SMITH"}],"neow_cost":"NONE","seed_source_timestamp":586588253336500,"circlet_count":0,"master_deck":["Strike_R","Strike_R+1","Defend_R","Defend_R","Defend_R","Bash","Clothesline","Pommel Strike+1","Sever Soul+1","Disarm","Uppercut+1","Demon Form+1","Warcry+1","Anger","Necronomicurse","Evolve+1","Exhume","Spot Weakness","Flame Barrier","Inflame","Regret","True Grit","Dark Embrace","Ghostly+1","Ghostly","Ghostly","Ghostly","Ghostly","Fiend Fire","Battle Trance+1","Shrug It Off","Madness","Madness","Corruption","Forethought","Pummel","Heavy Blade","Pommel Strike+1","Infernal Blade+1","Heavy Blade","Injury","Parasite","Disarm+1","Metallicize+1","Discovery+1","Armaments+1","Havoc+1","Evolve","Feel No Pain"],"relics":["Burning Blood","Bronze Scales","Singing Bowl","Happy Flower","Odd Mushroom","Letter Opener","Mercury Hourglass","Mark of Pain","Necronomicon","Blue Candle","Red Mask","Whetstone","Shuriken","Lantern","Cursed Key","Bottled Tornado","Toxic Egg 2","Paper Frog"],"potions_floor_usage":[10,16,18,19,24,30,33,33,45,50,50],"damage_taken":[{"damage":3,"enemies":"2 Louse","floor":1,"turns":3},{"damage":7,"enemies":"Jaw Worm","floor":4,"turns":4},{"damage":44,"enemies":"Lagavulin Event","floor":7,"turns":6},{"damage":26,"enemies":"The Mushroom Lair","floor":10,"turns":4},{"damage":0,"enemies":"Small Slimes","floor":12,"turns":3},{"damage":18,"enemies":"Gremlin Nob","floor":14,"turns":4},{"damage":16,"enemies":"Hexaghost","floor":16,"turns":7},{"damage":5,"enemies":"Spheric Guardian","floor":18,"turns":3},{"damage":10,"enemies":"2 Thieves","floor":19,"turns":3},{"damage":9,"enemies":"Centurion and Healer","floor":20,"turns":6},{"damage":8,"enemies":"Snecko","floor":22,"turns":3},{"damage":17,"enemies":"Slavers","floor":24,"turns":5},{"damage":10,"enemies":"Masked Bandits","floor":25,"turns":3},{"damage":29,"enemies":"Gremlin Leader","floor":29,"turns":6},{"damage":12,"enemies":"3 Cultists","floor":30,"turns":3},{"damage":15,"enemies":"Collector","floor":33,"turns":8},{"damage":9,"enemies":"Orb Walker","floor":35,"turns":3},{"damage":3,"enemies":"3 Shapes","floor":36,"turns":8},{"damage":18,"enemies":"3 Darklings","floor":39,"turns":4},{"damage":25,"enemies":"Nemesis","floor":40,"turns":7},{"damage":5,"enemies":"Spire Growth","floor":42,"turns":5},{"damage":1,"enemies":"Writhing Mass","floor":45,"turns":5},{"damage":19,"enemies":"3 Darklings","floor":46,"turns":4},{"damage":14,"enemies":"Time Eater","floor":50,"turns":8},{"damage":43,"enemies":"Shield and Spear","floor":54,"turns":5},{"damage":45,"enemies":"The Heart","floor":55,"turns":6}],"seed_played":"-8457848543613992610","potions_obtained":[{"floor":4,"key":"GamblersBrew"},{"floor":7,"key":"SteroidPotion"},{"floor":14,"key":"Block Potion"},{"floor":16,"key":"Block Potion"},{"floor":20,"key":"SpeedPotion"},{"floor":22,"key":"PowerPotion"},{"floor":25,"key":"Poison Potion"},{"floor":29,"key":"Swift Potion"},{"floor":40,"key":"Ancient Potion"},{"floor":42,"key":"Block Potion"},{"floor":45,"key":"Dexterity Potion"},{"floor":54,"key":"SteroidPotion"}],"is_trial":false,"path_per_floor":["?","T","?","?","?","?","T","?","?","?","M","?","?","?","?","?"],"character_chosen":"IRONCLAD","items_purchased":["Shuriken","Flame Barrier","Inflame","Bottled Tornado","Corruption","Forethought","Pummel","Heavy Blade","Armaments+1","Havoc+1","Evolve"],"campfire_rested":3,"item_purchase_floors":[27,27,27,38,38,38,38,38,53,53,53],"current_hp_per_floor":[88,88,88,87,76,76,40,33,33,13,40,46,46,34,61,51,90,92,88,85,69,67,67,56,52,52,52,52,29,23,23,23,14,46,43,46,40,40,28,9,22,23,23,23,28,15,15,15,15,7,46,46,46,9,0],"gold":39,"neow_bonus":"TEN_PERCENT_HP_BONUS","is_prod":false,"is_daily":false,"chose_seed":false,"campfire_upgraded":4,"win_rate":0,"timestamp":1548131128,"path_taken":["M","?","?","M","?","R","?","?","T","?","R","M","?","E","R","BOSS","M","M","M","?","M","R","E","?","T","$","?","E","?","?","R","BOSS","M","M","?","$","M","E","R","M","T","?","M","M","?","?","R","BOSS","R","$","E","BOSS"],"build_version":"2019-01-20","purchased_purges":1,"victory":false,"max_hp_per_floor":[88,88,88,88,88,88,90,90,90,90,90,90,90,90,90,90,90,92,92,92,92,92,92,92,92,92,92,92,92,92,46,46,46,46,46,46,46,46,46,46,46,46,46,46,46,46,46,46,46,46,46,46,46,46,46],"card_choices":[{"not_picked":["Twin Strike","Headbutt"],"picked":"Clothesline","floor":1},{"not_picked":["Warcry","Wild Strike"],"picked":"Pommel Strike","floor":4},{"not_picked":["Thunderclap","Headbutt","Clash"],"picked":"Singing Bowl","floor":7},{"not_picked":["Warcry","Headbutt"],"picked":"Sever Soul","floor":10},{"not_picked":["Headbutt","Clothesline"],"picked":"Disarm","floor":12},{"not_picked":["Cleave","Sword Boomerang"],"picked":"Uppercut","floor":14},{"not_picked":["Bludgeon","Feed"],"picked":"Demon Form","floor":16},{"not_picked":["Flex","Body Slam","Thunderclap"],"picked":"Singing Bowl","floor":18},{"not_picked":["Thunderclap","Rampage"],"picked":"Warcry+1","floor":19},{"not_picked":["Flex","Wild Strike+1"],"picked":"Anger","floor":20},{"not_picked":["Anger","Fire Breathing"],"picked":"Evolve+1","floor":22},{"not_picked":["Fire Breathing+1","Pommel Strike"],"picked":"Exhume","floor":24},{"not_picked":["Thunderclap+1","Twin Strike"],"picked":"Spot Weakness","floor":25},{"not_picked":["Cleave","Carnage"],"picked":"True Grit","floor":29},{"not_picked":["Shrug It Off","Dropkick"],"picked":"Dark Embrace","floor":30},{"not_picked":["Berserk","Brutality"],"picked":"Fiend Fire","floor":33},{"not_picked":["Thunderclap+1","Spot Weakness+1"],"picked":"Battle Trance+1","floor":35},{"not_picked":["Headbutt+1","Sever Soul+1"],"picked":"Shrug It Off","floor":36},{"not_picked":["Combust+1","Clash+1"],"picked":"Pommel Strike+1","floor":39},{"not_picked":["Whirlwind","Pommel Strike"],"picked":"Infernal Blade+1","floor":40},{"not_picked":["Wild Strike","Warcry+1"],"picked":"Heavy Blade","floor":42},{"not_picked":["Infernal Blade+1","Flex+1"],"picked":"Disarm+1","floor":45},{"not_picked":["Cleave","Warcry+1"],"picked":"Metallicize+1","floor":46},{"not_picked":["Madness+1","Thinking Ahead+1"],"picked":"Discovery+1","floor":47},{"not_picked":["Bloodletting+1","Iron Wave"],"picked":"Feel No Pain","floor":54}],"player_experience":407327,"relics_obtained":[{"floor":3,"key":"Bronze Scales"},{"floor":7,"key":"Singing Bowl"},{"floor":9,"key":"Happy Flower"},{"floor":10,"key":"Odd Mushroom"},{"floor":13,"key":"Letter Opener"},{"floor":14,"key":"Mercury Hourglass"},{"floor":21,"key":"Necronomicon"},{"floor":24,"key":"Blue Candle"},{"floor":25,"key":"Red Mask"},{"floor":26,"key":"Whetstone"},{"floor":29,"key":"Lantern"},{"floor":40,"key":"Toxic Egg 2"},{"floor":54,"key":"Paper Frog"}],"event_choices":[{"cards_removed":["Strike_R"],"damage_healed":0,"gold_gain":0,"player_choice":"Forget","damage_taken":0,"max_hp_gain":0,"max_hp_loss":0,"event_name":"Living Wall","floor":2,"gold_loss":0},{"damage_healed":0,"gold_gain":75,"player_choice":"Gather Gold","damage_taken":11,"max_hp_gain":0,"max_hp_loss":0,"event_name":"World of Goop","floor":5,"gold_loss":0},{"damage_healed":0,"gold_gain":0,"player_choice":"Searched \u00271\u0027 times","damage_taken":0,"max_hp_gain":0,"max_hp_loss":0,"event_name":"Dead Adventurer","floor":7,"gold_loss":0},{"cards_removed":["Strike_R"],"damage_healed":0,"gold_gain":0,"player_choice":"Card Removal","damage_taken":7,"max_hp_gain":0,"max_hp_loss":0,"event_name":"Golden Wing","floor":8,"gold_loss":0},{"damage_healed":0,"gold_gain":0,"player_choice":"Fought Mushrooms","damage_taken":0,"max_hp_gain":0,"max_hp_loss":0,"event_name":"Mushrooms","floor":10,"gold_loss":0},{"damage_healed":0,"gold_gain":0,"player_choice":"Obtained Book","damage_taken":16,"max_hp_gain":0,"max_hp_loss":0,"event_name":"Cursed Tome","floor":21,"gold_loss":0},{"damage_healed":0,"gold_gain":0,"player_choice":"Fought Bandits","damage_taken":0,"max_hp_gain":0,"max_hp_loss":0,"event_name":"Masked Bandits","floor":25,"gold_loss":0},{"damage_healed":0,"gold_gain":275,"player_choice":"Desecrate","damage_taken":0,"max_hp_gain":0,"max_hp_loss":0,"event_name":"Golden Shrine","floor":28,"gold_loss":0,"cards_obtained":["Regret"]},{"damage_healed":0,"gold_gain":0,"player_choice":"Became a Ghost","damage_taken":0,"max_hp_gain":0,"max_hp_loss":46,"event_name":"Ghosts","floor":31,"gold_loss":0,"cards_obtained":["Ghostly","Ghostly","Ghostly","Ghostly","Ghostly"]},{"damage_healed":0,"gold_gain":0,"player_choice":"Embrace Madness","damage_taken":6,"max_hp_gain":0,"max_hp_loss":0,"event_name":"Winding Halls","floor":37,"gold_loss":0,"cards_obtained":["Madness","Madness"]},{"cards_removed":["Defend_R"],"damage_healed":0,"gold_gain":0,"player_choice":"Removed Skill","damage_taken":0,"max_hp_gain":0,"max_hp_loss":0,"event_name":"Falling","floor":44,"gold_loss":0},{"damage_healed":0,"gold_gain":0,"player_choice":"Memory 1","damage_taken":0,"max_hp_gain":0,"max_hp_loss":0,"event_name":"SensoryStone","floor":47,"gold_loss":0},{"damage_healed":0,"gold_gain":0,"player_choice":"Ignored","damage_taken":0,"max_hp_gain":0,"max_hp_loss":0,"event_name":"Mysterious Sphere","floor":48,"gold_loss":0}],"is_beta":true,"boss_relics":[{"not_picked":["Empty Cage","Ectoplasm"],"picked":"Mark of Pain"},{"not_picked":["Busted Crown","Coffee Dripper"],"picked":"Cursed Key"}],"items_purged_floors":[27],"is_endless":false,"potions_floor_spawned":[4,7,14,16,20,22,25,29,40,42,45,54],"killed_by":"The Heart","ascension_level":0}