{"gold_per_floor":[118,118,118,130,141,141,151,151,177,199,211,240,262,293,305,415,427,455,478,509,521,237,265,265,276,301,319,345,365,365,376,376,471,471,490,110,210,210,265,265],"floor_reached":40,"playtime":5129,"items_purged":["Battle Trance+1"],"score":447,"play_id":"cddd9e16-402a-467c-8a3f-394dcbc6799a","local_time":"20181205135054","is_ascension_mode":false,"campfire_choices":[{"data":"Iron Wave","floor":6,"key":"SMITH"},{"data":"Iron Wave","floor":8,"key":"SMITH"},{"data":"Seeing Red","floor":15,"key":"SMITH"},{"floor":24,"key":"REST"},{"floor":32,"key":"REST"}],"neow_cost":"","seed_source_timestamp":1586577471693,"circlet_count":0,"master_deck":["Strike_R+1","Strike_R+1","Strike_R+1","Strike_R+1","Strike_R+1","Defend_R+1","Defend_R+1","Defend_R+1","Defend_R+1","Bash+1","Shrug It Off","Iron Wave+1","Iron Wave+1","Flame Barrier+1","Seeing Red+1","Headbutt","Double Tap","Perfected Strike+1","Cleave","Shockwave","Armaments","Iron Wave+1","Flame Barrier","Pommel Strike","Juggernaut","Bludgeon+1","Feed+1","Fiend Fire","Whirlwind+1"],"relics":["Burning Blood","Ancient Tea Set","MawBank","Runic Pyramid","NlothsMask","PreservedInsect","Strawberry","Bronze Scales","Astrolabe","Blood Vial","Pocketwatch","Charon\u0027s Ashes"],"potions_floor_usage":[16,16,16,29,33,33,33,39],"damage_taken":[{"damage":4,"enemies":"Jaw Worm","floor":1,"turns":5},{"damage":2,"enemies":"2 Louse","floor":4,"turns":3},{"damage":6,"enemies":"Cultist","floor":5,"turns":3},{"damage":0,"enemies":"2 Fungi Beasts","floor":7,"turns":4},{"damage":9,"enemies":"Lots of Slimes","floor":10,"turns":5},{"damage":6,"enemies":"Large Slime","floor":12,"turns":8},{"damage":9,"enemies":"2 Fungi Beasts","floor":13,"turns":3},{"damage":2,"enemies":"Looter","floor":14,"turns":3},{"damage":23,"enemies":"The Guardian","floor":16,"turns":13},{"damage":12,"enemies":"Shell Parasite","floor":18,"turns":6},{"damage":37,"enemies":"3 Byrds","floor":19,"turns":6},{"damage":23,"enemies":"Sentry and Sphere","floor":20,"turns":6},{"damage":27,"enemies":"Slavers","floor":23,"turns":5},{"damage":0,"enemies":"Snecko","floor":25,"turns":3},{"damage":13,"enemies":"Centurion and Healer","floor":27,"turns":9},{"damage":22,"enemies":"Book of Stabbing","floor":28,"turns":4},{"damage":3,"enemies":"Cultist and Chosen","floor":29,"turns":5},{"damage":14,"enemies":"Shelled Parasite and Fungi","floor":31,"turns":5},{"damage":70,"enemies":"Champ","floor":33,"turns":19},{"damage":29,"enemies":"3 Shapes","floor":35,"turns":4},{"damage":33,"enemies":"Mind Bloom Boss Battle","floor":37,"turns":9},{"damage":49,"enemies":"2 Orb Walkers","floor":39,"turns":5},{"damage":24,"enemies":"Nemesis","floor":40,"turns":2}],"seed_played":"-4868668087456732250","potions_obtained":[{"floor":4,"key":"Dexterity Potion"},{"floor":5,"key":"Energy Potion"},{"floor":7,"key":"Dexterity Potion"},{"floor":12,"key":"FearPotion"},{"floor":14,"key":"Ancient Potion"},{"floor":20,"key":"Weak Potion"},{"floor":23,"key":"LiquidBronze"},{"floor":28,"key":"BloodPotion"},{"floor":29,"key":"EssenceOfSteel"},{"floor":37,"key":"Explosive Potion"}],"is_trial":false,"path_per_floor":["M","?","?","M","M","R","M","R","T","M","?","M","M","M","R","B",null,"M","M","M","?","$","E","R","M","T","M","E","M","?","M","R","B",null,"M","$","?","?","?","E"],"character_chosen":"IRONCLAD","items_purchased":["Cleave","PreservedInsect","Shockwave","Poison Potion","Blood Vial","Fiend Fire"],"campfire_rested":2,"item_purchase_floors":[22,22,22,22,36,36],"current_hp_per_floor":[80,73,73,77,77,77,80,80,80,77,77,77,74,78,78,64,83,80,52,35,35,35,24,53,59,59,52,36,52,52,44,74,10,103,80,80,55,55,14,0],"gold":265,"neow_bonus":"","is_prod":false,"is_daily":false,"chose_seed":false,"campfire_upgraded":3,"win_rate":0.0,"timestamp":1543992654,"path_taken":["M","?","?","M","M","R","M","R","T","M","?","M","?","M","R","BOSS","M","M","M","?","$","E","R","M","T","?","E","M","?","M","R","BOSS","M","$","?","?","?","E"],"build_version":"2018-12-4","purchased_purges":1,"victory":false,"max_hp_per_floor":[80,80,80,80,80,80,80,80,80,80,80,80,80,80,80,83,83,86,89,89,89,89,99,99,99,99,99,99,103,103,103,103,103,103,103,103,103,103,103,103],"card_choices":[{"not_picked":["Body Slam","Pummel"],"picked":"Shrug It Off","floor":1},{"not_picked":["Armaments","Perfected Strike"],"picked":"Iron Wave","floor":4},{"not_picked":["Fire Breathing","Pommel Strike"],"picked":"Iron Wave","floor":5},{"not_picked":["Burning Pact","Armaments"],"picked":"Battle Trance","floor":7},{"not_picked":["Twin Strike","Second Wind"],"picked":"Flame Barrier","floor":10},{"not_picked":["Shrug It Off","Blood for Blood"],"picked":"Seeing Red","floor":12},{"not_picked":["Pommel Strike","Warcry"],"picked":"Feed","floor":13},{"not_picked":["True Grit","Shrug It Off"],"picked":"Headbutt","floor":14},{"not_picked":["Offering","Impervious"],"picked":"Double Tap","floor":16},{"not_picked":["Warcry","True Grit+1"],"picked":"Perfected Strike+1","floor":18},{"not_picked":["Hemokinesis","Clothesline","Dual Wield"],"picked":"SKIP","floor":19},{"not_picked":["Disarm","Pommel Strike"],"picked":"Blood for Blood","floor":20},{"not_picked":["True Grit","Fire Breathing+1"],"picked":"Armaments","floor":23},{"not_picked":["Bloodletting","Clothesline"],"picked":"Iron Wave+1","floor":25},{"not_picked":["Warcry+1","Dark Embrace","Shrug It Off"],"picked":"SKIP","floor":27},{"not_picked":["Bloodletting","Uppercut"],"picked":"Flame Barrier","floor":28},{"not_picked":["Blood for Blood+1","Shrug It Off"],"picked":"Pommel Strike","floor":29},{"not_picked":["Infernal Blade","Cleave"],"picked":"Inflame","floor":31},{"not_picked":["Brutality","Reaper"],"picked":"Juggernaut","floor":33},{"not_picked":["Power Through+1","Shrug It Off","Clash+1"],"picked":"SKIP","floor":35},{"not_picked":["Dropkick","Cleave"],"picked":"Whirlwind+1","floor":39}],"player_experience":0,"relics_obtained":[{"floor":9,"key":"MawBank"},{"floor":23,"key":"Strawberry"},{"floor":28,"key":"Bronze Scales"},{"floor":37,"key":"Pocketwatch"},{"floor":39,"key":"Charon\u0027s Ashes"}],"event_choices":[{"damage_healed":0,"gold_gain":0,"player_choice":"Success","damage_taken":7,"relics_obtained":["Ancient Tea Set"],"max_hp_gain":0,"max_hp_loss":0,"event_name":"Scrap Ooze","floor":2,"gold_loss":0},{"damage_healed":0,"gold_gain":0,"player_choice":"Grow","damage_taken":0,"max_hp_gain":0,"max_hp_loss":0,"event_name":"Living Wall","floor":3,"gold_loss":0,"cards_upgraded":["Bash"]},{"damage_healed":0,"gold_gain":0,"player_choice":"Upgraded","damage_taken":0,"max_hp_gain":0,"max_hp_loss":0,"event_name":"Upgrade Shrine","floor":11,"gold_loss":0,"cards_upgraded":["Flame Barrier"]},{"damage_healed":0,"gold_gain":0,"player_choice":"Trade","damage_taken":0,"relics_obtained":["NlothsMask"],"max_hp_gain":0,"max_hp_loss":0,"event_name":"FaceTrader","floor":21,"gold_loss":0},{"damage_healed":0,"gold_gain":0,"player_choice":"Simplicity","damage_taken":0,"max_hp_gain":0,"max_hp_loss":0,"event_name":"Back to Basics","floor":30,"gold_loss":0,"cards_upgraded":["Strike_R","Strike_R","Strike_R","Strike_R","Strike_R","Defend_R","Defend_R","Defend_R","Defend_R"]},{"damage_healed":0,"gold_gain":0,"player_choice":"Fight","damage_taken":0,"max_hp_gain":0,"max_hp_loss":0,"event_name":"MindBloom","floor":37,"gold_loss":0},{"cards_removed":["Inflame"],"damage_healed":0,"gold_gain":0,"player_choice":"Removed Power","damage_taken":0,"max_hp_gain":0,"max_hp_loss":0,"event_name":"Falling","floor":38,"gold_loss":0},{"damage_healed":0,"gold_gain":0,"player_choice":"Fight","damage_taken":0,"max_hp_gain":0,"max_hp_loss":0,"event_name":"Mysterious Sphere","floor":39,"gold_loss":0}],"is_beta":true,"boss_relics":[{"not_picked":["Velvet Choker","Coffee Dripper"],"picked":"Runic Pyramid"},{"not_picked":["Mark of Pain","Fusion Hammer"],"picked":"Astrolabe"}],"items_purged_floors":[36],"is_endless":false,"potions_floor_spawned":[4,5,7,12,14,20,23,27,28,29,37],"killed_by":"Nemesis","ascension_level":0}