{"gold_per_floor":[111,126,146,161,181,181,181,181,208,233,252,252,252,109,109,109],"floor_reached":16,"playtime":462,"items_purged":[],"score":189,"play_id":"9e2331c4-96a6-4819-9bc1-632114edc312","local_time":"20181122135241","is_ascension_mode":true,"campfire_choices":[{"data":"Echo Form","floor":6,"key":"SMITH"},{"floor":8,"key":"REST"},{"floor":15,"key":"REST"}],"neow_cost":"NONE","seed_source_timestamp":849702069159659,"circlet_count":0,"master_deck":["AscendersBane","Strike_B+1","Strike_B+1","Strike_B+1","Strike_B","Defend_B","Defend_B","Defend_B","Defend_B","Zap+1","Dualcast","Echo Form+1","Sunder","Stack","Coolheaded","Chill","Cold Snap","Self Repair","FTL","Leap"],"relics":["Cracked Core","Whetstone","Blood Vial"],"potions_floor_usage":[11],"damage_taken":[{"damage":8,"enemies":"2 Louse","floor":1,"turns":4},{"damage":3,"enemies":"Small Slimes","floor":2,"turns":4},{"damage":2,"enemies":"Jaw Worm","floor":3,"turns":3},{"damage":10,"enemies":"Looter","floor":4,"turns":4},{"damage":6,"enemies":"2 Fungi Beasts","floor":5,"turns":3},{"damage":28,"enemies":"Gremlin Nob","floor":10,"turns":4},{"damage":0,"enemies":"3 Louse","floor":11,"turns":4},{"damage":37,"enemies":"Hexaghost","floor":16,"turns":12}],"seed_played":"8183974971492689342","potions_obtained":[{"floor":5,"key":"SkillPotion"},{"floor":10,"key":"FocusPotion"}],"is_trial":false,"path_per_floor":["M","M","M","M","M","R","?","R","T","E","M","?","?","$","R","B"],"character_chosen":"DEFECT","items_purchased":["FTL","Leap"],"campfire_rested":2,"item_purchase_floors":[14,14],"current_hp_per_floor":[56,53,51,41,35,35,14,35,35,7,9,9,9,9,30,0],"gold":109,"neow_bonus":"ONE_RANDOM_RARE_CARD","is_prod":false,"is_daily":false,"chose_seed":false,"campfire_upgraded":1,"win_rate":0,"timestamp":1542891161,"path_taken":["M","M","M","M","M","R","?","R","T","E","M","?","?","?","R","BOSS"],"build_version":"2018-11-15","purchased_purges":0,"victory":false,"max_hp_per_floor":[71,71,71,71,71,71,71,71,71,71,71,71,71,71,71,71],"card_choices":[{"not_picked":["Steam","Barrage","Redo"],"picked":"SKIP","floor":1},{"not_picked":["Barrage","Gash"],"picked":"Sunder","floor":2},{"not_picked":["Steam Power","Streamline"],"picked":"Stack","floor":3},{"not_picked":["Heatsinks","Stack"],"picked":"Coolheaded","floor":4},{"not_picked":["Turbo","Compile Driver"],"picked":"Chill","floor":5},{"not_picked":["Rebound","Hologram"],"picked":"Cold Snap","floor":10},{"not_picked":["Storm","Chaos"],"picked":"Self Repair","floor":11}],"player_experience":845887,"relics_obtained":[{"floor":9,"key":"Whetstone"},{"floor":10,"key":"Blood Vial"}],"event_choices":[{"damage_healed":0,"gold_gain":0,"player_choice":"Entered Light","damage_taken":21,"max_hp_gain":0,"max_hp_loss":0,"event_name":"Shining Light","floor":7,"gold_loss":0,"cards_upgraded":["Zap","Strike_B"]},{"damage_healed":0,"gold_gain":0,"player_choice":"Ignored","damage_taken":0,"max_hp_gain":0,"max_hp_loss":0,"event_name":"Golden Idol","floor":12,"gold_loss":0},{"damage_healed":0,"gold_gain":0,"player_choice":"Searched \u00270\u0027 times","damage_taken":0,"max_hp_gain":0,"max_hp_loss":0,"event_name":"Dead Adventurer","floor":13,"gold_loss":0}],"is_beta":false,"boss_relics":[],"items_purged_floors":[],"is_endless":false,"potions_floor_spawned":[5,10],"killed_by":"Hexaghost","ascension_level":17}