{"gold_per_floor":[13,26,301,312,102,102,122,149,195,211,211,211,222,249,249,249],"floor_reached":16,"playtime":483,"items_purged":["Regret"],"score":224,"play_id":"02cfbdc6-719e-49e0-be95-eb5a5c1b2c72","local_time":"20181231151106","is_ascension_mode":true,"campfire_choices":[{"data":"Zap","floor":6.0,"key":"SMITH"},{"floor":12.0,"key":"REST"},{"floor":15,"key":"REST"}],"neow_cost":"NO_GOLD","seed_source_timestamp":0,"circlet_count":0,"master_deck":["AscendersBane","Strike_B","Strike_B","Strike_B","Defend_B","Defend_B","Defend_B","Defend_B","Zap+1","Dualcast","Hologram","Ball Lightning","Defragment","Conserve Battery","Leap","FTL","Defragment"],"special_seed":0,"relics":["Cracked Core","Peace Pipe","Blue Candle","Potion Belt","Bag of Preparation"],"potions_floor_usage":[14,16],"damage_taken":[{"damage":7.0,"enemies":"Jaw Worm","floor":1.0,"turns":3.0},{"damage":4.0,"enemies":"Cultist","floor":2.0,"turns":4.0},{"damage":4.0,"enemies":"2 Louse","floor":4.0,"turns":3.0},{"damage":8.0,"enemies":"Looter","floor":7.0,"turns":4.0},{"damage":18.0,"enemies":"Lagavulin","floor":8.0,"turns":7.0},{"damage":8.0,"enemies":"Red Slaver","floor":10.0,"turns":3.0},{"damage":0.0,"enemies":"Large Slime","floor":13.0,"turns":4.0},{"damage":32,"enemies":"Gremlin Nob","floor":14,"turns":4},{"damage":30,"enemies":"The Guardian","floor":16,"turns":13}],"seed_played":"-2286341334184199171","potions_obtained":[{"floor":2.0,"key":"LiquidBronze"},{"floor":4.0,"key":"SkillPotion"},{"floor":7.0,"key":"Block Potion"}],"is_trial":false,"path_per_floor":["M","M","?","M","$","R","M","E","T","M","?","R","M","E","R","B"],"character_chosen":"DEFECT","items_purchased":["Defragment","Conserve Battery"],"campfire_rested":2,"item_purchase_floors":[5,5],"current_hp_per_floor":[57,53,53,49,49,49,41,23,23,15,15,36,36,4,25,0],"gold":249,"neow_bonus":"ONE_RARE_RELIC","is_prod":false,"is_daily":false,"chose_seed":false,"campfire_upgraded":1,"win_rate":0,"timestamp":1546265466,"path_taken":["M","M","?","?","$","R","M","E","T","M","?","R","M","E","R","BOSS"],"build_version":"2018-12-20","purchased_purges":1,"victory":false,"max_hp_per_floor":[71,71,71,71,71,71,71,71,71,71,71,71,71,71,71,71],"card_choices":[{"not_picked":["Streamline","Leap"],"picked":"Hologram","floor":1.0},{"not_picked":["Heatsinks","Storm","Redo"],"picked":"SKIP","floor":2.0},{"not_picked":["Steam","Hello World"],"picked":"Ball Lightning","floor":4.0},{"not_picked":["Fission","Conserve Battery","Reprogram"],"picked":"SKIP","floor":7.0},{"not_picked":["Fission","Conserve Battery","Reprogram"],"picked":"SKIP","floor":7.0},{"not_picked":["White Noise","Recycle"],"picked":"Leap","floor":8.0},{"not_picked":["Steam","Hello World"],"picked":"FTL","floor":10.0},{"not_picked":["Turbo","Compile Driver"],"picked":"Defragment","floor":13.0},{"not_picked":["Go for the Eyes","Streamline","Barrage"],"picked":"SKIP","floor":14}],"player_experience":1081156,"relics_obtained":[{"floor":8.0,"key":"Blue Candle"},{"floor":9.0,"key":"Potion Belt"},{"floor":14,"key":"Bag of Preparation"}],"event_choices":[{"damage_healed":0.0,"max_hp_gain":0.0,"max_hp_loss":0.0,"gold_gain":275.0,"event_name":"Golden Shrine","player_choice":"Desecrate","floor":3.0,"gold_loss":0.0,"damage_taken":0.0,"cards_obtained":["Regret"]},{"cards_removed":["Strike_B"],"damage_healed":0.0,"max_hp_gain":0.0,"max_hp_loss":0.0,"gold_gain":0.0,"event_name":"Purifier","player_choice":"Purged","floor":11.0,"gold_loss":0.0,"damage_taken":0.0}],"is_beta":false,"boss_relics":[],"items_purged_floors":[5],"is_endless":false,"potions_floor_spawned":[2,4,7],"killed_by":"The Guardian","ascension_level":20}