{"gold_per_floor":[114,129,129,55,19,19,19,19,19,19,19,38,57,57,57,182,182,201,116,116,241,241,241,165,165,215,253,253,272,310,310,310,435,435,454,454,729,455,474,474,474,474,474,474,512,531,531,31,31,31],"floor_reached":51,"playtime":1420,"items_purged":["Regret"],"score":843,"play_id":"bab021f0-b0d3-487e-9af3-5246356503f8","local_time":"20190402002201","daily_mods":["Chimera","Vintage","Binary"],"is_ascension_mode":false,"campfire_choices":[{"data":"Zap","floor":6,"key":"SMITH"},{"data":"Caltrops","floor":8,"key":"SMITH"},{"data":"Well Laid Plans","floor":10,"key":"SMITH"},{"data":"Bash","floor":15,"key":"SMITH"},{"data":"Glass Knife","floor":23,"key":"SMITH"},{"data":"Footwork","floor":25,"key":"SMITH"},{"data":"Survivor","floor":28,"key":"SMITH"},{"floor":32,"key":"REST"},{"data":"Leg Sweep","floor":40,"key":"SMITH"},{"data":"Bullet Time","floor":42,"key":"SMITH"},{"data":"Defend_G","floor":47,"key":"SMITH"},{"floor":49,"key":"REST"}],"neow_cost":"","seed_source_timestamp":0,"circlet_count":0,"master_deck":["Bash+1","Survivor+1","Zap+1","Defend_G+1","Defend_B+1","Caltrops+1","Well Laid Plans+1","Glass Knife+1","After Image+1","Flying Knee+1","Wraith Form v2+1","Necronomicurse","Dodge and Roll+1","Footwork+1","Choke+1","Bullet Time+1","Predator+1","Glass Knife+1","Leg Sweep+1"],"special_seed":17988,"relics":["Ring of the Snake","Prayer Wheel","Strawberry","Golden Idol","Shuriken","Dodecahedron","Smiling Mask","Astrolabe","Torii","Mango","Necronomicon","Du-Vu Doll","Molten Egg 2","Art of War","Happy Flower","Snake Skull","Pocketwatch","Incense Burner","Sozu","Bag of Marbles","Unceasing Top","Mummified Hand","Ornamental Fan","PreservedInsect","Calipers","ClockworkSouvenir"],"potions_floor_usage":[16,21],"damage_taken":[{"damage":1,"enemies":"Cultist","floor":1,"turns":4},{"damage":2,"enemies":"Small Slimes","floor":2,"turns":3},{"damage":3,"enemies":"Jaw Worm","floor":12,"turns":3},{"damage":7,"enemies":"Looter","floor":13,"turns":3},{"damage":5,"enemies":"Slime Boss","floor":16,"turns":13},{"damage":7,"enemies":"2 Thieves","floor":18,"turns":4},{"damage":0,"enemies":"Colosseum Slavers","floor":21,"turns":4},{"damage":16,"enemies":"Colosseum Nobs","floor":21,"turns":4},{"damage":14,"enemies":"Slavers","floor":27,"turns":6},{"damage":0,"enemies":"Shell Parasite","floor":29,"turns":4},{"damage":1,"enemies":"Book of Stabbing","floor":30,"turns":5},{"damage":47,"enemies":"Collector","floor":33,"turns":9},{"damage":16,"enemies":"3 Darklings","floor":35,"turns":6},{"damage":0,"enemies":"3 Shapes","floor":39,"turns":3},{"damage":0,"enemies":"Giant Head","floor":45,"turns":6},{"damage":1,"enemies":"Spire Growth","floor":46,"turns":2},{"damage":1,"enemies":"Awakened One","floor":50,"turns":9}],"seed_played":"1331452613733458112","potions_obtained":[{"floor":2,"key":"Dexterity Potion"},{"floor":16,"key":"GhostInAJar"},{"floor":29,"key":"GamblersBrew"},{"floor":30,"key":"Block Potion"}],"is_trial":false,"path_per_floor":["M","M","?","$","$","R","$","R","T","R","$","M","M","?","R","B",null,"M","?","?","?","?","R","$","R","T","E","R","M","E","T","R","B",null,"M","$","?","$","M","R","?","R","T","?","E","M","R","$","R","B",null],"character_chosen":"THE_SILENT","items_purchased":["Caltrops","Well Laid Plans","Footwork","Predator+1","Glass Knife+1","Leg Sweep","Calipers","ClockworkSouvenir"],"campfire_rested":2,"item_purchase_floors":[4,5,24,38,38,38,48,48],"current_hp_per_floor":[69,74,55,55,55,55,55,55,55,55,55,52,45,30,30,25,77,70,84,68,52,52,52,52,52,52,38,38,38,37,37,64,17,91,75,75,75,75,75,75,75,75,75,75,75,74,74,74,91,90],"gold":31,"neow_bonus":"","is_prod":false,"is_daily":true,"chose_seed":false,"campfire_upgraded":10,"win_rate":0,"timestamp":1554189721,"path_taken":["M","?","?","?","$","R","$","R","T","R","$","M","M","?","R","BOSS","M","?","?","?","?","R","$","R","T","E","R","M","E","?","R","BOSS","M","$","?","$","?","R","?","R","T","?","E","?","R","?","R","BOSS"],"build_version":"2019-01-23","purchased_purges":1,"victory":true,"max_hp_per_floor":[70,77,77,77,77,77,77,77,77,77,77,77,77,77,77,77,77,77,91,91,91,91,91,91,91,91,91,91,91,91,91,91,91,91,91,91,91,91,91,91,91,91,91,91,91,91,91,91,91,91],"card_choices":[{"not_picked":["Unload"],"picked":"Glass Knife","floor":16},{"not_picked":["Sucker Punch"],"picked":"Dodge and Roll+1","floor":21},{"not_picked":["Heel Hook+1","Noxious Fumes"],"picked":"SKIP","floor":27},{"not_picked":["Infinite Blades"],"picked":"Choke+1","floor":30},{"not_picked":["Envenom"],"picked":"Bullet Time","floor":33},{"not_picked":["Prepared+1","Outmaneuver"],"picked":"SKIP","floor":45}],"player_experience":881190,"relics_obtained":[{"floor":1,"key":"Prayer Wheel"},{"floor":2,"key":"Strawberry"},{"floor":9,"key":"Shuriken"},{"floor":12,"key":"Dodecahedron"},{"floor":13,"key":"Smiling Mask"},{"floor":18,"key":"Torii"},{"floor":20,"key":"Necronomicon"},{"floor":21,"key":"Du-Vu Doll"},{"floor":21,"key":"Molten Egg 2"},{"floor":26,"key":"Art of War"},{"floor":27,"key":"Happy Flower"},{"floor":29,"key":"Snake Skull"},{"floor":30,"key":"Pocketwatch"},{"floor":31,"key":"Incense Burner"},{"floor":35,"key":"Bag of Marbles"},{"floor":39,"key":"Unceasing Top"},{"floor":43,"key":"Mummified Hand"},{"floor":45,"key":"Ornamental Fan"},{"floor":46,"key":"PreservedInsect"}],"event_choices":[{"damage_healed":0,"gold_gain":0,"player_choice":"Take Damage","damage_taken":19,"relics_obtained":["Golden Idol"],"max_hp_gain":0,"max_hp_loss":0,"event_name":"Golden Idol","floor":3,"gold_loss":0},{"damage_healed":0,"gold_gain":0,"player_choice":"Entered Light","damage_taken":15,"max_hp_gain":0,"max_hp_loss":0,"event_name":"Shining Light","floor":14,"gold_loss":0,"cards_upgraded":["Defend_R","Defend_B"]},{"damage_healed":0,"gold_gain":0,"player_choice":"Obtained Relic","damage_taken":0,"relics_obtained":["Mango"],"max_hp_gain":0,"max_hp_loss":0,"event_name":"Addict","floor":19,"gold_loss":85},{"damage_healed":0,"gold_gain":0,"player_choice":"Obtained Book","damage_taken":16,"max_hp_gain":0,"max_hp_loss":0,"event_name":"Cursed Tome","floor":20,"gold_loss":0},{"damage_healed":0,"gold_gain":0,"player_choice":"Fight","damage_taken":0,"max_hp_gain":0,"max_hp_loss":0,"event_name":"Colosseum","floor":21,"gold_loss":0},{"damage_healed":0,"gold_gain":0,"player_choice":"Fought Nobs","damage_taken":0,"max_hp_gain":0,"max_hp_loss":0,"event_name":"Colosseum","floor":21,"gold_loss":0},{"damage_healed":0,"gold_gain":0,"player_choice":"Ignored","damage_taken":0,"max_hp_gain":0,"max_hp_loss":0,"event_name":"Vampires","floor":22,"gold_loss":0},{"damage_healed":0,"gold_gain":275,"player_choice":"Desecrate","damage_taken":0,"max_hp_gain":0,"max_hp_loss":0,"event_name":"Golden Shrine","floor":37,"gold_loss":0,"cards_obtained":["Regret"]},{"damage_healed":0,"gold_gain":0,"player_choice":"Ignored","damage_taken":0,"max_hp_gain":0,"max_hp_loss":0,"event_name":"Tomb of Lord Red Mask","floor":41,"gold_loss":0},{"cards_removed":["Defend_R"],"damage_healed":0,"gold_gain":0,"player_choice":"Purged","damage_taken":0,"max_hp_gain":0,"max_hp_loss":0,"event_name":"Purifier","floor":44,"gold_loss":0}],"is_beta":false,"boss_relics":[{"not_picked":["Tiny House","Calling Bell"],"picked":"Astrolabe"},{"not_picked":["Runic Dome","HoveringKite"],"picked":"Sozu"}],"items_purged_floors":[38],"is_endless":false,"potions_floor_spawned":[2,16,21,29,30,39,46],"ascension_level":0}