{"gold_per_floor":[14,28,48,48,66,66,66],"floor_reached":7,"playtime":306,"items_purged":[],"score":73,"play_id":"859abf6d-c697-492b-a371-8b00eb024d8a","local_time":"20181029135813","is_ascension_mode":true,"campfire_choices":[{"data":"Corpse Explosion","floor":6,"key":"SMITH"}],"neow_cost":"NO_GOLD","seed_source_timestamp":424555278993443,"circlet_count":0,"master_deck":["Defend_G","Defend_G","Defend_G","Defend_G","Defend_G","Strike_G","Strike_G","Strike_G","Strike_G","Strike_G","Survivor","Neutralize","AscendersBane","Corpse Explosion+1","Well Laid Plans","Blade Dance","Regret","Cloak And Dagger"],"relics":["Ring of the Snake","Turnip"],"potions_floor_usage":[7],"damage_taken":[{"damage":6,"enemies":"2 Louse","floor":1,"turns":2},{"damage":5,"enemies":"Jaw Worm","floor":2,"turns":5},{"damage":1,"enemies":"Small Slimes","floor":3,"turns":5},{"damage":17,"enemies":"Exordium Wildlife","floor":5,"turns":4},{"damage":49,"enemies":"Exordium Thugs","floor":7,"turns":6}],"seed_played":"2411029357801592353","potions_obtained":[{"floor":1,"key":"Swift Potion"},{"floor":2,"key":"PowerPotion"},{"floor":3,"key":"Regen Potion"}],"is_trial":false,"path_per_floor":["M","M","M","?","M","R"],"character_chosen":"THE_SILENT","items_purchased":[],"campfire_rested":0,"item_purchase_floors":[],"current_hp_per_floor":[53,48,47,47,30,30,0],"gold":66,"neow_bonus":"THREE_RARE_CARDS","is_prod":false,"is_daily":false,"chose_seed":false,"campfire_upgraded":1,"win_rate":0,"timestamp":1540817893,"path_taken":["M","M","M","?","M","R","M"],"build_version":"2018-10-25v2","purchased_purges":0,"victory":false,"max_hp_per_floor":[66,66,66,66,66,66,66],"card_choices":[{"not_picked":["Phantasmal Killer","Venomology"],"picked":"Corpse Explosion","floor":0},{"not_picked":["Setup","Bouncing Flask"],"picked":"Well Laid Plans","floor":1},{"not_picked":["Dodge and Roll","Heel Hook","Flying Knee"],"picked":"SKIP","floor":2},{"not_picked":["Cloak And Dagger","Calculated Gamble"],"picked":"Blade Dance","floor":3},{"not_picked":["Blade Dance","Dagger Throw"],"picked":"Cloak And Dagger","floor":5}],"player_experience":625393,"relics_obtained":[],"event_choices":[{"damage_healed":0,"gold_gain":0,"player_choice":"Box","damage_taken":0,"relics_obtained":["Turnip"],"max_hp_gain":0,"max_hp_loss":0,"event_name":"Big Fish","floor":4,"gold_loss":0,"cards_obtained":["Regret"]}],"is_beta":false,"boss_relics":[],"items_purged_floors":[],"is_endless":false,"potions_floor_spawned":[1,2,3,5],"killed_by":"Exordium Thugs","ascension_level":14}