{"gold_per_floor":[109,109,41,41,41,75,94,125,203,203,222,196,196,196],"floor_reached":14,"playtime":449,"items_purged":[],"score":215,"play_id":"210e983f-f22e-4674-9108-8c210517de76","local_time":"20181128133716","is_ascension_mode":true,"campfire_choices":[{"data":"Feel No Pain","floor":10,"key":"SMITH"}],"neow_cost":"NONE","seed_source_timestamp":182823475003558,"circlet_count":0,"master_deck":["AscendersBane","Strike_R","Strike_R","Strike_R","Strike_R","Defend_R","Defend_R+1","Defend_R","Defend_R+1","Bash","Thunderclap+1","Feel No Pain+1","Regret","Impervious","Warcry","Headbutt","Flame Barrier","Feel No Pain"],"relics":["Burning Blood","NeowsBlessing","Omamori","Bottled Tornado","The Courier","Self Forming Clay"],"potions_floor_usage":[14,14],"damage_taken":[{"damage":0,"enemies":"Jaw Worm","floor":1,"turns":1},{"damage":0,"enemies":"Lagavulin","floor":6,"turns":1},{"damage":0,"enemies":"2 Louse","floor":7,"turns":1},{"damage":25,"enemies":"3 Sentries","floor":8,"turns":10},{"damage":12,"enemies":"Small Slimes","floor":11,"turns":2},{"damage":15,"enemies":"Exordium Thugs","floor":12,"turns":5},{"damage":20,"enemies":"Gremlin Nob","floor":14,"turns":3}],"seed_played":"-7633534195723331183","potions_obtained":[{"floor":1,"key":"Strength Potion"},{"floor":7,"key":"Energy Potion"}],"is_trial":false,"path_per_floor":["M","?","$","?","?","E","M","E","T","R","M","M","?","E"],"character_chosen":"IRONCLAD","items_purchased":["Feel No Pain"],"campfire_rested":0,"item_purchase_floors":[3],"current_hp_per_floor":[74,74,74,74,74,75,75,56,56,56,50,41,18,0],"gold":196,"neow_bonus":"THREE_ENEMY_KILL","is_prod":false,"is_daily":false,"chose_seed":false,"campfire_upgraded":1,"win_rate":0,"timestamp":1543408636,"path_taken":["M","?","$","?","?","E","?","E","T","R","?","M","?","E"],"build_version":"2018-11-15","purchased_purges":0,"victory":false,"max_hp_per_floor":[75,75,75,75,75,75,75,75,75,75,75,75,75,75],"card_choices":[{"not_picked":["Bloodletting","Anger"],"picked":"Thunderclap","floor":1},{"not_picked":["Infernal Blade","Twin Strike"],"picked":"Warcry","floor":6},{"not_picked":["Thunderclap","Dropkick"],"picked":"Headbutt","floor":7},{"not_picked":["Sever Soul","Intimidate"],"picked":"Flame Barrier","floor":8},{"not_picked":["Fiend Fire","Armaments"],"picked":"Feel No Pain","floor":11},{"not_picked":["Pummel","Clash","Heavy Blade"],"picked":"SKIP","floor":12}],"player_experience":870105,"relics_obtained":[{"floor":6,"key":"Bottled Tornado"},{"floor":8,"key":"The Courier"},{"floor":9,"key":"Self Forming Clay"}],"event_choices":[{"damage_healed":0,"gold_gain":0,"player_choice":"Grow","damage_taken":0,"max_hp_gain":0,"max_hp_loss":0,"event_name":"Living Wall","floor":2,"gold_loss":0,"cards_upgraded":["Thunderclap"]},{"damage_healed":0,"gold_gain":0,"player_choice":"Box","damage_taken":0,"relics_obtained":["Omamori"],"max_hp_gain":0,"max_hp_loss":0,"event_name":"Big Fish","floor":4,"gold_loss":0,"cards_obtained":["Regret"]},{"damage_healed":0,"gold_gain":0,"cards_transformed":["Strike_R"],"player_choice":"Transformed","damage_taken":0,"max_hp_gain":0,"max_hp_loss":0,"event_name":"Transmorgrifier","floor":5,"gold_loss":0,"cards_obtained":["Impervious"]},{"damage_healed":0,"gold_gain":0,"player_choice":"Entered Light","damage_taken":23,"max_hp_gain":0,"max_hp_loss":0,"event_name":"Shining Light","floor":13,"gold_loss":0,"cards_upgraded":["Defend_R","Defend_R"]}],"is_beta":false,"boss_relics":[],"items_purged_floors":[],"is_endless":false,"potions_floor_spawned":[1,7,8],"killed_by":"Gremlin Nob","ascension_level":15}