{"gold_per_floor":[109,124,124,9,184,215,215,249,249,214,226,226,246,20,20,121,121,135,135,150,82,100,100,132,132,156,156,0,15,15,15,15,112,112,127,127,127,52,152,152,185,204,204,31,31,48,48,78,78,78,78,78,8,35,35],"floor_reached":55,"playtime":7778,"items_purged":["Shame","Decay"],"score":891,"play_id":"fafe396e-4aea-4f61-804b-9694fa1f7304","local_time":"20190213202518","is_ascension_mode":true,"campfire_choices":[{"data":"Creative AI","floor":7,"key":"SMITH"},{"floor":15,"key":"REST"},{"floor":23,"key":"REST"},{"floor":32,"key":"REST"},{"floor":40,"key":"RECALL"},{"data":"Clumsy","floor":45,"key":"PURGE"},{"floor":49,"key":"REST"},{"data":"Buffer","floor":52,"key":"SMITH"}],"neow_cost":"NONE","seed_source_timestamp":2565697405485000,"circlet_count":0,"master_deck":["Zap","Dualcast+1","Self Repair","Defragment","Creative AI+1","White Noise","Beam Cell","Capacitor","Rainbow","Storm","Echo Form","Heatsinks","Multi-Cast","Machine Learning","Chill","Meteor Strike","Chaos","Streamline","Leap+1","Force Field","Chill","Glacier","Stack","Electrodynamics","Coolheaded","Coolheaded+1","Buffer+1","Turbo+1","Capacitor+1","Cold Snap+1","Discovery","Panache+1","Stack+1","Capacitor+1"],"relics":["Cracked Core","NeowsBlessing","Cables","Regal Pillow","Ginger","Odd Mushroom","Pandora\u0027s Box","Symbiotic Virus","Centennial Puzzle","Singing Bowl","Cursed Key","Ice Cream","Peace Pipe","Frozen Egg 2","Kunai","Vajra"],"potions_floor_usage":[13,16,24,37,41,50,55],"damage_taken":[{"damage":0,"enemies":"Jaw Worm","floor":1,"turns":1},{"damage":0,"enemies":"Small Slimes","floor":2,"turns":1},{"damage":0,"enemies":"3 Sentries","floor":6,"turns":1},{"damage":59,"enemies":"Lagavulin","floor":8,"turns":8},{"damage":1,"enemies":"Cultist","floor":11,"turns":3},{"damage":14,"enemies":"The Mushroom Lair","floor":13,"turns":5},{"damage":33,"enemies":"Hexaghost","floor":16,"turns":6},{"damage":21,"enemies":"Chosen","floor":18,"turns":5},{"damage":10,"enemies":"Spheric Guardian","floor":20,"turns":4},{"damage":10,"enemies":"Chosen and Byrds","floor":22,"turns":5},{"damage":47,"enemies":"Slavers","floor":24,"turns":6},{"damage":8,"enemies":"Snecko","floor":29,"turns":5},{"damage":46,"enemies":"Collector","floor":33,"turns":11},{"damage":20,"enemies":"Orb Walker","floor":35,"turns":3},{"damage":0,"enemies":"3 Shapes","floor":37,"turns":1},{"damage":4,"enemies":"Mind Bloom Boss Battle","floor":39,"turns":6},{"damage":18,"enemies":"Reptomancer","floor":41,"turns":6},{"damage":0,"enemies":"Maw","floor":42,"turns":6},{"damage":10,"enemies":"Spire Growth","floor":46,"turns":8},{"damage":7,"enemies":"Nemesis","floor":48,"turns":5},{"damage":30,"enemies":"Time Eater","floor":50,"turns":11},{"damage":70,"enemies":"Shield and Spear","floor":54,"turns":4},{"damage":21,"enemies":"The Heart","floor":55,"turns":6}],"seed_played":"4532395474332552556","potions_obtained":[{"floor":8,"key":"AttackPotion"},{"floor":13,"key":"Poison Potion"},{"floor":20,"key":"Swift Potion"},{"floor":33,"key":"SmokeBomb"},{"floor":39,"key":"Energy Potion"},{"floor":42,"key":"Ancient Potion"},{"floor":46,"key":"Ancient Potion"},{"floor":48,"key":"Explosive Potion"},{"floor":54,"key":"FearPotion"}],"is_trial":false,"path_per_floor":["M","M","?","$","?","E","R","E","T","?","M","?","?","$","R","B",null,"M","?","M","$","M","R","E","?","T","?","?","M","$","T","R","B",null,"M","?","M","$","?","R","E","M","T","$","R","M","?","E","R","B",null,"R","$","E","B"],"character_chosen":"DEFECT","items_purchased":["Defragment","Melter","Rainbow","Storm","Chill","Capacitor+1","Capacitor+1"],"campfire_rested":4,"item_purchase_floors":[4,4,14,14,21,44,53],"current_hp_per_floor":[75,75,60,60,60,60,60,8,8,26,32,25,18,18,55,29,75,61,61,51,51,48,75,35,35,35,35,35,34,34,34,71,34,77,64,64,64,64,67,67,56,63,63,63,63,60,52,52,79,49,79,79,79,18,0],"gold":35,"neow_bonus":"THREE_ENEMY_KILL","is_prod":false,"is_daily":false,"chose_seed":false,"campfire_upgraded":2,"win_rate":0,"timestamp":1550114718,"path_taken":["M","M","?","$","?","E","R","E","T","?","M","?","?","$","R","BOSS","M","?","?","$","M","R","E","?","T","?","?","M","$","?","R","BOSS","M","?","M","$","?","R","E","M","T","?","R","M","?","E","R","BOSS","R","$","E","BOSS"],"build_version":"2019-02-06","purchased_purges":2,"victory":false,"max_hp_per_floor":[75,75,75,75,75,75,75,75,75,75,75,75,75,75,75,75,75,75,75,75,75,75,75,75,75,75,75,75,75,75,75,75,77,77,77,77,77,77,77,77,77,77,77,77,77,77,79,79,79,79,79,79,79,81,81],"card_choices":[{"not_picked":["Barrage","Blizzard","Redo"],"picked":"SKIP","floor":1},{"not_picked":["Sweeping Beam","Loop"],"picked":"Self Repair","floor":2},{"not_picked":["Ball Lightning","Conserve Battery"],"picked":"Creative AI","floor":6},{"not_picked":["Gash","Hologram"],"picked":"White Noise","floor":8},{"not_picked":["Hologram","Streamline"],"picked":"Beam Cell","floor":11},{"not_picked":["Sweeping Beam","Reinforced Body"],"picked":"Capacitor","floor":13},{"not_picked":["Thunder Strike","Biased Cognition"],"picked":"Echo Form","floor":16},{"not_picked":["Melter","Go for the Eyes"],"picked":"Leap+1","floor":18},{"not_picked":["Ball Lightning","Compile Driver+1"],"picked":"Force Field","floor":20},{"not_picked":["Rebound","Steam Power"],"picked":"Glacier","floor":22},{"not_picked":["Gash","Go for the Eyes"],"picked":"Stack","floor":24},{"not_picked":["Aggregate","Steam"],"picked":"Electrodynamics","floor":29},{"not_picked":["Biased Cognition","Thunder Strike","Creative AI"],"picked":"Singing Bowl","floor":33},{"not_picked":["Fusion","Sweeping Beam+1"],"picked":"Coolheaded","floor":35},{"not_picked":["Gash+1","Ball Lightning"],"picked":"Coolheaded+1","floor":39},{"not_picked":["Capacitor+1","Stack+1"],"picked":"Buffer","floor":41},{"not_picked":["Double Energy","Steam"],"picked":"Turbo+1","floor":42},{"not_picked":["BootSequence+1","Leap"],"picked":"Cold Snap+1","floor":46},{"not_picked":["Chrysalis","The Bomb","PanicButton"],"picked":"Singing Bowl","floor":47},{"not_picked":["Finesse","Jack Of All Trades"],"picked":"Discovery","floor":47},{"not_picked":["Finesse","Deep Breath"],"picked":"Panache+1","floor":47},{"not_picked":["Genetic Algorithm+1","Redo+1"],"picked":"Stack+1","floor":48},{"not_picked":["Hello World+1","Redo","Beam Cell"],"picked":"Singing Bowl","floor":54}],"player_experience":493959,"relics_obtained":[{"floor":6,"key":"Cables"},{"floor":8,"key":"Regal Pillow"},{"floor":9,"key":"Ginger"},{"floor":13,"key":"Odd Mushroom"},{"floor":24,"key":"Symbiotic Virus"},{"floor":31,"key":"Singing Bowl"},{"floor":39,"key":"Ice Cream"},{"floor":41,"key":"Peace Pipe"},{"floor":43,"key":"Frozen Egg 2"},{"floor":48,"key":"Kunai"},{"floor":54,"key":"Vajra"}],"event_choices":[{"damage_healed":0,"gold_gain":0,"player_choice":"Entered Light","damage_taken":15,"max_hp_gain":0,"max_hp_loss":0,"event_name":"Shining Light","floor":3,"gold_loss":0,"cards_upgraded":["Defend_B","Dualcast"]},{"damage_healed":0,"gold_gain":175,"player_choice":"AGREE","damage_taken":0,"max_hp_gain":0,"max_hp_loss":0,"event_name":"Liars Game","floor":5,"gold_loss":0,"cards_obtained":["Doubt"]},{"damage_healed":18,"gold_gain":0,"player_choice":"Healed","damage_taken":0,"max_hp_gain":0,"max_hp_loss":0,"event_name":"The Cleric","floor":10,"gold_loss":35},{"cards_removed":["Doubt"],"damage_healed":0,"gold_gain":0,"player_choice":"Card Removal","damage_taken":7,"max_hp_gain":0,"max_hp_loss":0,"event_name":"Golden Wing","floor":12,"gold_loss":0},{"damage_healed":0,"gold_gain":0,"player_choice":"Fought Mushrooms","damage_taken":0,"max_hp_gain":0,"max_hp_loss":0,"event_name":"Mushrooms","floor":13,"gold_loss":0},{"cards_removed":["Lockon"],"damage_healed":0,"gold_gain":0,"player_choice":"Purged","damage_taken":0,"max_hp_gain":0,"max_hp_loss":0,"event_name":"Purifier","floor":19,"gold_loss":0},{"damage_healed":0,"gold_gain":0,"player_choice":"Stole Relic","damage_taken":0,"relics_obtained":["Centennial Puzzle"],"max_hp_gain":0,"max_hp_loss":0,"event_name":"Addict","floor":25,"gold_loss":0,"cards_obtained":["Shame"]},{"damage_healed":0,"gold_gain":0,"player_choice":"Smashed Altar","damage_taken":0,"max_hp_gain":0,"max_hp_loss":0,"event_name":"Forgotten Altar","floor":27,"gold_loss":0,"cards_obtained":["Decay"]},{"damage_healed":0,"gold_gain":0,"player_choice":"Paid Fearfully","damage_taken":0,"max_hp_gain":0,"max_hp_loss":0,"event_name":"Masked Bandits","floor":28,"gold_loss":156},{"cards_removed":["Melter"],"damage_healed":0,"gold_gain":0,"player_choice":"Removed Attack","damage_taken":0,"max_hp_gain":0,"max_hp_loss":0,"event_name":"Falling","floor":36,"gold_loss":0},{"damage_healed":0,"gold_gain":0,"player_choice":"Fight","damage_taken":0,"max_hp_gain":0,"max_hp_loss":0,"event_name":"MindBloom","floor":39,"gold_loss":0},{"damage_healed":0,"gold_gain":0,"player_choice":"Memory 3","damage_taken":10,"max_hp_gain":0,"max_hp_loss":0,"event_name":"SensoryStone","floor":47,"gold_loss":0}],"is_beta":true,"boss_relics":[{"not_picked":["Orrery","White Beast Statue"],"picked":"Pandora\u0027s Box"},{"not_picked":["Empty Cage","Philosopher\u0027s Stone"],"picked":"Cursed Key"}],"items_purged_floors":[38,44],"is_endless":false,"potions_floor_spawned":[8,13,20,33,39,42,46,48,54],"killed_by":"The Heart","ascension_level":4}