{"gold_per_floor":[209,228,228,228,115,150,175,175,175,175,175],"floor_reached":11,"playtime":448,"items_purged":[],"score":142,"play_id":"a5e8f8d9-28e5-4716-991e-7d1ecfb9fcd5","local_time":"20190308134812","is_ascension_mode":true,"campfire_choices":[{"data":"Neutralize","floor":10,"key":"SMITH"}],"neow_cost":"NONE","seed_source_timestamp":79956189393235,"circlet_count":0,"master_deck":["AscendersBane","Defend_G","Defend_G","Defend_G","Defend_G","Defend_G","Strike_G","Strike_G","Strike_G","Strike_G","Strike_G","Survivor","Neutralize+1","PiercingWail","Deadly Poison+1","Choke","Flying Knee","Quick Slash","Well Laid Plans"],"relics":["Ring of the Snake","Golden Idol","Girya","NlothsMask"],"potions_floor_usage":[11],"damage_taken":[{"damage":1,"enemies":"2 Louse","floor":1,"turns":3},{"damage":1,"enemies":"Small Slimes","floor":2,"turns":5},{"damage":36,"enemies":"3 Sentries","floor":6,"turns":12},{"damage":0,"enemies":"Cultist","floor":7,"turns":3},{"damage":21,"enemies":"Lagavulin","floor":11,"turns":7}],"seed_played":"-1388887221991867486","potions_obtained":[{"floor":6,"key":"Weak Potion"}],"is_trial":false,"path_per_floor":["M","M","?","?","$","E","M","?","T","R","E"],"character_chosen":"THE_SILENT","items_purchased":["Choke","Flying Knee"],"campfire_rested":0,"item_purchase_floors":[5,5],"current_hp_per_floor":[58,57,57,57,57,21,21,21,21,21,0],"gold":175,"neow_bonus":"HUNDRED_GOLD","is_prod":false,"is_daily":false,"chose_seed":false,"campfire_upgraded":1,"win_rate":0,"timestamp":1552049292,"path_taken":["M","M","?","?","$","E","M","?","T","R","E"],"build_version":"2019-01-23","purchased_purges":0,"victory":false,"max_hp_per_floor":[66,66,60,60,60,60,60,60,60,60,60],"card_choices":[{"not_picked":["Dodge and Roll","Predator"],"picked":"PiercingWail","floor":1},{"not_picked":["Tactician","Dodge and Roll"],"picked":"Deadly Poison","floor":2},{"not_picked":["Finisher","Accuracy"],"picked":"Quick Slash","floor":6},{"not_picked":["Outmaneuver","Infinite Blades"],"picked":"Well Laid Plans","floor":7}],"player_experience":1364635,"relics_obtained":[{"floor":6,"key":"Girya"}],"event_choices":[{"damage_healed":0,"gold_gain":0,"player_choice":"Lose Max HP","damage_taken":0,"relics_obtained":["Golden Idol"],"max_hp_gain":0,"max_hp_loss":6,"event_name":"Golden Idol","floor":3,"gold_loss":0},{"damage_healed":0,"gold_gain":0,"player_choice":"Grow","damage_taken":0,"max_hp_gain":0,"max_hp_loss":0,"event_name":"Living Wall","floor":4,"gold_loss":0,"cards_upgraded":["Deadly Poison"]},{"damage_healed":0,"gold_gain":0,"player_choice":"Trade","damage_taken":0,"relics_obtained":["NlothsMask"],"max_hp_gain":0,"max_hp_loss":0,"event_name":"FaceTrader","floor":8,"gold_loss":0}],"is_beta":false,"boss_relics":[],"items_purged_floors":[],"is_endless":false,"potions_floor_spawned":[6],"killed_by":"Lagavulin","ascension_level":20}