{"path_per_floor":["M","?","M","?","T","E","?","E","T","R","M","M","M","E","R","B",null,"M","?","M","$","?","E","R","E","T","$","M","?","M","E","R","B",null,"M","?","$","M","M","E","?","E","T","?","$","M","?","M","R","B"],"character_chosen":"IRONCLAD","items_purchased":["Inflame","Mummified Hand","Panache","Bronze Scales","Pummel","Fire Breathing","Bird Faced Urn","Bottled Flame","Inflame","Flex","Trip"],"gold_per_floor":[113,113,123,123,196,230,230,263,286,286,301,316,330,370,370,498,498,513,513,529,42,42,82,82,153,177,25,50,50,68,104,104,230,230,243,243,14,28,49,387,387,426,426,759,21,37,0,12,12,12],"floor_reached":51,"campfire_rested":0,"playtime":4768,"current_hp_per_floor":[46,46,52,52,52,35,35,35,42,42,63,65,71,76,76,85,90,80,80,81,81,81,83,83,90,90,90,90,90,89,79,79,61,90,90,90,90,90,90,57,47,55,55,55,55,84,84,90,90,90],"items_purged":["Injury"],"gold":12,"score":991,"play_id":"c5adfae0-dc85-4db8-a328-bcc4e237a581","local_time":"20180507231621","is_prod":false,"is_daily":false,"chose_seed":false,"is_ascension_mode":true,"campfire_upgraded":5,"timestamp":1525760181,"path_taken":["M","?","?","?","?","E","?","E","T","R","M","M","?","E","R","BOSS","M","?","M","$","?","E","R","E","T","$","M","?","M","E","R","BOSS","M","?","$","M","M","E","?","E","T","?","?","?","?","M","R","BOSS"],"build_version":"2018-05-03","seed_source_timestamp":1049815252147575,"purchased_purges":1,"victory":true,"master_deck":["Strike_R","Strike_R","Defend_R","Defend_R","Bash","Sword Boomerang","Metallicize+1","Twin Strike","Spot Weakness","Battle Trance","Cleave","Shrug It Off","Iron Wave","Anger+1","Shrug It Off","Dark Embrace+1","Pommel Strike+1","Clothesline+1","Inflame+1","Panache","Metallicize+1","Juggernaut","Headbutt+1","Shockwave","Spot Weakness","Bludgeon+1","Combust+1","Pummel","Fire Breathing","Heavy Blade+1","Twin Strike+1","Sadistic Nature","Finesse","Master of Strategy","Pommel Strike+1","Inflame","Flex","Trip"],"max_hp_per_floor":[80,80,80,80,80,80,80,80,87,87,87,90,90,90,90,90,90,90,90,90,90,90,90,90,90,90,90,90,90,90,90,90,90,90,90,90,90,90,90,90,90,90,90,90,90,90,90,90,90,90],"relics":["Burning Blood","Bottled Tornado","Meat on the Bone","Magic Flower","Strawberry","Oddly Smooth Stone","Sozu","Mummified Hand","Bag of Preparation","Tiny Chest","Bag of Marbles","Bronze Scales","Mercury Hourglass","Runic Cube","Old Coin","Prayer Wheel","Blue Candle","Bird Faced Urn","Bottled Flame","Red Mask"],"card_choices":[{"not_picked":["Sword Boomerang","Clothesline"],"picked":"Twin Strike","floor":1},{"not_picked":["Clash","Shrug It Off"],"picked":"Infernal Blade","floor":3},{"not_picked":["Feel No Pain","Clash"],"picked":"Battle Trance","floor":6},{"not_picked":["Twin Strike","Perfected Strike"],"picked":"Shrug It Off","floor":8},{"not_picked":["Immolate","Clash"],"picked":"Iron Wave","floor":11},{"not_picked":["Pommel Strike","Armaments"],"picked":"Anger","floor":13},{"not_picked":["Infernal Blade","Searing Blow"],"picked":"Shrug It Off","floor":14},{"not_picked":["Berserk","Double Tap"],"picked":"Dark Embrace","floor":16},{"not_picked":["Rupture","Anger"],"picked":"Pommel Strike","floor":18},{"not_picked":["Sword Boomerang","True Grit"],"picked":"Clothesline","floor":20},{"not_picked":["Flex","Perfected Strike"],"picked":"Metallicize","floor":23},{"not_picked":["Headbutt","Berserk"],"picked":"Juggernaut","floor":25},{"not_picked":["Body Slam","Burning Pact"],"picked":"Headbutt","floor":28},{"not_picked":["Warcry","Cleave"],"picked":"Shockwave","floor":30},{"not_picked":["Perfected Strike","Flex"],"picked":"Spot Weakness","floor":31},{"not_picked":["Impervious","Fiend Fire"],"picked":"Bludgeon","floor":33},{"not_picked":["Twin Strike","Flame Barrier"],"picked":"Combust","floor":35},{"not_picked":["Headbutt","Reckless Charge"],"picked":"Heavy Blade","floor":38},{"not_picked":["Rage","True Grit"],"picked":"Twin Strike","floor":39},{"not_picked":["Trip","Good Instincts"],"picked":"Sadistic Nature","floor":41},{"not_picked":["Swift Strike","Transmutation"],"picked":"Finesse","floor":41},{"not_picked":["Bandage Up","Good Instincts"],"picked":"Master of Strategy","floor":41},{"not_picked":["Perfected Strike","Clothesline"],"picked":"Pommel Strike","floor":42}],"player_experience":347424,"potions_floor_usage":[6,8,16,16],"damage_taken":[{"damage":0,"enemies":"Small Slimes","floor":1,"turns":3},{"damage":0,"enemies":"Cultist","floor":3,"turns":3},{"damage":23,"enemies":"3 Sentries","floor":6,"turns":8},{"damage":30,"enemies":"Lagavulin","floor":8,"turns":5},{"damage":6,"enemies":"Jaw Worm","floor":11,"turns":3},{"damage":12,"enemies":"Large Slime","floor":12,"turns":7},{"damage":3,"enemies":"2 Fungi Beasts","floor":13,"turns":3},{"damage":4,"enemies":"3 Sentries","floor":14,"turns":5},{"damage":0,"enemies":"Slime Boss","floor":16,"turns":8},{"damage":19,"enemies":"Chosen","floor":18,"turns":5},{"damage":8,"enemies":"3 Byrds","floor":20,"turns":5},{"damage":7,"enemies":"Gremlin Leader","floor":23,"turns":6},{"damage":0,"enemies":"Book of Stabbing","floor":25,"turns":3},{"damage":0,"enemies":"Centurion and Healer","floor":28,"turns":2},{"damage":10,"enemies":"Snake Plant","floor":30,"turns":3},{"damage":19,"enemies":"Gremlin Leader","floor":31,"turns":7},{"damage":27,"enemies":"Champ","floor":33,"turns":6},{"damage":0,"enemies":"3 Darklings","floor":35,"turns":3},{"damage":0,"enemies":"Orb Walker","floor":38,"turns":2},{"damage":1,"enemies":"3 Darklings","floor":39,"turns":3},{"damage":42,"enemies":"Nemesis","floor":40,"turns":4},{"damage":19,"enemies":"2 Orb Walkers","floor":42,"turns":3},{"damage":1,"enemies":"Sphere and 2 Shapes","floor":46,"turns":3},{"damage":4,"enemies":"Maw","floor":48,"turns":5},{"damage":31,"enemies":"Donu and Deca","floor":50,"turns":5}],"event_choices":[{"event_name":"Living Wall","player_choice":"Change","floor":2,"damage_taken":0},{"event_name":"Golden Idol","player_choice":"Take Wound","floor":4,"damage_taken":0},{"event_name":"Transmorgrifier","player_choice":"Transform","floor":7,"damage_taken":0},{"event_name":"Bonfire Elementals","player_choice":"BASIC","floor":19,"damage_taken":0},{"event_name":"Addict","player_choice":"Ignored","floor":22,"damage_taken":0},{"event_name":"Drug Dealer","player_choice":"Ignored","floor":29,"damage_taken":0},{"event_name":"SensoryStone","player_choice":"Memory 3","floor":41,"damage_taken":0},{"event_name":"The Moai Head","player_choice":"Gave Idol","floor":44,"damage_taken":0},{"event_name":"Tomb of Lord Red Mask","player_choice":"Paid","floor":47,"damage_taken":0}],"boss_relics":[{"not_picked":["Black Blood","Tiny House"],"picked":"Sozu"},{"not_picked":["Calling Bell","Velvet Choker"],"picked":"Runic Cube"}],"potions_floor_spawned":[3,6,12,13,20,25,31,33,38,40,42,46],"seed_played":"6492389673588509982","ascension_level":2,"is_trial":false}