{"gold_per_floor":[360,86,100,375,391,417,417,447,494,506,506,4,20,32,32,133,133,148,18,18,0,0,29,29,46,46,46,65,75,75,75,75,180,180,194,149,149],"floor_reached":37,"playtime":2325,"items_purged":["Strike_R","Regret","Strike_R"],"score":447,"play_id":"830b4bf3-f866-46a8-ba4d-84e8e61035de","local_time":"20190120104547","is_ascension_mode":false,"campfire_choices":[{"floor":7,"key":"REST"},{"floor":11,"key":"REST"},{"floor":15,"key":"REST"},{"floor":24,"key":"REST"},{"data":"Limit Break","floor":32,"key":"SMITH"}],"neow_cost":"PERCENT_DAMAGE","seed_source_timestamp":462722273772400,"circlet_count":0,"master_deck":["Defend_R","Defend_R","Defend_R","Defend_R","Bash","Pommel Strike","Shrug It Off","Havoc","Battle Trance","Feel No Pain","Disarm","Demon Form","Limit Break+1","Rage","Corruption","Anger","Barricade","Evolve","Metallicize","Wild Strike","Clothesline","Burning Pact","Bite","Bite","Bite","Bite","Bite","Havoc+1","Juggernaut","Flex+1"],"relics":["Burning Blood","Orichalcum","Singing Bowl","Regal Pillow","Happy Flower","Mark of Pain","Pantograph","Bronze Scales","Toxic Egg 2","Nloth\u0027s Gift","Cursed Key"],"potions_floor_usage":[6,16,16,29,33,33,37],"damage_taken":[{"damage":0,"enemies":"2 Louse","floor":1,"turns":4},{"damage":0,"enemies":"Cultist","floor":3,"turns":3},{"damage":4,"enemies":"Small Slimes","floor":5,"turns":5},{"damage":37,"enemies":"Lagavulin","floor":6,"turns":6},{"damage":52,"enemies":"Gremlin Nob","floor":8,"turns":6},{"damage":12,"enemies":"Blue Slaver","floor":10,"turns":6},{"damage":0,"enemies":"Large Slime","floor":13,"turns":6},{"damage":11,"enemies":"3 Louse","floor":14,"turns":4},{"damage":16,"enemies":"Slime Boss","floor":16,"turns":5},{"damage":7,"enemies":"3 Byrds","floor":18,"turns":7},{"damage":11,"enemies":"2 Thieves","floor":21,"turns":4},{"damage":56,"enemies":"Slavers","floor":23,"turns":6},{"damage":2,"enemies":"Snecko","floor":25,"turns":5},{"damage":4,"enemies":"Cultist and Chosen","floor":28,"turns":9},{"damage":18,"enemies":"Snake Plant","floor":29,"turns":4},{"damage":26,"enemies":"Collector","floor":33,"turns":8},{"damage":25,"enemies":"Orb Walker","floor":35,"turns":4},{"damage":57,"enemies":"2 Orb Walkers","floor":37,"turns":3}],"seed_played":"-1891748143682021123","potions_obtained":[{"floor":3,"key":"Fire Potion"},{"floor":8,"key":"Weak Potion"},{"floor":14,"key":"Poison Potion"},{"floor":16,"key":"SpeedPotion"},{"floor":25,"key":"Block Potion"},{"floor":29,"key":"Energy Potion"},{"floor":33,"key":"GamblersBrew"}],"is_trial":false,"path_per_floor":["M","$","M","?","M","E","R","E","T","M","R","$","M","M","R","B",null,"M","$","?","M","?","E","R","M","T","?","M","M","?","?","R","B",null,"M","$","?"],"character_chosen":"IRONCLAD","items_purchased":["Orichalcum","Shrug It Off","Demon Form","Limit Break","Happy Flower","Rage","Metallicize","Flex+1"],"campfire_rested":4,"item_purchase_floors":[2,2,12,12,12,12,19,36],"current_hp_per_floor":[62,62,68,68,70,41,65,19,19,13,52,52,58,53,82,72,82,81,81,81,76,76,26,65,69,69,57,59,49,39,39,39,56,64,53,53,0],"gold":149,"neow_bonus":"TWO_FIFTY_GOLD","is_prod":false,"is_daily":false,"chose_seed":false,"campfire_upgraded":1,"win_rate":0,"timestamp":1548006347,"path_taken":["M","$","M","?","M","E","R","E","T","M","R","$","M","?","R","BOSS","M","$","?","M","?","E","R","M","T","?","M","M","?","?","R","BOSS","M","$","?"],"build_version":"2019-01-19","purchased_purges":3,"victory":false,"max_hp_per_floor":[80,80,80,80,80,82,82,82,82,82,82,82,82,82,82,82,82,82,82,82,82,82,82,82,82,82,57,59,59,64,64,64,64,64,66,66,66],"card_choices":[{"not_picked":["Twin Strike","Searing Blow"],"picked":"Pommel Strike","floor":1},{"not_picked":["Body Slam","Warcry"],"picked":"Havoc","floor":3},{"not_picked":["Dual Wield","Pommel Strike"],"picked":"Battle Trance","floor":5},{"not_picked":["Perfected Strike","Flex","Sentinel"],"picked":"Singing Bowl","floor":6},{"not_picked":["Wild Strike","Warcry"],"picked":"Feel No Pain","floor":8},{"not_picked":["Fire Breathing","Warcry"],"picked":"Disarm","floor":10},{"not_picked":["Rupture","Perfected Strike"],"picked":"Corruption","floor":13},{"not_picked":["Clash","True Grit"],"picked":"Anger","floor":14},{"not_picked":["Limit Break","Fiend Fire"],"picked":"Barricade","floor":16},{"not_picked":["Inflame","Power Through"],"picked":"Evolve","floor":18},{"not_picked":["Headbutt","Flex"],"picked":"Wild Strike","floor":21},{"not_picked":["Anger+1","Sever Soul"],"picked":"Clothesline","floor":23},{"not_picked":["Havoc","Limit Break"],"picked":"Burning Pact","floor":25},{"not_picked":["Wild Strike","Infernal Blade+1","Cleave"],"picked":"Singing Bowl","floor":28},{"not_picked":["Cleave","Dropkick"],"picked":"Havoc+1","floor":29},{"not_picked":["Limit Break+1","Feed"],"picked":"Juggernaut","floor":33},{"not_picked":["Infernal Blade+1","Perfected Strike","Warcry+1"],"picked":"Singing Bowl","floor":35}],"player_experience":346158,"relics_obtained":[{"floor":6,"key":"Singing Bowl"},{"floor":8,"key":"Regal Pillow"},{"floor":9,"key":"Smiling Mask"},{"floor":23,"key":"Bronze Scales"},{"floor":26,"key":"Toxic Egg 2"}],"event_choices":[{"damage_healed":0,"gold_gain":275,"player_choice":"Desecrate","damage_taken":0,"max_hp_gain":0,"max_hp_loss":0,"event_name":"Golden Shrine","floor":4,"gold_loss":0,"cards_obtained":["Regret"]},{"cards_removed":["Strike_R"],"damage_healed":0,"gold_gain":0,"player_choice":"Elegance","damage_taken":0,"max_hp_gain":0,"max_hp_loss":0,"event_name":"Back to Basics","floor":20,"gold_loss":0},{"damage_healed":0,"gold_gain":0,"player_choice":"Opened","damage_taken":0,"relics_obtained":["Pantograph"],"max_hp_gain":0,"max_hp_loss":0,"event_name":"The Mausoleum","floor":22,"gold_loss":0},{"damage_healed":0,"gold_gain":0,"player_choice":"Became a vampire","damage_taken":0,"max_hp_gain":0,"max_hp_loss":25,"event_name":"Vampires","floor":27,"gold_loss":0,"cards_obtained":["Bite","Bite","Bite","Bite","Bite"]},{"damage_healed":0,"gold_gain":0,"player_choice":"Shed Blood","damage_taken":15,"max_hp_gain":5,"max_hp_loss":0,"event_name":"Forgotten Altar","floor":30,"gold_loss":0},{"damage_healed":0,"gold_gain":0,"player_choice":"Traded Relic","damage_taken":0,"relics_obtained":["Nloth\u0027s Gift"],"max_hp_gain":0,"max_hp_loss":0,"event_name":"N\u0027loth","floor":31,"relics_lost":["Smiling Mask"],"gold_loss":0},{"damage_healed":0,"gold_gain":0,"player_choice":"Fight","damage_taken":0,"max_hp_gain":0,"max_hp_loss":0,"event_name":"Mysterious Sphere","floor":37,"gold_loss":0}],"is_beta":true,"boss_relics":[{"not_picked":["Busted Crown","Runic Pyramid"],"picked":"Mark of Pain"},{"not_picked":["Calling Bell","Lizard Tail"],"picked":"Cursed Key"}],"items_purged_floors":[2,12,19],"is_endless":false,"potions_floor_spawned":[3,8,14,16,25,29,33],"killed_by":"2 Orb Walkers","ascension_level":0}