{"gold_per_floor":[116,116,15,33,44,44,78,78,78,111,111,129,149,164,164,164],"floor_reached":16,"playtime":599,"items_purged":["Regret"],"score":224,"play_id":"b6cd235b-2086-4171-9ff8-9d15c672670a","local_time":"20190103135145","is_ascension_mode":true,"campfire_choices":[{"data":"Armaments","floor":6,"key":"SMITH"},{"data":"Strike_R","floor":8,"key":"PURGE"},{"floor":15,"key":"REST"}],"neow_cost":"PERCENT_DAMAGE","seed_source_timestamp":590497058396773,"circlet_count":0,"master_deck":["AscendersBane","Strike_R","Strike_R","Strike_R","Strike_R","Defend_R","Defend_R","Defend_R","Defend_R","Bash","Bludgeon","Feel No Pain","Iron Wave","Armaments+1","Rampage+1","Flame Barrier","Twin Strike"],"relics":["Burning Blood","Peace Pipe","Kunai","Blue Candle","StoneCalendar"],"potions_floor_usage":[10,10,16,16],"damage_taken":[{"damage":7,"enemies":"Jaw Worm","floor":1,"turns":3},{"damage":3,"enemies":"Small Slimes","floor":4,"turns":4},{"damage":0,"enemies":"Cultist","floor":5,"turns":3},{"damage":14,"enemies":"3 Sentries","floor":7,"turns":14},{"damage":20,"enemies":"Gremlin Nob","floor":10,"turns":4},{"damage":24,"enemies":"Lots of Slimes","floor":12,"turns":6},{"damage":11,"enemies":"Looter","floor":13,"turns":2},{"damage":8,"enemies":"Blue Slaver","floor":14,"turns":5},{"damage":33,"enemies":"Slime Boss","floor":16,"turns":5}],"seed_played":"-526682814959858001","potions_obtained":[{"floor":1,"key":"Swift Potion"},{"floor":5,"key":"Block Potion"},{"floor":12,"key":"Poison Potion"},{"floor":13,"key":"AttackPotion"}],"is_trial":false,"path_per_floor":["M","?","$","M","M","R","E","R","T","E","?","M","M","M","R","B"],"character_chosen":"IRONCLAD","items_purchased":["Iron Wave"],"campfire_rested":1,"item_purchase_floors":[3],"current_hp_per_floor":[49,49,49,52,58,58,50,50,50,36,36,18,13,11,33,0],"gold":164,"neow_bonus":"THREE_RARE_CARDS","is_prod":false,"is_daily":false,"chose_seed":false,"campfire_upgraded":1,"win_rate":0,"timestamp":1546519905,"path_taken":["M","?","$","M","M","R","E","R","T","E","?","M","?","M","R","BOSS"],"build_version":"2018-12-20","purchased_purges":1,"victory":false,"max_hp_per_floor":[75,75,75,75,75,75,75,75,75,75,75,75,75,75,75,75],"card_choices":[{"not_picked":["Fiend Fire","Barricade"],"picked":"Bludgeon","floor":0},{"not_picked":["Iron Wave","Thunderclap"],"picked":"Feel No Pain","floor":1},{"not_picked":["Wild Strike","Burning Pact","Havoc"],"picked":"SKIP","floor":4},{"not_picked":["Wild Strike","Burning Pact","Havoc"],"picked":"SKIP","floor":4},{"not_picked":["Heavy Blade","Combust"],"picked":"Armaments","floor":5},{"not_picked":["Berserk","Armaments"],"picked":"Rampage","floor":7},{"not_picked":["Anger","Perfected Strike"],"picked":"Flame Barrier","floor":10},{"not_picked":["Thunderclap","Rampage","Wild Strike"],"picked":"SKIP","floor":12},{"not_picked":["Heavy Blade","Havoc","Flex"],"picked":"SKIP","floor":13},{"not_picked":["Havoc","Double Tap"],"picked":"Twin Strike","floor":14}],"player_experience":1098350,"relics_obtained":[{"floor":7,"key":"Kunai"},{"floor":9,"key":"Blue Candle"},{"floor":10,"key":"StoneCalendar"}],"event_choices":[{"damage_healed":0,"gold_gain":0,"player_choice":"Box","damage_taken":0,"relics_obtained":["Peace Pipe"],"max_hp_gain":0,"max_hp_loss":0,"event_name":"Big Fish","floor":2,"gold_loss":0,"cards_obtained":["Regret"]},{"damage_healed":0,"gold_gain":0,"player_choice":"Upgraded","damage_taken":0,"max_hp_gain":0,"max_hp_loss":0,"event_name":"Upgrade Shrine","floor":11,"gold_loss":0,"cards_upgraded":["Rampage"]}],"is_beta":false,"boss_relics":[],"items_purged_floors":[3],"is_endless":false,"potions_floor_spawned":[1,5,12,13],"killed_by":"Slime Boss","ascension_level":20}