{"gold_per_floor":[112,127,31,42,18,18,49,49,49,59,93,106,281,300,300,404,404,418,428,61,76,76,76],"floor_reached":23,"playtime":1383,"items_purged":[],"score":328,"play_id":"6e7fb4f1-4da6-4d9b-a677-18162656d8fb","local_time":"20180701185523","is_ascension_mode":false,"campfire_choices":[{"data":"Zap","floor":6,"key":"SMITH"},{"data":"Seek","floor":8,"key":"SMITH"},{"data":"Dualcast","floor":15,"key":"SMITH"}],"neow_cost":"","seed_source_timestamp":0,"circlet_count":0,"master_deck":["Strike_B","Strike_B","Strike_B","Strike_B","Defend_B","Defend_B","Defend_B","Defend_B","Zap+1","Dualcast+1","Coolheaded","Reinforced Body","Compile Driver","Steam","Undo","Conserve Battery","Seek+1","Compile Driver","Go for the Eyes","Ball Lightning","Doubt","Go for the Eyes","Echo Form","Sunder+1","Loop+1","Chill","Reinforced Body"],"relics":["Cracked Core","Bird Faced Urn","Ginger","Potion Belt","Black Star","Frozen Egg 2"],"potions_floor_usage":[7,11,16,18,23],"damage_taken":[{"damage":0,"enemies":"Cultist","floor":1,"turns":4},{"damage":3,"enemies":"Jaw Worm","floor":2,"turns":5},{"damage":0,"enemies":"2 Louse","floor":4,"turns":2},{"damage":5,"enemies":"Gremlin Nob","floor":7,"turns":4},{"damage":5,"enemies":"Blue Slaver","floor":10,"turns":4},{"damage":0,"enemies":"3 Sentries","floor":11,"turns":6},{"damage":0,"enemies":"Exordium Thugs","floor":12,"turns":4},{"damage":0,"enemies":"3 Louse","floor":14,"turns":3},{"damage":32,"enemies":"Hexaghost","floor":16,"turns":11},{"damage":0,"enemies":"Spheric Guardian","floor":18,"turns":3},{"damage":4,"enemies":"Shell Parasite","floor":19,"turns":7},{"damage":5,"enemies":"Chosen and Byrds","floor":21,"turns":9},{"damage":60,"enemies":"Gremlin Leader","floor":23,"turns":7}],"seed_played":"-8783126961863083927","potions_obtained":[{"floor":2,"key":"AttackPotion"},{"floor":10,"key":"Explosive Potion"},{"floor":11,"key":"Poison Potion"},{"floor":16,"key":"Fire Potion"},{"floor":19,"key":"Poison Potion"}],"is_trial":true,"path_per_floor":["M","M","$","M","$","R","E","R","T","M","E","M","?","M","R","B",null,"M","M","$","M","?"],"character_chosen":"DEFECT","items_purchased":["Compile Driver","Steam","Conserve Battery","Frozen Egg 2","Loop","Chill"],"campfire_rested":0,"item_purchase_floors":[3,3,5,20,20,20],"current_hp_per_floor":[75,72,72,72,72,72,67,67,67,62,62,62,62,62,62,30,75,75,71,71,70,56,0],"gold":76,"neow_bonus":"","is_prod":false,"is_daily":false,"chose_seed":false,"campfire_upgraded":3,"win_rate":0,"timestamp":1530496523,"path_taken":["M","M","$","?","$","R","E","R","T","M","E","M","?","M","R","BOSS","M","M","$","M","?","E"],"build_version":"2018-06-29","purchased_purges":0,"victory":false,"max_hp_per_floor":[75,75,75,75,75,75,75,75,75,75,75,75,75,75,75,75,75,75,75,75,75,80,80],"card_choices":[{"not_picked":["Beam Cell","Static Discharge"],"picked":"Coolheaded","floor":1},{"not_picked":["Leap","Stack"],"picked":"Reinforced Body","floor":2},{"not_picked":["Sweeping Beam","Barrage"],"picked":"Undo","floor":4},{"not_picked":["Redo","Steam"],"picked":"Seek","floor":7},{"not_picked":["Stack","Skim"],"picked":"Compile Driver","floor":10},{"not_picked":["Sweeping Beam","Steam Power"],"picked":"Go for the Eyes","floor":11},{"not_picked":["Reinforced Body","Consume"],"picked":"Ball Lightning","floor":12},{"not_picked":["Barrage","Amplify"],"picked":"Go for the Eyes","floor":14},{"not_picked":["Fission","Buffer"],"picked":"Echo Form","floor":16},{"not_picked":["Beam Cell+1","Rebound"],"picked":"Sunder+1","floor":18},{"not_picked":["Redo","Meteor Strike","Rebound+1"],"picked":"SKIP","floor":19},{"not_picked":["Blizzard","Barrage"],"picked":"Reinforced Body","floor":21}],"player_experience":260899,"relics_obtained":[{"floor":7,"key":"Bird Faced Urn"},{"floor":9,"key":"Ginger"},{"floor":11,"key":"Potion Belt"}],"event_choices":[{"event_name":"Liars Game","player_choice":"agreed","floor":13,"damage_taken":0},{"event_name":"Forgotten Altar","player_choice":"Shed Blood","floor":22,"damage_taken":0}],"boss_relics":[{"not_picked":["Fusion Hammer","White Beast Statue"],"picked":"Black Star"}],"items_purged_floors":[],"is_endless":true,"potions_floor_spawned":[2,10,11,16,19],"killed_by":"Gremlin Leader","ascension_level":0}