{"gold_per_floor":[110,21,37,37,37,63,77,93,146,71,83,83,113,129,129,205,205,223,223,201,14,14],"floor_reached":22,"playtime":643,"items_purged":["Strike_B"],"score":467,"play_id":"9e215f93-41a1-4607-8d81-2b41ca237cd3","local_time":"20181211132733","is_ascension_mode":true,"campfire_choices":[{"data":"Darkness","floor":12,"key":"SMITH"},{"data":"Leap","floor":15,"key":"SMITH"}],"neow_cost":"NONE","seed_source_timestamp":94593835071904,"circlet_count":0,"master_deck":["AscendersBane","Strike_B","Strike_B","Strike_B","Defend_B+1","Defend_B","Defend_B","Defend_B","Zap+1","Dualcast+1","Conserve Battery","FTL","Gash","Ball Lightning","Gash","Darkness+1","Compile Driver","Rebound","Leap+1","Seek","Redo","Hologram","Apotheosis"],"relics":["Cracked Core","NeowsBlessing","Symbiotic Virus","War Paint","Smiling Mask","Inserter","Unceasing Top"],"potions_floor_usage":[3,14],"damage_taken":[{"damage":0,"enemies":"Jaw Worm","floor":1,"turns":1},{"damage":0,"enemies":"Small Slimes","floor":3,"turns":1},{"damage":0,"enemies":"Gremlin Nob","floor":6,"turns":1},{"damage":0,"enemies":"Cultist","floor":7,"turns":2},{"damage":3,"enemies":"Exordium Thugs","floor":8,"turns":4},{"damage":0,"enemies":"3 Louse","floor":11,"turns":3},{"damage":0,"enemies":"Lagavulin","floor":13,"turns":4},{"damage":6,"enemies":"Large Slime","floor":14,"turns":3},{"damage":26,"enemies":"Slime Boss","floor":16,"turns":5},{"damage":13,"enemies":"3 Byrds","floor":18,"turns":5},{"damage":21,"enemies":"2 Thieves","floor":20,"turns":4},{"damage":34,"enemies":"Snecko","floor":22,"turns":4}],"seed_played":"8849772475298961957","potions_obtained":[{"floor":3,"key":"Fruit Juice"},{"floor":6,"key":"SteroidPotion"},{"floor":11,"key":"Ancient Potion"},{"floor":13,"key":"SkillPotion"}],"is_trial":false,"path_per_floor":["M","$","M","?","?","E","M","M","T","$","M","R","E","M","R","B",null,"M","T","M","$","M"],"character_chosen":"DEFECT","items_purchased":["FTL","Apotheosis"],"campfire_rested":0,"item_purchase_floors":[2,21],"current_hp_per_floor":[64,64,69,69,69,69,69,66,66,66,66,66,66,60,60,34,66,53,53,32,32,0],"gold":14,"neow_bonus":"THREE_ENEMY_KILL","is_prod":false,"is_daily":false,"chose_seed":false,"campfire_upgraded":2,"win_rate":0,"timestamp":1544531253,"path_taken":["M","$","M","?","?","E","M","M","T","$","M","R","E","M","R","BOSS","M","?","M","?","M"],"build_version":"2018-12-06","purchased_purges":1,"victory":false,"max_hp_per_floor":[71,71,76,76,76,76,76,76,76,76,76,76,76,76,76,76,76,76,76,76,76,76],"card_choices":[{"not_picked":["Redo","Self Repair"],"picked":"Conserve Battery","floor":1},{"not_picked":["Conserve Battery","Hologram"],"picked":"Gash","floor":3},{"not_picked":["Conserve Battery","Thunder Strike"],"picked":"Ball Lightning","floor":6},{"not_picked":["Scrape","Hologram"],"picked":"Gash","floor":7},{"not_picked":["Coolheaded","Ball Lightning"],"picked":"Darkness","floor":8},{"not_picked":["Chill","Melter"],"picked":"Compile Driver","floor":11},{"not_picked":["FTL","Compile Driver"],"picked":"Rebound","floor":13},{"not_picked":["Turbo","Chaos"],"picked":"Leap","floor":14},{"not_picked":["Rainbow","Meteor Strike"],"picked":"Seek","floor":16},{"not_picked":["Sweeping Beam+1","Chaos"],"picked":"Redo","floor":18},{"not_picked":["Streamline","Sunder"],"picked":"Hologram","floor":20}],"player_experience":940110,"relics_obtained":[{"floor":6,"key":"Symbiotic Virus"},{"floor":9,"key":"War Paint"},{"floor":13,"key":"Smiling Mask"},{"floor":19,"key":"Unceasing Top"}],"event_choices":[{"damage_healed":0,"gold_gain":0,"player_choice":"Ignored","damage_taken":0,"max_hp_gain":0,"max_hp_loss":0,"event_name":"Liars Game","floor":4,"gold_loss":0},{"damage_healed":0,"gold_gain":0,"player_choice":"Upgraded","damage_taken":0,"max_hp_gain":0,"max_hp_loss":0,"event_name":"Upgrade Shrine","floor":5,"gold_loss":0,"cards_upgraded":["Zap"]}],"is_beta":false,"boss_relics":[{"not_picked":["FrozenCore","White Beast Statue"],"picked":"Inserter"}],"items_purged_floors":[10],"is_endless":false,"potions_floor_spawned":[3,6,11,13,20],"killed_by":"Snecko","ascension_level":18}