{"gold_per_floor":[111,123,123,35,46,46,73,73,73,73,105,119,119,119,119,190,190,200,200,219,229,229,229,229,229,302,330,341,352,370,67,67,141,141,160,160,177,190,56,56,76,76],"floor_reached":42,"playtime":1876,"items_purged":[],"score":1006,"play_id":"917684a6-2250-40f3-a08d-d1ba7e619c89","local_time":"20190118143122","is_ascension_mode":true,"campfire_choices":[{"data":"Poisoned Stab","floor":6,"key":"SMITH"},{"data":"Noxious Fumes","floor":8,"key":"SMITH"},{"data":"Neutralize","floor":10,"key":"SMITH"},{"floor":15,"key":"REST"},{"data":"Malaise","floor":23,"key":"SMITH"},{"data":"Corpse Explosion","floor":25,"key":"SMITH"},{"floor":32,"key":"REST"},{"data":"Footwork","floor":40,"key":"SMITH"}],"neow_cost":"NONE","seed_source_timestamp":770415542353029,"circlet_count":0,"master_deck":["AscendersBane","Survivor+1","Neutralize+1","Escape Plan","Masterful Stab","Leg Sweep","Poisoned Stab+1","Noxious Fumes+1","Infinite Blades","Malaise+1","Distraction","After Image","Choke","Dodge and Roll","Corpse Explosion+1","Adrenaline","Glass Knife","Wraith Form v2","Choke","Necronomicurse","Catalyst","Backflip","Noxious Fumes","Noxious Fumes","Malaise","Crippling Poison","Predator","Deadly Poison+1","Footwork+1","Escape Plan"],"relics":["Ring of the Snake","NeowsBlessing","Gremlin Horn","Shuriken","FossilizedHelix","Pandora\u0027s Box","Necronomicon","Sundial","Snake Skull","PreservedInsect","HoveringKite"],"potions_floor_usage":[7,7,16,16,27,33,41,41,42],"damage_taken":[{"damage":0,"enemies":"2 Louse","floor":1,"turns":1},{"damage":0,"enemies":"Cultist","floor":2,"turns":1},{"damage":0,"enemies":"Small Slimes","floor":5,"turns":1},{"damage":27,"enemies":"Lagavulin","floor":7,"turns":10},{"damage":12,"enemies":"3 Sentries","floor":11,"turns":7},{"damage":0,"enemies":"3 Louse","floor":12,"turns":3},{"damage":0,"enemies":"Slime Boss","floor":16,"turns":5},{"damage":2,"enemies":"Chosen","floor":18,"turns":7},{"damage":6,"enemies":"Shell Parasite","floor":20,"turns":5},{"damage":11,"enemies":"Sentry and Sphere","floor":21,"turns":4},{"damage":5,"enemies":"Slavers","floor":27,"turns":4},{"damage":0,"enemies":"Centurion and Healer","floor":28,"turns":3},{"damage":3,"enemies":"Snecko","floor":29,"turns":8},{"damage":10,"enemies":"Shelled Parasite and Fungi","floor":30,"turns":5},{"damage":10,"enemies":"Champ","floor":33,"turns":9},{"damage":0,"enemies":"Orb Walker","floor":35,"turns":3},{"damage":0,"enemies":"3 Darklings","floor":37,"turns":3},{"damage":0,"enemies":"Maw","floor":38,"turns":6},{"damage":40,"enemies":"Spire Growth","floor":41,"turns":5},{"damage":17,"enemies":"Writhing Mass","floor":42,"turns":4}],"seed_played":"2781416032216157245","potions_obtained":[{"floor":3,"key":"Block Potion"},{"floor":3,"key":"GhostInAJar"},{"floor":7,"key":"Fire Potion"},{"floor":11,"key":"SpeedPotion"},{"floor":12,"key":"FearPotion"},{"floor":16,"key":"SpeedPotion"},{"floor":18,"key":"Strength Potion"},{"floor":27,"key":"EssenceOfSteel"},{"floor":30,"key":"Poison Potion"},{"floor":41,"key":"Explosive Potion"}],"is_trial":false,"path_per_floor":["M","M","?","$","M","R","E","R","T","R","E","M","?","?","R","B",null,"M","?","M","M","?","R","?","R","T","E","M","M","M","$","R","B",null,"M","?","M","M","$","R","M","M"],"character_chosen":"THE_SILENT","items_purchased":["Leg Sweep","PreservedInsect","AttackPotion","Noxious Fumes","Footwork","Swift Potion"],"campfire_rested":2,"item_purchase_floors":[4,31,31,31,39,39],"current_hp_per_floor":[59,59,59,59,59,59,32,32,32,32,20,20,42,22,41,41,60,58,37,31,20,33,33,33,33,33,28,28,25,15,15,34,24,56,56,56,56,56,56,56,16,0],"gold":76,"neow_bonus":"THREE_ENEMY_KILL","is_prod":false,"is_daily":false,"chose_seed":false,"campfire_upgraded":6,"win_rate":0,"timestamp":1547818282,"path_taken":["M","M","?","$","M","R","E","R","T","R","E","?","?","?","R","BOSS","M","?","M","M","?","R","?","R","T","E","M","M","?","$","R","BOSS","M","?","M","?","$","R","M","M"],"build_version":"2019-01-17v2","purchased_purges":0,"victory":false,"max_hp_per_floor":[66,66,66,66,66,66,66,66,66,66,66,66,66,66,66,66,66,66,66,66,66,66,66,66,66,66,66,66,66,66,66,66,66,66,66,66,66,66,66,66,66,66],"card_choices":[{"not_picked":["Flying Knee","Dodge and Roll"],"picked":"Escape Plan","floor":1},{"not_picked":["Outmaneuver","Backflip"],"picked":"Masterful Stab","floor":2},{"not_picked":["Deflect","Sucker Punch"],"picked":"Poisoned Stab","floor":5},{"not_picked":["Accuracy","A Thousand Cuts"],"picked":"Noxious Fumes","floor":7},{"not_picked":["Underhanded Strike","Dagger Throw"],"picked":"Infinite Blades","floor":11},{"not_picked":["Predator","Sucker Punch","Prepared"],"picked":"SKIP","floor":12},{"not_picked":["Phantasmal Killer","Grand Finale"],"picked":"Malaise","floor":16},{"not_picked":["Bane","Dodge and Roll","Acrobatics"],"picked":"SKIP","floor":18},{"not_picked":["Outmaneuver","Prepared"],"picked":"Catalyst","floor":20},{"not_picked":["Quick Slash+1","Cloak And Dagger","Prepared"],"picked":"SKIP","floor":21},{"not_picked":["Grand Finale","Flechettes"],"picked":"Backflip","floor":27},{"not_picked":["Blur","Cloak And Dagger","Blade Dance"],"picked":"SKIP","floor":28},{"not_picked":["Underhanded Strike","Dagger Spray"],"picked":"Noxious Fumes","floor":29},{"not_picked":["Eviscerate","Dodge and Roll","Poisoned Stab"],"picked":"SKIP","floor":30},{"not_picked":["Phantasmal Killer","Grand Finale"],"picked":"Malaise","floor":33},{"not_picked":["Backflip","Terror"],"picked":"Crippling Poison","floor":35},{"not_picked":["Acrobatics","Eviscerate"],"picked":"Deadly Poison+1","floor":37},{"not_picked":["Outmaneuver","Riddle With Holes","Noxious Fumes"],"picked":"SKIP","floor":38},{"not_picked":["Blade Dance","Dagger Throw"],"picked":"Escape Plan","floor":41}],"player_experience":1216955,"relics_obtained":[{"floor":7,"key":"Gremlin Horn"},{"floor":9,"key":"Shuriken"},{"floor":11,"key":"FossilizedHelix"},{"floor":19,"key":"Necronomicon"},{"floor":26,"key":"Sundial"},{"floor":27,"key":"Snake Skull"}],"event_choices":[{"damage_healed":0,"gold_gain":0,"player_choice":"Got Potions","damage_taken":0,"max_hp_gain":0,"max_hp_loss":0,"event_name":"Lab","floor":3,"gold_loss":0},{"damage_healed":22,"gold_gain":0,"player_choice":"Banana","damage_taken":0,"max_hp_gain":0,"max_hp_loss":0,"event_name":"Big Fish","floor":13,"gold_loss":0},{"damage_healed":0,"gold_gain":0,"player_choice":"Entered Light","damage_taken":20,"max_hp_gain":0,"max_hp_loss":0,"event_name":"Shining Light","floor":14,"gold_loss":0,"cards_upgraded":["Survivor","Strike_G"]},{"damage_healed":0,"gold_gain":0,"player_choice":"Obtained Book","damage_taken":21,"max_hp_gain":0,"max_hp_loss":0,"event_name":"Cursed Tome","floor":19,"gold_loss":0},{"damage_healed":13,"gold_gain":0,"player_choice":"Heal","damage_taken":0,"max_hp_gain":0,"max_hp_loss":0,"event_name":"The Library","floor":22,"gold_loss":0},{"damage_healed":0,"gold_gain":0,"player_choice":"Leave","damage_taken":0,"max_hp_gain":0,"max_hp_loss":0,"event_name":"FaceTrader","floor":24,"gold_loss":0},{"damage_healed":0,"gold_gain":0,"cards_transformed":["Tools of the Trade"],"player_choice":"Transformed","damage_taken":0,"max_hp_gain":0,"max_hp_loss":0,"event_name":"Transmorgrifier","floor":36,"gold_loss":0,"cards_obtained":["Predator"]}],"is_beta":false,"boss_relics":[{"not_picked":["Snecko Eye","Calling Bell"],"picked":"Pandora\u0027s Box"},{"not_picked":["Orrery","Runic Dome"],"picked":"HoveringKite"}],"items_purged_floors":[],"is_endless":false,"potions_floor_spawned":[7,11,12,16,18,27,30,41],"killed_by":"Writhing Mass","ascension_level":20}