{"gold_per_floor":[116,116,129,143,163,191,191,223,297,311,326,326,340,372,372,448,448,460,470,395,345,79,107,107],"floor_reached":24,"playtime":1120,"items_purged":["Strike_B"],"score":405,"play_id":"0af699af-747b-4988-a30d-387542aaffa5","local_time":"20190424000020","is_ascension_mode":true,"campfire_choices":[{"floor":7.0,"key":"REST"},{"floor":15.0,"key":"REST"}],"neow_cost":"NONE","seed_source_timestamp":0,"circlet_count":0,"master_deck":["AscendersBane","Strike_B","Strike_B","Defend_B","Defend_B","Defend_B","Defend_B","Zap+1","Dualcast","Cold Snap","Streamline","Hologram","Cold Snap","Ball Lightning","BootSequence","Capacitor","Electrodynamics","Reboot","Hologram","Cold Snap"],"special_seed":0,"relics":["Cracked Core","Singing Bowl","Dead Branch","Shuriken","Strawberry","Busted Crown","Gremlin Horn","Darkstone Periapt"],"potions_floor_usage":[24],"damage_taken":[{"damage":1.0,"enemies":"Cultist","floor":1.0,"turns":3.0},{"damage":1.0,"enemies":"2 Louse","floor":3.0,"turns":2.0},{"damage":5.0,"enemies":"Small Slimes","floor":4.0,"turns":3.0},{"damage":7.0,"enemies":"Red Slaver","floor":5.0,"turns":4.0},{"damage":22.0,"enemies":"Lagavulin","floor":6.0,"turns":5.0},{"damage":20.0,"enemies":"3 Sentries","floor":8.0,"turns":8.0},{"damage":7.0,"enemies":"Blue Slaver","floor":10.0,"turns":4.0},{"damage":7.0,"enemies":"2 Fungi Beasts","floor":11.0,"turns":3.0},{"damage":2.0,"enemies":"3 Louse","floor":13.0,"turns":2.0},{"damage":10.0,"enemies":"Lagavulin","floor":14.0,"turns":7.0},{"damage":1.0,"enemies":"Slime Boss","floor":16.0,"turns":7.0},{"damage":0,"enemies":"Chosen","floor":18,"turns":3},{"damage":15,"enemies":"Spheric Guardian","floor":19,"turns":5},{"damage":51,"enemies":"Gremlin Leader","floor":23,"turns":4},{"damage":0,"enemies":"Chosen and Byrds","floor":24,"turns":4}],"seed_played":"-7421836242100164298","potions_obtained":[{"floor":3.0,"key":"Ancient Potion"},{"floor":4.0,"key":"Poison Potion"},{"floor":8.0,"key":"Fire Potion"},{"floor":23,"key":"Poison Potion"}],"is_trial":false,"path_per_floor":["M","?","M","M","M","E","R","E","T","M","M","?","M","E","R","B",null,"M","M","$","?","$","E","M"],"character_chosen":"DEFECT","items_purchased":["Gremlin Horn","Cold Snap"],"campfire_rested":2,"item_purchase_floors":[22,22],"current_hp_per_floor":[63,63,62,57,50,30,51,33,33,26,19,19,17,14,38,37,71,73,58,58,58,58,9,9],"gold":107,"neow_bonus":"UPGRADE_CARD","is_prod":false,"is_daily":false,"chose_seed":false,"campfire_upgraded":0,"win_rate":0,"timestamp":1556074820,"path_taken":["M","?","M","M","?","E","R","E","T","M","M","?","M","E","R","BOSS","BOSS","M","M","?","?","$","E","M"],"build_version":"2019-01-23","purchased_purges":1,"victory":false,"max_hp_per_floor":[71,71,71,71,71,73,73,75,75,75,75,75,75,82,82,82,82,84,84,84,84,84,86,86],"card_choices":[{"not_picked":["Conserve Battery","Recycle"],"picked":"Cold Snap","floor":1.0},{"not_picked":["Stack","Go for the Eyes"],"picked":"Streamline","floor":3.0},{"not_picked":["Loop","Defragment"],"picked":"Hologram","floor":4.0},{"not_picked":["Conserve Battery","Melter"],"picked":"Cold Snap","floor":5.0},{"not_picked":["Streamline","Rebound","Stack"],"picked":"Singing Bowl","floor":6.0},{"not_picked":["Rebound","Beam Cell","Stack"],"picked":"Singing Bowl","floor":8.0},{"not_picked":["Reinforced Body","Doom and Gloom"],"picked":"Ball Lightning","floor":10.0},{"not_picked":["Aggregate","Stack"],"picked":"BootSequence","floor":11.0},{"not_picked":["Blizzard","Auto Shields"],"picked":"Capacitor","floor":13.0},{"not_picked":["Stack","Hologram"],"picked":"Electrodynamics","floor":14.0},{"not_picked":["Electrodynamics","Machine Learning"],"picked":"Reboot","floor":16},{"not_picked":["Turbo+1"],"picked":"Singing Bowl","floor":18},{"not_picked":[],"picked":"Hologram","floor":19},{"not_picked":["Turbo"],"picked":"Singing Bowl","floor":23}],"player_experience":741389,"relics_obtained":[{"floor":6.0,"key":"Singing Bowl"},{"floor":8.0,"key":"Dead Branch"},{"floor":9.0,"key":"Shuriken"},{"floor":14.0,"key":"Strawberry"},{"floor":23,"key":"Darkstone Periapt"}],"event_choices":[{"damage_healed":0.0,"max_hp_gain":0.0,"max_hp_loss":0.0,"gold_gain":0.0,"event_name":"FaceTrader","player_choice":"Leave","floor":2.0,"gold_loss":0.0,"damage_taken":0.0},{"cards_removed":["Strike_B"],"damage_healed":0.0,"max_hp_gain":0.0,"max_hp_loss":0.0,"gold_gain":0.0,"event_name":"Purifier","player_choice":"Purged","floor":12.0,"gold_loss":0.0,"damage_taken":0.0},{"damage_healed":0,"gold_gain":0,"player_choice":"Bet on Murderer","damage_taken":0,"max_hp_gain":0,"max_hp_loss":0,"event_name":"The Joust","floor":21,"gold_loss":50}],"is_beta":false,"boss_relics":[{"not_picked":["Black Star","Velvet Choker"],"picked":"Busted Crown"}],"items_purged_floors":[20],"is_endless":false,"potions_floor_spawned":[3,4,8,10,23],"killed_by":"Chosen and Byrds","ascension_level":14}