{"gold_per_floor":[116,134,134,134,145,170,24,56,56,56,56,66,66,80,80,184,184,203,203,1,1,1,1,33,49,98,98],"floor_reached":27,"playtime":1739,"items_purged":[],"score":300,"play_id":"2351e97a-edd1-4a34-b9e0-dc936d05662c","local_time":"20180822163756","is_ascension_mode":true,"campfire_choices":[{"data":"Noxious Fumes","floor":10,"key":"SMITH"},{"floor":13,"key":"REST"},{"floor":15,"key":"REST"},{"data":"Burst","floor":23,"key":"SMITH"}],"neow_cost":"NONE","seed_source_timestamp":282613327619147,"circlet_count":0,"master_deck":["Defend_G","Defend_G","Defend_G","Defend_G","Defend_G","Strike_G","Strike_G","Strike_G","Strike_G","Strike_G","Survivor","Neutralize","Footwork","Noxious Fumes+1","Backflip","Sucker Punch","Burst+1","Necronomicurse","The Bomb","Bane"],"relics":["Ring of the Snake","Singing Bowl","Snake Skull","Pantograph","Paper Crane","Busted Crown","Necronomicon","Gremlin Horn","Pen Nib"],"potions_floor_usage":[6,8,16,16,16,27],"damage_taken":[{"damage":3,"enemies":"Jaw Worm","floor":1,"turns":8},{"damage":0,"enemies":"Cultist","floor":2,"turns":5},{"damage":0,"enemies":"2 Louse","floor":5,"turns":3},{"damage":40,"enemies":"Gremlin Nob","floor":6,"turns":6},{"damage":19,"enemies":"3 Sentries","floor":8,"turns":6},{"damage":1,"enemies":"Blue Slaver","floor":12,"turns":5},{"damage":17,"enemies":"Gremlin Gang","floor":14,"turns":7},{"damage":9,"enemies":"The Guardian","floor":16,"turns":11},{"damage":25,"enemies":"3 Byrds","floor":18,"turns":6},{"damage":39,"enemies":"Book of Stabbing","floor":24,"turns":9},{"damage":6,"enemies":"Shell Parasite","floor":25,"turns":4},{"damage":4,"enemies":"3 Cultists","floor":27,"turns":2}],"seed_played":"-2164706435354405797","potions_obtained":[{"floor":3,"key":"Dexterity Potion"},{"floor":6,"key":"Swift Potion"},{"floor":8,"key":"SteroidPotion"},{"floor":14,"key":"LiquidBronze"},{"floor":24,"key":"AttackPotion"},{"floor":25,"key":"Ancient Potion"}],"is_trial":false,"path_per_floor":["M","M","?","?","M","E","$","E","T","R","$","M","R","M","R","B",null,"M","?","$","$","?","R","E","M","T"],"character_chosen":"THE_SILENT","items_purchased":["Snake Skull","The Bomb"],"campfire_rested":2,"item_purchase_floors":[7,20],"current_hp_per_floor":[67,67,67,80,80,42,42,25,25,25,25,24,49,34,59,75,86,63,47,47,47,47,47,10,4,4,0],"gold":98,"neow_bonus":"ONE_RANDOM_RARE_CARD","is_prod":false,"is_daily":false,"chose_seed":false,"campfire_upgraded":2,"win_rate":0,"timestamp":1534981076,"path_taken":["M","M","?","?","M","E","$","E","T","R","$","M","R","M","R","BOSS","M","?","?","$","?","R","E","M","T","?"],"build_version":"2018-08-16","purchased_purges":0,"victory":false,"max_hp_per_floor":[70,70,70,80,80,82,82,84,84,84,84,84,84,86,86,86,86,88,88,88,88,88,88,90,90,90,90],"card_choices":[{"not_picked":["Prepared","Poisoned Stab"],"picked":"Footwork","floor":1},{"not_picked":["Deadly Poison","Dash"],"picked":"Noxious Fumes","floor":2},{"not_picked":["Cloak And Dagger","Masterful Stab"],"picked":"Backflip","floor":5},{"not_picked":["Poisoned Stab","Dagger Spray","Slice"],"picked":"Singing Bowl","floor":6},{"not_picked":["Dagger Throw","Poisoned Stab","Dagger Spray"],"picked":"Singing Bowl","floor":8},{"not_picked":["Masterful Stab","Dodge and Roll"],"picked":"Sucker Punch","floor":12},{"not_picked":["Cloak And Dagger","Tactician","Masterful Stab"],"picked":"Singing Bowl","floor":14},{"not_picked":["Wraith Form v2","Phantasmal Killer"],"picked":"Burst","floor":16},{"not_picked":["Dagger Throw"],"picked":"Singing Bowl","floor":18},{"not_picked":["Tactician"],"picked":"Singing Bowl","floor":24},{"not_picked":[],"picked":"Bane","floor":25}],"player_experience":703046,"relics_obtained":[{"floor":6,"key":"Singing Bowl"},{"floor":8,"key":"Pantograph"},{"floor":9,"key":"Paper Crane"},{"floor":19,"key":"Necronomicon"},{"floor":24,"key":"Gremlin Horn"},{"floor":26,"key":"Pen Nib"}],"event_choices":[{"event_name":"The Lab","player_choice":"Got Potions","floor":3,"damage_taken":0},{"event_name":"Bonfire Elementals","player_choice":"RARE","floor":4,"damage_taken":0},{"event_name":"Cursed Tome","player_choice":"Obtained Book","floor":19,"damage_taken":0},{"event_name":"Ghosts","player_choice":"Ignored","floor":22,"damage_taken":0}],"is_beta":false,"boss_relics":[{"not_picked":["Cursed Key","Philosopher\u0027s Stone"],"picked":"Busted Crown"}],"items_purged_floors":[],"is_endless":false,"potions_floor_spawned":[6,8,14,24,25],"killed_by":"3 Cultists","ascension_level":3}