{"gold_per_floor":[110,124,224,224,105,105,105,116,166,182,182,199,110,129,129,225,225,242,242,17,29,52,52],"floor_reached":23,"playtime":1017,"items_purged":[],"score":199,"play_id":"c7e65395-e83d-48a1-b1bb-cfb1fbf9b76b","local_time":"20180710143330","is_ascension_mode":true,"campfire_choices":[{"data":"Zap","floor":6,"key":"SMITH"},{"data":"Doom and Gloom","floor":11,"key":"SMITH"},{"data":"Capacitor","floor":15,"key":"SMITH"}],"neow_cost":"","seed_source_timestamp":681847271690709,"circlet_count":0,"master_deck":["Strike_B+1","Strike_B+1","Strike_B+1","Strike_B+1","Defend_B+1","Defend_B+1","Defend_B+1","Defend_B+1","Zap+1","Dualcast","Go for the Eyes","Fusion+1","Doom and Gloom+1","Rip and Tear","Capacitor+1","Jack Of All Trades","Rainbow","Redo+1","Defragment","Ball Lightning"],"relics":["Cracked Core","Tiny Chest","Matryoshka","Centennial Puzzle","DataDisk","Runic Pyramid","Bronze Scales","Omamori","Anchor"],"potions_floor_usage":[18,23,23],"damage_taken":[{"damage":0,"enemies":"Cultist","floor":1,"turns":4},{"damage":4,"enemies":"Small Slimes","floor":2,"turns":4},{"damage":2,"enemies":"Jaw Worm","floor":8,"turns":3},{"damage":6,"enemies":"Looter","floor":10,"turns":3},{"damage":8,"enemies":"Blue Slaver","floor":12,"turns":3},{"damage":6,"enemies":"Exordium Thugs","floor":14,"turns":3},{"damage":23,"enemies":"Hexaghost","floor":16,"turns":9},{"damage":25,"enemies":"Shell Parasite","floor":18,"turns":6},{"damage":16,"enemies":"Spheric Guardian","floor":21,"turns":4},{"damage":49,"enemies":"Slavers","floor":23,"turns":5}],"seed_played":"7356264288788511696","potions_obtained":[{"floor":8,"key":"SkillPotion"},{"floor":12,"key":"AttackPotion"},{"floor":14,"key":"SneckoOil"},{"floor":21,"key":"SteroidPotion"}],"is_trial":true,"path_per_floor":["M","M","?","?","$","R","T","M","T","M","R","M","$","M","R","B",null,"M","?","$","M","T"],"character_chosen":"DEFECT","items_purchased":["Tiny Chest","Jack Of All Trades","Defragment","Bronze Scales"],"campfire_rested":0,"item_purchase_floors":[5,13,20,20],"current_hp_per_floor":[75,71,71,71,71,71,71,69,69,63,63,55,55,53,53,34,75,50,50,50,34,34,0],"gold":52,"neow_bonus":"","is_prod":false,"is_daily":false,"chose_seed":false,"campfire_upgraded":3,"win_rate":0,"timestamp":1531226010,"path_taken":["M","?","?","?","$","R","?","M","T","M","R","?","$","M","R","BOSS","M","?","$","?","?","E"],"build_version":"2018-07-05","purchased_purges":0,"victory":false,"max_hp_per_floor":[75,75,75,75,75,75,75,75,75,75,75,75,75,75,75,75,75,75,75,75,75,75,75],"card_choices":[{"not_picked":["Cold Snap","Genetic Algorithm"],"picked":"Go for the Eyes","floor":1},{"not_picked":["Hologram","Steam Power"],"picked":"Fusion","floor":2},{"not_picked":["Streamline","Barrage"],"picked":"Doom and Gloom","floor":8},{"not_picked":["Turbo","BootSequence"],"picked":"Rip and Tear","floor":10},{"not_picked":["Rebound","Darkness"],"picked":"Capacitor","floor":12},{"not_picked":["Steam Power","Go for the Eyes","Reprogram"],"picked":"SKIP","floor":14},{"not_picked":["Multi-Cast","Seek"],"picked":"Rainbow","floor":16},{"not_picked":["Hello World+1","Tempest"],"picked":"Redo+1","floor":18},{"not_picked":["Gash","Hologram"],"picked":"Ball Lightning","floor":21}],"player_experience":77821,"relics_obtained":[{"floor":7,"key":"Matryoshka"},{"floor":9,"key":"Centennial Puzzle"},{"floor":9,"key":"DataDisk"},{"floor":22,"key":"Omamori"},{"floor":22,"key":"Anchor"}],"event_choices":[{"event_name":"Wheel of Change","player_choice":"Gold","floor":3,"damage_taken":0},{"event_name":"Living Wall","player_choice":"Grow","floor":4,"damage_taken":0},{"event_name":"Back to Basics","player_choice":"Simplicity","floor":19,"damage_taken":0}],"boss_relics":[{"not_picked":["Inserter","Philosopher\u0027s Stone"],"picked":"Runic Pyramid"}],"items_purged_floors":[],"is_endless":false,"potions_floor_spawned":[8,12,14,21],"killed_by":"Slavers","ascension_level":2}