{"gold_per_floor":[109,56,56,21,21,21,54,54,79,106,124,141,141,154,154,226,226,238,238,238,238,248,248,274,305,305,305,340,352,0,29,29,104,104,116,116,126,24,24,53,53,72,95,95,370,156,166,183,183,183],"floor_reached":51,"playtime":2236,"items_purged":["Injury","Strike_R"],"score":1425,"play_id":"22df1320-ad0a-4597-ac9e-f3548edbaaed","local_time":"20181221151133","is_ascension_mode":true,"campfire_choices":[{"data":"Twin Strike","floor":6.0,"key":"SMITH"},{"data":"Sword Boomerang","floor":8.0,"key":"SMITH"},{"data":"Bash","floor":15.0,"key":"SMITH"},{"floor":23.0,"key":"REST"},{"data":"Disarm","floor":27.0,"key":"SMITH"},{"floor":32.0,"key":"REST"},{"floor":41.0,"key":"REST"},{"data":"Shockwave","floor":44.0,"key":"SMITH"},{"floor":49,"key":"REST"}],"neow_cost":"TEN_PERCENT_HP_LOSS","seed_source_timestamp":0,"circlet_count":0,"master_deck":["AscendersBane","Strike_R","Strike_R","Strike_R","Strike_R","Defend_R","Defend_R+1","Defend_R","Defend_R","Bash+1","Battle Trance","Twin Strike+1","Sword Boomerang+1","Shrug It Off","Armaments+1","Offering+1","Disarm+1","Inflame","Warcry","Shockwave+1","Clothesline+1"],"special_seed":0,"relics":["Burning Blood","Nunchaku","Pen Nib","Anchor","Bronze Scales","Bag of Preparation","Busted Crown","Nilry\u0027s Codex","Happy Flower","Red Mask","Omamori","PreservedInsect","Boot","Membership Card","Bag of Marbles","Pocketwatch","Snecko Eye","War Paint","Red Skull","Regal Pillow","Self Forming Clay"],"potions_floor_usage":[50,50],"damage_taken":[{"damage":13.0,"enemies":"Cultist","floor":1.0,"turns":5.0},{"damage":37.0,"enemies":"Lagavulin","floor":7.0,"turns":7.0},{"damage":16.0,"enemies":"Gremlin Nob","floor":10.0,"turns":3.0},{"damage":0.0,"enemies":"Jaw Worm","floor":11.0,"turns":2.0},{"damage":0.0,"enemies":"2 Louse","floor":12.0,"turns":2.0},{"damage":0.0,"enemies":"Red Slaver","floor":14.0,"turns":3.0},{"damage":36.0,"enemies":"The Guardian","floor":16.0,"turns":12.0},{"damage":0.0,"enemies":"3 Byrds","floor":18.0,"turns":3.0},{"damage":12.0,"enemies":"Spheric Guardian","floor":22.0,"turns":3.0},{"damage":17.0,"enemies":"Masked Bandits","floor":24.0,"turns":3.0},{"damage":15.0,"enemies":"Slavers","floor":25.0,"turns":4.0},{"damage":12.0,"enemies":"Book of Stabbing","floor":28.0,"turns":3.0},{"damage":11.0,"enemies":"3 Cultists","floor":29.0,"turns":4.0},{"damage":5.0,"enemies":"Slavers","floor":31.0,"turns":4.0},{"damage":42.0,"enemies":"Champ","floor":33.0,"turns":10.0},{"damage":14.0,"enemies":"Orb Walker","floor":35.0,"turns":4.0},{"damage":19.0,"enemies":"3 Shapes","floor":37.0,"turns":4.0},{"damage":16.0,"enemies":"Giant Head","floor":40.0,"turns":5.0},{"damage":6.0,"enemies":"Sphere and 2 Shapes","floor":42.0,"turns":3.0},{"damage":34,"enemies":"Spire Growth","floor":47,"turns":4},{"damage":0,"enemies":"3 Darklings","floor":48,"turns":2},{"damage":27,"enemies":"Donu and Deca","floor":50,"turns":9}],"seed_played":"-8189013174191983967","potions_obtained":[{"floor":7.0,"key":"SteroidPotion"},{"floor":11.0,"key":"Block Potion"},{"floor":12.0,"key":"Fire Potion"},{"floor":18.0,"key":"SneckoOil"},{"floor":24.0,"key":"Ancient Potion"},{"floor":25.0,"key":"Block Potion"},{"floor":28.0,"key":"Fire Potion"},{"floor":37.0,"key":"Block Potion"},{"floor":40.0,"key":"PowerPotion"}],"is_trial":false,"path_per_floor":["M","$","?","?","?","R","E","R","T","E","M","M","?","M","R","B",null,"M","?","?","?","M","R","?","E","T","R","E","M","$","E","R","B",null,"M","?","M","$","?","E","R","M","T","R","?","$","M","M","R","B",null],"character_chosen":"IRONCLAD","items_purchased":["Twin Strike","Membership Card","Bag of Marbles","War Paint","Shockwave","Self Forming Clay","PowerPotion"],"campfire_rested":4,"item_purchase_floors":[2,30,30,38,38,46,46],"current_hp_per_floor":[61,61,50,67,67,67,36,36,36,26,32,38,38,44,44,14,55,61,40,40,40,34,54,43,34,34,34,28,23,23,24,44,8,53,45,45,32,32,32,22,42,42,42,42,42,42,14,20,55,34],"gold":183,"neow_bonus":"ONE_RARE_RELIC","is_prod":false,"is_daily":false,"chose_seed":false,"campfire_upgraded":5,"win_rate":0,"timestamp":1545401493,"path_taken":["M","$","?","?","?","R","E","R","T","E","M","?","?","M","R","BOSS","M","?","?","?","?","R","?","E","T","R","E","M","$","E","R","BOSS","M","?","M","$","?","E","R","M","T","R","?","$","M","?","R","BOSS"],"build_version":"2018-12-20","purchased_purges":2,"victory":true,"max_hp_per_floor":[68,68,68,68,68,68,68,68,68,68,68,68,68,68,68,68,68,68,68,68,68,68,68,68,68,68,68,68,68,68,68,68,68,68,68,68,68,68,68,68,68,68,68,68,68,68,68,68,68,68],"card_choices":[{"not_picked":["Heavy Blade","Entrench"],"picked":"Battle Trance","floor":1.0},{"not_picked":["Shockwave","Intimidate"],"picked":"Shrug It Off","floor":7.0},{"not_picked":["Perfected Strike","Carnage","Body Slam"],"picked":"SKIP","floor":10.0},{"not_picked":["Clash","Cleave","Twin Strike"],"picked":"SKIP","floor":11.0},{"not_picked":["Body Slam","Fire Breathing"],"picked":"Armaments","floor":12.0},{"not_picked":["Sword Boomerang","Reckless Charge","Warcry"],"picked":"SKIP","floor":14.0},{"not_picked":["Feed","Double Tap"],"picked":"Offering","floor":16.0},{"not_picked":["Twin Strike"],"picked":"SKIP","floor":18.0},{"not_picked":["Reckless Charge+1"],"picked":"SKIP","floor":22.0},{"not_picked":[],"picked":"Disarm","floor":25.0},{"not_picked":[],"picked":"Inflame","floor":28.0},{"not_picked":[],"picked":"Warcry","floor":29.0},{"not_picked":["Clash"],"picked":"SKIP","floor":31.0},{"not_picked":["Warcry"],"picked":"SKIP","floor":35.0},{"not_picked":["Cleave"],"picked":"SKIP","floor":37.0},{"not_picked":["Iron Wave"],"picked":"SKIP","floor":40.0},{"not_picked":["Headbutt"],"picked":"SKIP","floor":42.0},{"not_picked":[],"picked":"Clothesline+1","floor":47},{"not_picked":["Combust"],"picked":"SKIP","floor":48}],"player_experience":1000756,"relics_obtained":[{"floor":7.0,"key":"Anchor"},{"floor":9.0,"key":"Bronze Scales"},{"floor":10.0,"key":"Bag of Preparation"},{"floor":19.0,"key":"Nilry\u0027s Codex"},{"floor":24.0,"key":"Red Mask"},{"floor":25.0,"key":"Omamori"},{"floor":26.0,"key":"PreservedInsect"},{"floor":28.0,"key":"Boot"},{"floor":31.0,"key":"Pocketwatch"},{"floor":40.0,"key":"Red Skull"},{"floor":43.0,"key":"Regal Pillow"}],"event_choices":[{"damage_healed":0.0,"max_hp_gain":0.0,"max_hp_loss":0.0,"gold_gain":0.0,"event_name":"Scrap Ooze","player_choice":"Success","floor":3.0,"gold_loss":0.0,"damage_taken":11.0,"relics_obtained":["Pen Nib"]},{"damage_healed":17.0,"max_hp_gain":0.0,"max_hp_loss":0.0,"gold_gain":0.0,"event_name":"The Cleric","player_choice":"Healed","floor":4.0,"gold_loss":35.0,"damage_taken":0.0},{"damage_healed":0.0,"max_hp_gain":0.0,"max_hp_loss":0.0,"gold_gain":0.0,"event_name":"Match and Keep!","player_choice":"2 cards matched","floor":5.0,"gold_loss":0.0,"damage_taken":0.0,"cards_obtained":["Injury","Sword Boomerang"]},{"damage_healed":0.0,"max_hp_gain":0.0,"max_hp_loss":0.0,"gold_gain":0.0,"event_name":"Upgrade Shrine","player_choice":"Upgraded","floor":13.0,"gold_loss":0.0,"damage_taken":0.0,"cards_upgraded":["Armaments"]},{"damage_healed":0.0,"max_hp_gain":0.0,"max_hp_loss":0.0,"gold_gain":0.0,"event_name":"Cursed Tome","player_choice":"Obtained Book","floor":19.0,"gold_loss":0.0,"damage_taken":21.0},{"damage_healed":0.0,"max_hp_gain":0.0,"max_hp_loss":0.0,"gold_gain":0.0,"event_name":"Ghosts","player_choice":"Ignored","floor":20.0,"gold_loss":0.0,"damage_taken":0.0},{"damage_healed":0.0,"max_hp_gain":0.0,"max_hp_loss":0.0,"gold_gain":0.0,"event_name":"WeMeetAgain","player_choice":"Gave Potion","floor":21.0,"gold_loss":0.0,"damage_taken":0.0,"relics_obtained":["Happy Flower"]},{"damage_healed":0.0,"max_hp_gain":0.0,"max_hp_loss":0.0,"gold_gain":0.0,"event_name":"Masked Bandits","player_choice":"Fought Bandits","floor":24.0,"gold_loss":0.0,"damage_taken":0.0},{"damage_healed":0.0,"max_hp_gain":0.0,"max_hp_loss":0.0,"gold_gain":0.0,"event_name":"Mysterious Sphere","player_choice":"Ignored","floor":36.0,"gold_loss":0.0,"damage_taken":0.0},{"damage_healed":0.0,"max_hp_gain":0.0,"max_hp_loss":0.0,"gold_gain":0.0,"event_name":"The Moai Head","player_choice":"Ignored","floor":39.0,"gold_loss":0.0,"damage_taken":0.0},{"damage_healed":0,"gold_gain":275,"player_choice":"Desecrate","damage_taken":0,"max_hp_gain":0,"max_hp_loss":0,"event_name":"Golden Shrine","floor":45,"gold_loss":0,"cards_obtained":["Regret"]}],"is_beta":false,"boss_relics":[{"not_picked":["Runic Pyramid","Mark of Pain"],"picked":"Busted Crown"},{"not_picked":["Runic Cube","Eternal Feather"],"picked":"Snecko Eye"}],"items_purged_floors":[30,46],"is_endless":false,"potions_floor_spawned":[7,11,12,18,24,25,28,37,40,48],"ascension_level":17}