{"path_per_floor":["M","M","M","M","$","E","R","E","T","M","M","$","M","M","R","B",null,"M","$","M","M","?","R","?","?","T","R","?","R","M","M","R","B",null,"M","M","M","$","M","R","?","?","T","$","M"],"character_chosen":"THE_SILENT","items_purchased":["Footwork","Apotheosis","Tools of the Trade","Accuracy"],"gold_per_floor":[117,135,153,173,62,91,91,116,170,183,198,7,22,39,39,136,136,153,82,100,112,0,0,0,0,0,0,0,0,18,32,32,129,129,148,162,177,3,21,21,21,21,21,21,34,34],"floor_reached":46,"campfire_rested":4,"playtime":4411,"current_hp_per_floor":[69,68,68,59,59,47,47,35,35,35,17,17,17,17,38,38,70,60,60,51,51,51,51,51,38,38,60,60,60,53,28,50,12,75,59,27,12,12,2,24,66,66,66,66,43,0],"items_purged":["Strike_G","Strike_G"],"gold":34,"score":560,"play_id":"d573917f-d53a-47d6-8139-04b526387831","local_time":"20180523183431","is_prod":false,"is_daily":false,"chose_seed":false,"is_ascension_mode":true,"campfire_upgraded":3,"timestamp":1527125671,"campfire_choices":[{"data":"Footwork","floor":7.0,"key":"SMITH"},{"floor":15.0,"key":"REST"},{"data":"Apotheosis","floor":23.0,"key":"SMITH"},{"floor":27.0,"key":"REST"},{"data":"Skewer","floor":29.0,"key":"SMITH"},{"floor":32.0,"key":"REST"},{"floor":40.0,"key":"REST"}],"path_taken":["M","M","M","M","$","E","R","E","T","M","?","$","?","M","R","BOSS","M","$","M","M","?","R","?","?","T","R","?","R","M","?","R","BOSS","M","M","M","?","M","R","?","?","T","?","M","E"],"build_version":"2018-05-17","seed_source_timestamp":100508814755950,"purchased_purges":2,"victory":false,"master_deck":["Defend_G","Defend_G","Defend_G","Defend_G","Strike_G","Strike_G","Strike_G","Survivor","Neutralize","Caltrops","Acrobatics","Blade Dance","PiercingWail","Footwork+1","Acrobatics","All Out Attack","Deadly Poison","Finisher","Apotheosis+1","Leg Sweep","Terror","Skewer","Burst","Backstab","Backstab","Skewer+1","Flying Knee","Acrobatics","Tools of the Trade","Flying Knee+1","Bouncing Flask+1","PiercingWail+1","Crippling Poison+1","Bullet Time+1","Well Laid Plans+1","All Out Attack+1","Night Terror+1","Accuracy","Terror+1","Catalyst+1","Injury","PiercingWail+1"],"max_hp_per_floor":[70,70,70,70,70,70,70,70,70,70,70,70,70,70,70,70,70,70,70,70,70,70,70,70,75,75,75,75,75,75,75,75,75,75,75,75,75,75,75,75,66,66,66,66,66,66],"relics":["Sozu","Ninja Scroll","Bottled Flame","Dream Catcher","Orrery","Toxic Egg 2","Cursed Key","Pantograph"],"card_choices":[{"not_picked":["Underhanded Strike","Setup"],"picked":"Caltrops","floor":1.0},{"not_picked":["Underhanded Strike","Quick Slash"],"picked":"Acrobatics","floor":2.0},{"not_picked":["Grand Finale","Dagger Throw"],"picked":"Blade Dance","floor":3.0},{"not_picked":["Cloak And Dagger","Underhanded Strike"],"picked":"PiercingWail","floor":4.0},{"not_picked":["Bane","Deflect"],"picked":"Acrobatics","floor":6.0},{"not_picked":["Dagger Spray","Dagger Throw"],"picked":"All Out Attack","floor":8.0},{"not_picked":["Dagger Spray","Poisoned Stab"],"picked":"Deadly Poison","floor":10.0},{"not_picked":["Slice","Bane"],"picked":"Finisher","floor":11.0},{"not_picked":["Dagger Throw","Outmaneuver"],"picked":"Leg Sweep","floor":13.0},{"not_picked":["Dagger Spray","PiercingWail"],"picked":"Terror","floor":14.0},{"not_picked":["Slice","Heel Hook"],"picked":"Skewer","floor":15.0},{"not_picked":["Adrenaline","Venomology"],"picked":"Burst","floor":16.0},{"not_picked":["Dagger Throw","Deadly Poison"],"picked":"Backstab","floor":17.0},{"not_picked":["Deadly Poison","Poisoned Stab"],"picked":"Backstab","floor":17.0},{"not_picked":["Sucker Punch","Bane"],"picked":"Skewer","floor":17.0},{"not_picked":["Sucker Punch","Leg Sweep"],"picked":"Flying Knee","floor":17.0},{"not_picked":["Terror","Sucker Punch"],"picked":"Acrobatics","floor":18.0},{"not_picked":["Setup+1","Dagger Throw"],"picked":"Flying Knee+1","floor":20.0},{"not_picked":["Backflip+1","Flechettes","Tactician"],"picked":"SKIP","floor":21.0},{"not_picked":["Sucker Punch","Dodge and Roll+1"],"picked":"Finisher","floor":27.0},{"not_picked":["Slice+1","Terror+1"],"picked":"PiercingWail+1","floor":30.0},{"not_picked":["Underhanded Strike","Cloak And Dagger+1"],"picked":"Crippling Poison+1","floor":31.0},{"not_picked":["Burst+1","Glass Knife"],"picked":"Bullet Time+1","floor":33.0},{"not_picked":["Flying Knee+1","Deflect+1"],"picked":"Well Laid Plans+1","floor":35.0},{"not_picked":["Cloak And Dagger+1","Sucker Punch+1"],"picked":"All Out Attack+1","floor":36.0},{"not_picked":["Dodge and Roll+1","Deadly Poison+1"],"picked":"Night Terror+1","floor":37.0},{"not_picked":["Sucker Punch","Dodge and Roll+1"],"picked":"Terror+1","floor":39.0},{"not_picked":["Cloak And Dagger+1","Dagger Spray+1"],"picked":"Catalyst+1","floor":40.0},{"not_picked":["Slice","Sucker Punch+1"],"picked":"PiercingWail+1","floor":45.0}],"player_experience":419269,"potions_floor_usage":[],"damage_taken":[{"damage":1.0,"enemies":"Cultist","floor":1.0,"turns":5.0},{"damage":1.0,"enemies":"Jaw Worm","floor":2.0,"turns":3.0},{"damage":0.0,"enemies":"Small Slimes","floor":3.0,"turns":4.0},{"damage":9.0,"enemies":"3 Louse","floor":4.0,"turns":3.0},{"damage":12.0,"enemies":"3 Sentries","floor":6.0,"turns":11.0},{"damage":12.0,"enemies":"Lagavulin","floor":8.0,"turns":9.0},{"damage":0.0,"enemies":"Lots of Slimes","floor":10.0,"turns":1.0},{"damage":18.0,"enemies":"Large Slime","floor":11.0,"turns":7.0},{"damage":0.0,"enemies":"Exordium Wildlife","floor":13.0,"turns":2.0},{"damage":0.0,"enemies":"3 Louse","floor":14.0,"turns":1.0},{"damage":0.0,"enemies":"The Guardian","floor":16.0,"turns":9.0},{"damage":10.0,"enemies":"Chosen","floor":18.0,"turns":5.0},{"damage":9.0,"enemies":"2 Thieves","floor":20.0,"turns":3.0},{"damage":0.0,"enemies":"Chosen and Byrds","floor":21.0,"turns":4.0},{"damage":7.0,"enemies":"Centurion and Healer","floor":30.0,"turns":4.0},{"damage":25.0,"enemies":"Cultist and Chosen","floor":31.0,"turns":6.0},{"damage":38.0,"enemies":"Champ","floor":33.0,"turns":11.0},{"damage":16.0,"enemies":"Orb Walker","floor":35.0,"turns":3.0},{"damage":32.0,"enemies":"3 Darklings","floor":36.0,"turns":4.0},{"damage":15.0,"enemies":"4 Shapes","floor":37.0,"turns":7.0},{"damage":10.0,"enemies":"Sphere and 2 Shapes","floor":39.0,"turns":5.0},{"damage":23.0,"enemies":"Maw","floor":45.0,"turns":7.0},{"damage":57,"enemies":"Giant Head","floor":46,"turns":7}],"relics_obtained":[{"floor":6.0,"key":"Ninja Scroll"},{"floor":8.0,"key":"Bottled Flame"},{"floor":9.0,"key":"Dream Catcher"},{"floor":26.0,"key":"Toxic Egg 2"},{"floor":43.0,"key":"Pantograph"}],"event_choices":[{"event_name":"Masked Bandits","player_choice":"Paid Bandits 112 gold","floor":22.0,"damage_taken":0.0},{"event_name":"Purifier","player_choice":"One Purge","floor":24.0,"damage_taken":0.0},{"event_name":"Forgotten Altar","player_choice":"Shed Blood","floor":25.0,"damage_taken":0.0},{"event_name":"The Library","player_choice":"Read","floor":28.0,"damage_taken":0.0},{"event_name":"The Moai Head","player_choice":"Heal","floor":41.0,"damage_taken":0.0}],"boss_relics":[],"potions_floor_spawned":[1,3,10,20,30,39,45],"seed_played":"-5163385397246406696","killed_by":"Giant Head","ascension_level":2,"potions_obtained":[],"is_trial":false}