{"gold_per_floor":[119,119,62,78,91,91,111,128,182,211,211,244,209,226,226,226],"floor_reached":16,"playtime":611,"items_purged":[],"score":224,"play_id":"1b175046-6d7c-4af7-8591-8cce44c2e9c1","local_time":"20190409133044","is_ascension_mode":true,"campfire_choices":[{"data":"Poisoned Stab","floor":6.0,"key":"SMITH"},{"floor":11.0,"key":"REST"},{"floor":15.0,"key":"REST"}],"neow_cost":"NONE","seed_source_timestamp":0,"circlet_count":0,"master_deck":["AscendersBane","Defend_G","Defend_G","Defend_G","Defend_G+1","Defend_G","Strike_G","Strike_G","Strike_G","Strike_G","Strike_G","Survivor","Neutralize","Poisoned Stab+1","Deflect","Poisoned Stab+1","Catalyst","Bane","Deadly Poison"],"special_seed":0,"relics":["Ring of the Snake","Blood Vial","Kunai","Art of War"],"potions_floor_usage":[],"damage_taken":[{"damage":6.0,"enemies":"2 Louse","floor":1.0,"turns":5.0},{"damage":0.0,"enemies":"Cultist","floor":4.0,"turns":4.0},{"damage":0.0,"enemies":"Jaw Worm","floor":5.0,"turns":3.0},{"damage":6.0,"enemies":"Large Slime","floor":7.0,"turns":7.0},{"damage":7.0,"enemies":"Lots of Slimes","floor":8.0,"turns":6.0},{"damage":25.0,"enemies":"3 Sentries","floor":10.0,"turns":13.0},{"damage":22.0,"enemies":"Gremlin Nob","floor":12.0,"turns":4.0},{"damage":0.0,"enemies":"2 Fungi Beasts","floor":14.0,"turns":3.0},{"damage":47,"enemies":"Slime Boss","floor":16,"turns":8}],"seed_played":"3949002135863178956","potions_obtained":[{"floor":4.0,"key":"Ancient Potion"},{"floor":7.0,"key":"GhostInAJar"}],"is_trial":false,"path_per_floor":["M","?","$","M","M","R","M","M","T","E","R","E","?","M","R","B"],"character_chosen":"THE_SILENT","items_purchased":["AttackPotion"],"campfire_rested":2,"item_purchase_floors":[3],"current_hp_per_floor":[59,37,37,37,37,37,31,24,24,1,22,2,20,22,43,0],"gold":226,"neow_bonus":"TEN_PERCENT_HP_BONUS","is_prod":false,"is_daily":false,"chose_seed":false,"campfire_upgraded":1,"win_rate":0,"timestamp":1554809444,"path_taken":["M","?","$","M","M","R","M","M","T","E","R","E","?","M","R","BOSS"],"build_version":"2019-01-23","purchased_purges":0,"victory":false,"max_hp_per_floor":[72,72,72,72,72,72,72,72,72,72,72,72,72,72,72,72],"card_choices":[{"not_picked":["Predator","Prepared"],"picked":"Poisoned Stab","floor":1.0},{"not_picked":["Sucker Punch","Concentrate"],"picked":"Deflect","floor":4.0},{"not_picked":["Blade Dance","Dodge and Roll"],"picked":"Poisoned Stab","floor":5.0},{"not_picked":["Dagger Throw","Blade Dance"],"picked":"Catalyst","floor":7.0},{"not_picked":["Slice","Dagger Throw"],"picked":"Bane","floor":8.0},{"not_picked":["Acrobatics","Masterful Stab","Distraction"],"picked":"SKIP","floor":10.0},{"not_picked":["Tools of the Trade","Prepared","Underhanded Strike"],"picked":"SKIP","floor":12.0},{"not_picked":["Quick Slash","Blade Dance"],"picked":"Deadly Poison","floor":14.0}],"player_experience":1427420,"relics_obtained":[{"floor":9.0,"key":"Blood Vial"},{"floor":10.0,"key":"Kunai"},{"floor":12.0,"key":"Art of War"}],"event_choices":[{"damage_healed":0.0,"max_hp_gain":0.0,"max_hp_loss":0.0,"gold_gain":0.0,"event_name":"Shining Light","player_choice":"Entered Light","floor":2.0,"gold_loss":0.0,"damage_taken":22.0,"cards_upgraded":["Defend_G","Poisoned Stab"]},{"damage_healed":18.0,"max_hp_gain":0.0,"max_hp_loss":0.0,"gold_gain":0.0,"event_name":"The Cleric","player_choice":"Healed","floor":13.0,"gold_loss":35.0,"damage_taken":0.0}],"is_beta":false,"boss_relics":[],"items_purged_floors":[],"is_endless":false,"potions_floor_spawned":[4,5,7],"killed_by":"Slime Boss","ascension_level":20}