{"gold_per_floor":[111,123,48,58,58,71,97,97,174,174,190,229,229,47,47,168,168,192,192,117,138,159,159,159],"floor_reached":24,"playtime":5173,"items_purged":["Strike_B"],"score":247,"play_id":"90f3b92e-0fb9-47fe-9026-b6f7dcdc2f55","local_time":"20180703225142","is_ascension_mode":true,"campfire_choices":[{"data":"Dualcast","floor":10,"key":"SMITH"},{"floor":15,"key":"REST"},{"floor":23,"key":"REST"}],"neow_cost":"NONE","seed_source_timestamp":100535128133638,"circlet_count":0,"master_deck":["Strike_B+1","Defend_B","Defend_B","Zap+1","Dualcast+1","Self Repair","Skim","White Noise","Injury","Conserve Battery","Gash","Apotheosis","Rainbow","Conserve Battery+1","Consume+1","Compile Driver+1"],"relics":["Cracked Core","Whetstone","Sundial","Golden Idol","Letter Opener","Anchor","Astrolabe"],"potions_floor_usage":[7,7,12,24,24],"damage_taken":[{"damage":0,"enemies":"Cultist","floor":1,"turns":3},{"damage":7,"enemies":"Small Slimes","floor":2,"turns":3},{"damage":2,"enemies":"Jaw Worm","floor":4,"turns":3},{"damage":4,"enemies":"2 Fungi Beasts","floor":6,"turns":4},{"damage":36,"enemies":"Gremlin Nob","floor":7,"turns":5},{"damage":17,"enemies":"Looter","floor":11,"turns":3},{"damage":13,"enemies":"Lagavulin","floor":12,"turns":5},{"damage":29,"enemies":"The Guardian","floor":16,"turns":15},{"damage":32,"enemies":"Spheric Guardian","floor":18,"turns":6},{"damage":12,"enemies":"Chosen","floor":21,"turns":4},{"damage":34,"enemies":"Slaver and Parasite","floor":22,"turns":6},{"damage":57,"enemies":"Gremlin Leader","floor":24,"turns":6}],"seed_played":"7722353405527627605","potions_obtained":[{"floor":2,"key":"Block Potion"},{"floor":4,"key":"Poison Potion"},{"floor":6,"key":"Fruit Juice"},{"floor":21,"key":"Swift Potion"},{"floor":22,"key":"Strength Potion"}],"is_trial":false,"path_per_floor":["M","M","$","M","?","M","E","?","T","R","M","E","?","$","R","B",null,"M","?","?","M","M","R"],"character_chosen":"DEFECT","items_purchased":["Apotheosis"],"campfire_rested":2,"item_purchase_floors":[14],"current_hp_per_floor":[75,75,75,73,73,75,51,51,51,51,41,35,35,35,59,37,80,55,55,55,43,19,43,0],"gold":159,"neow_bonus":"RANDOM_COMMON_RELIC","is_prod":false,"is_daily":false,"chose_seed":false,"campfire_upgraded":1,"win_rate":0,"timestamp":1530683502,"path_taken":["M","?","$","M","?","M","E","?","T","R","M","E","?","?","R","BOSS","M","?","?","M","?","R","E"],"build_version":"2018-06-28","purchased_purges":1,"victory":false,"max_hp_per_floor":[75,75,75,75,75,75,80,80,80,80,80,80,80,80,80,80,80,80,80,80,80,80,80,80],"card_choices":[{"not_picked":["Leap","Turbo"],"picked":"Self Repair","floor":1},{"not_picked":["Doom and Gloom","Beam Cell"],"picked":"Skim","floor":2},{"not_picked":["Scrape","Barrage","Streamline"],"picked":"SKIP","floor":4},{"not_picked":["Lockon","Tempest","Steam"],"picked":"SKIP","floor":6},{"not_picked":["Sunder","Steam Power"],"picked":"White Noise","floor":7},{"not_picked":["Hologram","Ball Lightning"],"picked":"Conserve Battery","floor":11},{"not_picked":["Redo","Chaos"],"picked":"Gash","floor":12},{"not_picked":["Seek","Core Surge"],"picked":"Rainbow","floor":16},{"not_picked":["Ball Lightning","Stack","Compile Driver+1"],"picked":"SKIP","floor":18},{"not_picked":["Reinforced Body","Sweeping Beam","Aggregate"],"picked":"SKIP","floor":21},{"not_picked":["Steam","Redo","Stack"],"picked":"SKIP","floor":22}],"player_experience":584385,"relics_obtained":[{"floor":7,"key":"Sundial"},{"floor":9,"key":"Letter Opener"},{"floor":12,"key":"Anchor"}],"event_choices":[{"event_name":"Upgrade Shrine","player_choice":"Upgraded","floor":5,"damage_taken":0},{"event_name":"Golden Idol","player_choice":"Take Wound","floor":8,"damage_taken":0},{"event_name":"The Woman in Blue","player_choice":"Bought 0 Potions","floor":13,"damage_taken":0},{"event_name":"Ghosts","player_choice":"Ignored","floor":19,"damage_taken":0},{"event_name":"Beggar","player_choice":"Gave Gold","floor":20,"damage_taken":0}],"boss_relics":[{"not_picked":["Eternal Feather","White Beast Statue"],"picked":"Astrolabe"}],"items_purged_floors":[3],"is_endless":false,"potions_floor_spawned":[2,4,6,21,22],"killed_by":"Gremlin Leader","ascension_level":4}