{"path_per_floor":["M","M","M","M","?","R","E","R","T","$","E","M","M","T","R","B",null,"M","?","M","?","M","E","M","M","T","M","M","R","E","M","R","B",null,"M","$","M","M","M","E","M","M","T","?","R","E","R","M","R","B"],"character_chosen":"IRONCLAD","items_purchased":["Lantern","Vajra","Ginger","Metallicize","Sentinel"],"gold_per_floor":[111,121,141,157,232,232,258,258,309,22,49,63,80,80,80,176,176,187,187,167,167,180,213,231,250,275,286,297,297,328,340,340,444,444,456,43,62,76,95,122,139,149,172,0,0,29,29,49,49,49],"floor_reached":51,"campfire_rested":0,"playtime":3657,"item_purchase_floors":[10,10,36,36,36],"current_hp_per_floor":[80,80,80,80,69,69,55,55,62,62,41,35,41,41,41,24,87,83,83,87,71,87,87,87,76,76,87,84,84,85,87,87,78,87,70,70,78,77,87,85,87,60,60,60,60,76,76,77,77,52],"items_purged":[],"gold":49,"score":767,"play_id":"30a31707-315d-492c-9e09-4c0494b4a79c","local_time":"20180524000954","is_prod":false,"is_daily":false,"chose_seed":false,"is_ascension_mode":false,"campfire_upgraded":8,"win_rate":0,"timestamp":1527145794,"campfire_choices":[{"data":"Bash","floor":6,"key":"SMITH"},{"data":"Disarm","floor":8,"key":"SMITH"},{"data":"Rupture","floor":15,"key":"SMITH"},{"data":"Flex","floor":29,"key":"SMITH"},{"data":"Rupture","floor":32,"key":"SMITH"},{"data":"Brutality","floor":45,"key":"SMITH"},{"data":"Heavy Blade","floor":47,"key":"SMITH"},{"data":"Bloodletting","floor":49,"key":"SMITH"}],"path_taken":["M","M","?","M","?","R","E","R","T","$","E","M","M","?","R","BOSS","M","?","M","?","?","E","M","M","T","M","?","R","E","M","R","BOSS","M","$","M","?","M","E","M","M","T","?","R","E","R","M","R","BOSS"],"build_version":"2018-05-23","seed_source_timestamp":2436597133142142,"purchased_purges":0,"victory":true,"master_deck":["Strike_R+1","Strike_R+1","Strike_R+1","Strike_R+1","Strike_R+1","Defend_R+1","Defend_R+1","Defend_R+1","Defend_R+1","Bash+1","Disarm+1","Thunderclap","Thunderclap","Iron Wave","Bloodletting+1","Metallicize","Intimidate","Rupture+1","Reaper","Second Wind+1","Flex+1","Necronomicurse","Spot Weakness","Warcry+1","Battle Trance","Shockwave","Combust","Rupture+1","Brutality+1","Battle Trance+1","Metallicize","Sentinel","Headbutt+1","Corruption+1","Carnage+1","Heavy Blade+1","Fire Breathing+1"],"max_hp_per_floor":[80,80,80,80,80,80,80,80,87,87,87,87,87,87,87,87,87,87,87,87,87,87,87,87,87,87,87,87,87,87,87,87,87,87,87,87,87,87,87,87,87,87,87,87,87,87,87,87,87,87],"relics":["Burning Blood","Blood Vial","Shuriken","Strawberry","Lantern","Vajra","Boot","Toolbox","Mark of Pain","Necronomicon","Regal Pillow","Bag of Marbles","Unceasing Top","Runic Cube","Ginger","Potion Belt","Omamori","Red Mask","Smiling Mask"],"card_choices":[{"not_picked":["Cleave","Armaments"],"picked":"Disarm","floor":1},{"not_picked":["Sever Soul","Clothesline"],"picked":"Thunderclap","floor":2},{"not_picked":["Ghostly Armor","True Grit"],"picked":"Thunderclap","floor":3},{"not_picked":["Pommel Strike","Warcry"],"picked":"Iron Wave","floor":4},{"not_picked":["Pommel Strike","Burning Pact"],"picked":"Bloodletting","floor":7},{"not_picked":["Sword Boomerang","Uppercut"],"picked":"Metallicize","floor":11},{"not_picked":["Second Wind","Ghostly Armor"],"picked":"Intimidate","floor":12},{"not_picked":["Iron Wave","Pommel Strike"],"picked":"Rupture","floor":13},{"not_picked":["Demon Form","Bludgeon"],"picked":"Reaper","floor":16},{"not_picked":["Armaments","Anger"],"picked":"Second Wind+1","floor":18},{"not_picked":["Havoc","Clothesline"],"picked":"Flex","floor":20},{"not_picked":["Evolve","Power Through"],"picked":"Spot Weakness","floor":22},{"not_picked":["Iron Wave","Thunderclap","True Grit+1"],"picked":"SKIP","floor":23},{"not_picked":["Iron Wave","Thunderclap","True Grit+1"],"picked":"SKIP","floor":23},{"not_picked":["Sentinel","Exhume"],"picked":"Warcry+1","floor":24},{"not_picked":["Sword Boomerang","Perfected Strike","True Grit"],"picked":"SKIP","floor":25},{"not_picked":["Twin Strike","Bloodletting"],"picked":"Battle Trance","floor":27},{"not_picked":["Sword Boomerang","Perfected Strike"],"picked":"Shockwave","floor":28},{"not_picked":["Warcry+1","Rupture+1"],"picked":"Combust","floor":30},{"not_picked":["Sword Boomerang","Whirlwind"],"picked":"Rupture","floor":31},{"not_picked":["Fiend Fire","Demon Form"],"picked":"Brutality","floor":33},{"not_picked":["Wild Strike","Warcry+1"],"picked":"Battle Trance+1","floor":35},{"not_picked":["Shrug It Off","Sentinel","Clash"],"picked":"SKIP","floor":37},{"not_picked":["Dual Wield","Power Through","Thunderclap+1"],"picked":"SKIP","floor":38},{"not_picked":["Havoc+1","Warcry"],"picked":"Headbutt+1","floor":39},{"not_picked":["Ghostly Armor+1","Heavy Blade+1"],"picked":"Corruption+1","floor":40},{"not_picked":["Rampage","Demon Form","Thunderclap"],"picked":"SKIP","floor":41},{"not_picked":["Clothesline","Twin Strike+1"],"picked":"Carnage+1","floor":42},{"not_picked":["Perfected Strike","Rampage"],"picked":"Heavy Blade","floor":46},{"not_picked":["Whirlwind+1","Ghostly Armor"],"picked":"Fire Breathing+1","floor":48}],"player_experience":102544,"potions_floor_usage":[7,12,16,18,23,27,30,31,33,38,39,50],"damage_taken":[{"damage":6,"enemies":"Cultist","floor":1,"turns":3},{"damage":1,"enemies":"2 Louse","floor":2,"turns":3},{"damage":6,"enemies":"Jaw Worm","floor":3,"turns":5},{"damage":5,"enemies":"Blue Slaver","floor":4,"turns":5},{"damage":22,"enemies":"Gremlin Nob","floor":7,"turns":5},{"damage":29,"enemies":"Lagavulin","floor":11,"turns":5},{"damage":14,"enemies":"Exordium Thugs","floor":12,"turns":4},{"damage":2,"enemies":"Looter","floor":13,"turns":3},{"damage":25,"enemies":"Hexaghost","floor":16,"turns":10},{"damage":20,"enemies":"3 Byrds","floor":18,"turns":6},{"damage":6,"enemies":"2 Thieves","floor":20,"turns":4},{"damage":1,"enemies":"3 Cultists","floor":22,"turns":4},{"damage":9,"enemies":"Slavers","floor":23,"turns":3},{"damage":13,"enemies":"Centurion and Healer","floor":24,"turns":3},{"damage":24,"enemies":"Sentry and Sphere","floor":25,"turns":4},{"damage":17,"enemies":"Snake Plant","floor":27,"turns":4},{"damage":19,"enemies":"Slaver and Parasite","floor":28,"turns":5},{"damage":7,"enemies":"Book of Stabbing","floor":30,"turns":4},{"damage":6,"enemies":"3 Cultists","floor":31,"turns":4},{"damage":53,"enemies":"Collector","floor":33,"turns":8},{"damage":23,"enemies":"Flame Bruiser 1 Orb","floor":35,"turns":5},{"damage":15,"enemies":"3 Darklings","floor":37,"turns":5},{"damage":18,"enemies":"Transient","floor":38,"turns":5},{"damage":19,"enemies":"Flame Bruiser 2 Orb","floor":39,"turns":4},{"damage":14,"enemies":"Giant Head","floor":40,"turns":6},{"damage":7,"enemies":"3 Darklings","floor":41,"turns":4},{"damage":42,"enemies":"Sphere and 2 Shapes","floor":42,"turns":5},{"damage":10,"enemies":"2 Orb Walkers","floor":46,"turns":3},{"damage":31,"enemies":"Maw","floor":48,"turns":5},{"damage":51,"enemies":"Donu and Deca","floor":50,"turns":5}],"relics_obtained":[{"floor":7,"key":"Shuriken"},{"floor":9,"key":"Strawberry"},{"floor":11,"key":"Boot"},{"floor":14,"key":"Toolbox"},{"floor":21,"key":"Necronomicon"},{"floor":23,"key":"Regal Pillow"},{"floor":26,"key":"Bag of Marbles"},{"floor":30,"key":"Unceasing Top"},{"floor":40,"key":"Potion Belt"},{"floor":43,"key":"Omamori"},{"floor":46,"key":"Smiling Mask"}],"event_choices":[{"event_name":"World of Goop","player_choice":"Gather Gold","floor":5,"damage_taken":0},{"event_name":"Back to Basics","player_choice":"Simplicity","floor":19,"damage_taken":0},{"event_name":"Cursed Tome","player_choice":"Obtained Book","floor":21,"damage_taken":0},{"event_name":"Tomb of Lord Red Mask","player_choice":"Paid","floor":44,"damage_taken":0}],"boss_relics":[{"not_picked":["Lizard Tail","White Beast Statue"],"picked":"Mark of Pain"},{"not_picked":["Calling Bell","Cursed Key"],"picked":"Runic Cube"}],"items_purged_floors":[],"potions_floor_spawned":[4,7,11,13,16,22,24,27,28,31,35,37,38,40,48],"seed_played":"-3380699984551060200","ascension_level":0,"potions_obtained":[{"floor":4,"key":"Block Potion"},{"floor":7,"key":"SpeedPotion"},{"floor":11,"key":"SpeedPotion"},{"floor":13,"key":"PowerPotion"},{"floor":16,"key":"Block Potion"},{"floor":22,"key":"Explosive Potion"},{"floor":24,"key":"Weak Potion"},{"floor":27,"key":"SteroidPotion"},{"floor":28,"key":"Poison Potion"},{"floor":31,"key":"SkillPotion"},{"floor":35,"key":"SpeedPotion"},{"floor":37,"key":"SteroidPotion"},{"floor":38,"key":"SpeedPotion"},{"floor":40,"key":"Regen Potion"},{"floor":48,"key":"AttackPotion"}],"is_trial":false}