{"gold_per_floor":[115,115,190,190,138,171,171,187,187,187,212,212,248,268,268,361,361,379,398,398,317,317,317,317,149,149,149,149,149,167,193,193,193],"floor_reached":33,"playtime":973,"items_purged":[],"score":638,"play_id":"e30c271d-7813-4e5f-8947-4c90a9e75204","local_time":"20190129132541","is_ascension_mode":true,"campfire_choices":[{"data":"Neutralize","floor":7,"key":"SMITH"},{"data":"Dagger Spray","floor":10,"key":"SMITH"},{"data":"All Out Attack","floor":12,"key":"SMITH"},{"data":"Deadly Poison","floor":15,"key":"SMITH"},{"data":"Poisoned Stab","floor":23,"key":"SMITH"},{"floor":29,"key":"REST"},{"floor":32,"key":"REST"}],"neow_cost":"NONE","seed_source_timestamp":7036617209199,"circlet_count":0,"master_deck":["AscendersBane","Defend_G+1","Defend_G","Defend_G","Defend_G","Defend_G","Strike_G+1","Strike_G","Survivor","Neutralize+1","Dagger Spray+1","Blur","PiercingWail","All Out Attack+1","Terror+1","Flying Knee+1","Deadly Poison+1","Die Die Die","Choke+1","Flechettes+1","Dodge and Roll+1","Poisoned Stab+1","Well Laid Plans","Leg Sweep","Necronomicurse","Normality","Choke","Bane","PiercingWail","Crippling Poison+1"],"relics":["Ring of the Snake","NeowsBlessing","Bloody Idol","Bag of Marbles","Mango","Orichalcum","Astrolabe","MutagenicStrength","Necronomicon","Whetstone","Pantograph","War Paint"],"potions_floor_usage":[13,16,19,33],"damage_taken":[{"damage":0,"enemies":"Jaw Worm","floor":1,"turns":1},{"damage":0,"enemies":"Lagavulin","floor":6,"turns":1},{"damage":0,"enemies":"Small Slimes","floor":8,"turns":1},{"damage":0,"enemies":"Cultist","floor":11,"turns":2},{"damage":3,"enemies":"Gremlin Nob","floor":13,"turns":3},{"damage":0,"enemies":"Large Slime","floor":14,"turns":4},{"damage":30,"enemies":"Slime Boss","floor":16,"turns":7},{"damage":13,"enemies":"Chosen","floor":18,"turns":5},{"damage":17,"enemies":"Spheric Guardian","floor":19,"turns":6},{"damage":0,"enemies":"Cultist and Chosen","floor":30,"turns":3},{"damage":0,"enemies":"Gremlin Leader","floor":31,"turns":3},{"damage":79,"enemies":"Champ","floor":33,"turns":10}],"seed_played":"-2160132264366840592","potions_obtained":[{"floor":6,"key":"AttackPotion"},{"floor":13,"key":"SpeedPotion"},{"floor":14,"key":"Fire Potion"},{"floor":18,"key":"Explosive Potion"},{"floor":31,"key":"Ancient Potion"}],"is_trial":false,"path_per_floor":["M","?","?","?","$","E","R","M","T","R","M","R","E","M","R","B",null,"M","M","?","$","?","R","?","$","T","?","?","R","M","E","R","B"],"character_chosen":"THE_SILENT","items_purchased":["PiercingWail","Well Laid Plans","Whetstone"],"campfire_rested":2,"item_purchase_floors":[5,21,25],"current_hp_per_floor":[59,59,48,48,48,48,48,48,62,62,62,62,59,59,59,29,63,50,33,33,33,33,33,12,12,12,12,12,34,39,44,66,0],"gold":193,"neow_bonus":"THREE_ENEMY_KILL","is_prod":false,"is_daily":false,"chose_seed":false,"campfire_upgraded":5,"win_rate":0,"timestamp":1548764741,"path_taken":["M","?","?","?","$","E","R","M","T","R","M","R","E","?","R","BOSS","M","M","?","$","?","R","?","$","T","?","?","R","?","E","R","BOSS"],"build_version":"2019-01-23","purchased_purges":0,"victory":false,"max_hp_per_floor":[66,60,60,60,60,60,60,60,74,74,74,74,74,74,74,74,74,74,74,74,74,74,74,74,74,74,74,74,74,74,74,74,74],"card_choices":[{"not_picked":["Bane","Underhanded Strike"],"picked":"Dagger Spray","floor":1},{"not_picked":["Reflex","Acrobatics","Infinite Blades"],"picked":"SKIP","floor":6},{"not_picked":["Quick Slash","Infinite Blades"],"picked":"All Out Attack","floor":8},{"not_picked":["Slice","Bane"],"picked":"Terror","floor":11},{"not_picked":["Outmaneuver","Riddle With Holes"],"picked":"Flying Knee","floor":13},{"not_picked":["Slice","PiercingWail"],"picked":"Deadly Poison","floor":14},{"not_picked":["Envenom","Venomology"],"picked":"Die Die Die","floor":16},{"not_picked":["Reflex","Bane"],"picked":"Poisoned Stab","floor":18},{"not_picked":["Dodge and Roll","Blade Dance","Deadly Poison"],"picked":"SKIP","floor":19},{"not_picked":["Slice","Caltrops"],"picked":"PiercingWail","floor":30},{"not_picked":["Choke","Envenom"],"picked":"Crippling Poison+1","floor":31}],"player_experience":1262976,"relics_obtained":[{"floor":6,"key":"Bag of Marbles"},{"floor":9,"key":"Mango"},{"floor":13,"key":"Orichalcum"},{"floor":24,"key":"Necronomicon"},{"floor":26,"key":"Pantograph"},{"floor":31,"key":"War Paint"}],"event_choices":[{"damage_healed":0,"gold_gain":0,"player_choice":"Lose Max HP","damage_taken":0,"relics_obtained":["Golden Idol"],"max_hp_gain":0,"max_hp_loss":6,"event_name":"Golden Idol","floor":2,"gold_loss":0},{"damage_healed":0,"gold_gain":75,"player_choice":"Gather Gold","damage_taken":11,"max_hp_gain":0,"max_hp_loss":0,"event_name":"World of Goop","floor":3,"gold_loss":0},{"damage_healed":0,"gold_gain":0,"player_choice":"1 cards matched","damage_taken":0,"max_hp_gain":0,"max_hp_loss":0,"event_name":"Match and Keep!","floor":4,"gold_loss":0,"cards_obtained":["Blur"]},{"damage_healed":0,"gold_gain":0,"player_choice":"Inject Mutagens","damage_taken":0,"relics_obtained":["MutagenicStrength"],"max_hp_gain":0,"max_hp_loss":0,"event_name":"Drug Dealer","floor":20,"gold_loss":0},{"damage_healed":0,"gold_gain":0,"player_choice":"Read","damage_taken":0,"max_hp_gain":0,"max_hp_loss":0,"event_name":"The Library","floor":22,"gold_loss":0,"cards_obtained":["Leg Sweep"]},{"damage_healed":0,"gold_gain":0,"player_choice":"Obtained Book","damage_taken":21,"max_hp_gain":0,"max_hp_loss":0,"event_name":"Cursed Tome","floor":24,"gold_loss":0},{"damage_healed":0,"gold_gain":0,"player_choice":"Gave Idol","damage_taken":0,"relics_obtained":["Bloody Idol"],"max_hp_gain":0,"max_hp_loss":0,"event_name":"Forgotten Altar","floor":27,"relics_lost":["Golden Idol"],"gold_loss":0},{"damage_healed":0,"gold_gain":0,"player_choice":"3 cards matched","damage_taken":0,"max_hp_gain":0,"max_hp_loss":0,"event_name":"Match and Keep!","floor":28,"gold_loss":0,"cards_obtained":["Normality","Choke","Bane"]}],"is_beta":false,"boss_relics":[{"not_picked":["Pandora\u0027s Box","Snecko Eye"],"picked":"Astrolabe"}],"items_purged_floors":[],"is_endless":false,"potions_floor_spawned":[6,13,14,18,31],"killed_by":"Champ","ascension_level":20}