{"gold_per_floor":[114,132,143,143,153,179,179,190,213,224,43,43,59,74,74,74],"floor_reached":16,"playtime":1525,"items_purged":["Strike_G"],"score":133,"play_id":"798a61a5-ad04-4661-98bb-966813a2c060","local_time":"20190409162922","is_ascension_mode":true,"campfire_choices":[{"data":"Footwork","floor":7,"key":"SMITH"},{"data":"Crippling Poison","floor":12,"key":"SMITH"},{"floor":15,"key":"REST"}],"neow_cost":"NONE","seed_source_timestamp":51648093160579,"circlet_count":0,"master_deck":["Defend_G","Defend_G","Defend_G","Defend_G","Defend_G","Strike_G","Strike_G","Strike_G","Survivor","Neutralize","Sucker Punch","Backflip","Acrobatics","Footwork+1","Blade Dance","Quick Slash","Tactician","Concentrate","Crippling Poison+1","Backflip","Deflect","Dagger Spray"],"relics":["Ring of the Snake","Bronze Scales","Dream Catcher"],"potions_floor_usage":[13],"damage_taken":[{"damage":0,"enemies":"2 Louse","floor":1,"turns":3},{"damage":1,"enemies":"Jaw Worm","floor":2,"turns":5},{"damage":2,"enemies":"Cultist","floor":3,"turns":4},{"damage":0,"enemies":"Blue Slaver","floor":5,"turns":7},{"damage":29,"enemies":"3 Sentries","floor":6,"turns":16},{"damage":7,"enemies":"3 Louse","floor":8,"turns":4},{"damage":7,"enemies":"Large Slime","floor":10,"turns":7},{"damage":9,"enemies":"Exordium Thugs","floor":13,"turns":5},{"damage":14,"enemies":"Lots of Slimes","floor":14,"turns":2},{"damage":30,"enemies":"Slime Boss","floor":16,"turns":3}],"seed_played":"-766163814260765110","potions_obtained":[{"floor":3,"key":"Poison Potion"},{"floor":5,"key":"Fire Potion"},{"floor":6,"key":"LiquidBronze"},{"floor":10,"key":"SpeedPotion"}],"is_trial":false,"path_per_floor":["M","M","M","?","M","E","R","M","T","M","$","R","M","M","R","B"],"character_chosen":"THE_SILENT","items_purchased":["Concentrate","Crippling Poison"],"campfire_rested":1,"item_purchase_floors":[11,11],"current_hp_per_floor":[70,69,67,67,67,38,38,31,31,24,24,24,15,1,22,0],"gold":74,"neow_bonus":"REMOVE_CARD","is_prod":false,"is_daily":false,"chose_seed":false,"campfire_upgraded":2,"win_rate":0,"timestamp":1554838162,"path_taken":["M","M","M","?","M","E","R","M","T","M","$","R","M","M","R","BOSS"],"build_version":"2019-01-23","purchased_purges":1,"victory":false,"max_hp_per_floor":[70,70,70,70,70,70,70,70,70,70,70,70,70,70,70,70],"card_choices":[{"not_picked":["Deadly Poison","Crippling Poison"],"picked":"Sucker Punch","floor":1},{"not_picked":["Dash","Distraction"],"picked":"Backflip","floor":2},{"not_picked":["Cloak And Dagger","Dagger Throw"],"picked":"Acrobatics","floor":3},{"not_picked":["Underhanded Strike","Unload"],"picked":"Footwork","floor":5},{"not_picked":["Deflect","Leg Sweep"],"picked":"Blade Dance","floor":6},{"not_picked":["All Out Attack","Setup"],"picked":"Quick Slash","floor":8},{"not_picked":["Expertise","Prepared"],"picked":"Tactician","floor":10},{"not_picked":["Bane","Reflex"],"picked":"Backflip","floor":13},{"not_picked":["After Image","Caltrops"],"picked":"Deflect","floor":14},{"not_picked":["Finisher","Blade Dance"],"picked":"Dagger Spray","floor":15}],"player_experience":570422,"relics_obtained":[{"floor":6,"key":"Bronze Scales"},{"floor":9,"key":"Dream Catcher"}],"event_choices":[{"damage_healed":0,"gold_gain":0,"player_choice":"Ignored","damage_taken":0,"max_hp_gain":0,"max_hp_loss":0,"event_name":"Shining Light","floor":4,"gold_loss":0}],"is_beta":false,"boss_relics":[],"items_purged_floors":[11],"is_endless":false,"potions_floor_spawned":[3,5,6,10],"killed_by":"Slime Boss","ascension_level":5}