{"path_per_floor":["M","?","?","?","M","E","?","M","T","M","M","M","?","$","R","B",null,"M","?","$","?","M","E","T","E","T","E","?","E","R","M","R","B",null,"M","?","$","M","M","E","R","M","T","?","E","R","M","M","R","B",null,"M","$","M","M","M","E","R","E","T","?","M","M","M","?","R","B",null,"M","?","M","$","?","R","E","M","E","?","E","?","R","?","R","B",null,"M","$","?","?","M","E","M","R","E","?","E","$","?","M","R"],"character_chosen":"DEFECT","items_purchased":["Glacier+1","Good Instincts+1","Capacitor","Coolheaded+1","Cables","Defragment","Glacier+1","Coolheaded+1","Torii","Defragment","White Noise+1","Coolheaded+1","Turbo+1","Panache","Storm","Dramatic Entrance","Capacitor","Turbo+1","Pen Nib"],"gold_per_floor":[116,291,291,291,305,338,338,356,356,367,383,400,500,255,255,359,359,378,378,35,35,49,78,78,108,156,188,113,141,141,156,156,256,256,268,268,108,123,140,174,174,189,243,298,333,333,350,360,360,464,464,477,28,44,64,77,109,109,142,193,193,205,225,237,237,237,342,342,361,361,374,56,56,56,87,106,133,48,83,182,182,182,182,278,278,288,56,56,56,71,98,114,114,139,139,165,12,12,32,32,32],"floor_reached":101,"campfire_rested":11,"playtime":8592,"item_purchase_floors":[14,14,20,20,20,37,37,37,53,53,53,53,72,72,72,87,87,87,97],"current_hp_per_floor":[65,65,58,55,45,45,45,45,45,38,34,41,41,41,63,59,75,74,58,58,52,64,56,56,53,53,42,42,38,60,63,75,75,75,75,75,75,75,75,45,67,75,75,71,75,75,75,75,75,69,75,75,75,75,75,75,75,75,75,75,75,75,75,75,75,75,30,75,75,75,75,75,75,75,75,75,74,74,46,46,68,54,78,48,80,58,58,58,48,61,80,80,80,80,70,80,80,80,80,80,0],"items_purged":["Doubt"],"gold":32,"score":2458,"play_id":"ea416884-44a5-4c3a-95dd-4de6fdb7a427","local_time":"20180626211046","is_prod":false,"is_daily":false,"chose_seed":false,"is_ascension_mode":false,"campfire_upgraded":0,"win_rate":0,"timestamp":1530072646,"campfire_choices":[{"floor":15,"key":"REST"},{"floor":30,"key":"REST"},{"floor":32,"key":"REST"},{"floor":41,"key":"REST"},{"floor":46,"key":"REST"},{"floor":49,"key":"REST"},{"floor":58,"key":"REST"},{"floor":66,"key":"REST"},{"floor":74,"key":"REST"},{"floor":81,"key":"REST"},{"floor":83,"key":"REST"},{"data":"Strike_B","floor":93,"key":"PURGE"},{"data":"Defend_B","floor":100,"key":"PURGE"}],"path_taken":["M","?","?","?","M","E","?","M","T","?","M","M","?","$","R","BOSS","M","?","?","?","M","E","?","E","T","E","?","E","R","M","R","BOSS","M","?","$","M","M","E","R","M","T","?","E","R","M","M","R","BOSS","M","$","M","M","M","E","R","E","T","?","M","M","M","?","R","BOSS","M","?","M","?","?","R","E","M","E","?","E","?","R","?","R","BOSS","M","$","?","?","M","E","M","R","E","?","E","?","?","M","R","BOSS"],"build_version":"2018-06-21","seed_source_timestamp":986659024477378,"purchased_purges":1,"circlet_count":0,"victory":false,"master_deck":["Strike_B+1","Strike_B+1","Defend_B","Defend_B","Defend_B","Zap","Dualcast","Defragment","Tempest+1","Chill+1","Defragment","Aggregate+1","Self Repair","Reinforced Body+1","Glacier+1","Good Instincts+1","Electrodynamics","Fusion+1","Necronomicurse","Capacitor","Coolheaded+1","RitualDagger","Self Repair+1","Go for the Eyes+1","Steam+1","Hologram+1","Compile Driver+1","Compile Driver+1","Cold Snap+1","Chill+1","Machine Learning","Defragment","Glacier+1","Coolheaded+1","Barrage","Turbo+1","Coolheaded+1","Undo+1","Steam+1","Glacier+1","White Noise+1","Conserve Battery+1","Capacitor","Go for the Eyes+1","Buffer","Hologram+1","Defragment","White Noise+1","Coolheaded+1","Barrage","Cold Snap","Conserve Battery+1","Leap+1","Loop","Turbo+1","Streamline","Streamline","Tempest+1","Heatsinks","Streamline","Echo Form","Consume+1","Glacier+1","Turbo+1","Panache","Storm","Chill+1","Hologram+1","Meteor Strike","Genetic Algorithm+1","Echo Form","Turbo+1","Consume+1","Turbo+1","Seek+1","Glacier+1","Dramatic Entrance","Capacitor","Turbo+1","Decay","Clumsy","Doom and Gloom","Storm+1","Reinforced Body+1","Conserve Battery+1","Consume+1","Madness+1","Madness+1","Go for the Eyes+1","Fission+1"],"max_hp_per_floor":[75,75,75,75,75,75,75,75,75,75,75,75,75,75,75,75,75,75,75,75,75,75,75,75,75,75,75,75,75,75,75,75,75,75,75,75,75,75,75,75,75,75,75,75,75,75,75,75,75,75,75,75,75,75,75,75,75,75,75,75,75,75,75,75,75,75,75,75,75,75,75,75,75,75,75,75,75,75,75,75,75,80,80,80,80,80,80,80,80,80,80,80,80,80,80,80,80,80,80,80,80],"relics":["Calling Bell","Ice Cream","Toxic Egg 2","Art of War","Kunai","Bronze Scales","Bottled Lightning","Fusion Hammer","Necronomicon","Cables","Vajra","Dream Catcher","Juzu Bracelet","Whetstone","Toolbox","Blood Vial","Inserter","Anchor","Ancient Tea Set","Bird Faced Urn","Oddly Smooth Stone","Cursed Key","Torii","Omamori","Peace Pipe","Unceasing Top","Pen Nib"],"card_choices":[{"not_picked":["Streamline","Hello World"],"picked":"Defragment","floor":1},{"not_picked":["Melter","Skim+1"],"picked":"Tempest+1","floor":5},{"not_picked":["Gash","Undo+1"],"picked":"Chill+1","floor":6},{"not_picked":["Steam+1","FTL"],"picked":"Defragment","floor":8},{"not_picked":["Static Discharge","Reboot+1"],"picked":"Aggregate+1","floor":10},{"not_picked":["FTL","Cold Snap"],"picked":"Self Repair","floor":11},{"not_picked":["BootSequence+1","Hologram+1"],"picked":"Reinforced Body+1","floor":12},{"not_picked":["Machine Learning","Buffer"],"picked":"Electrodynamics","floor":16},{"not_picked":["Chill+1","Compile Driver+1"],"picked":"Fusion+1","floor":18},{"not_picked":["Stack+1","Redo+1"],"picked":"Self Repair+1","floor":22},{"not_picked":["Storm+1","Steam+1"],"picked":"Go for the Eyes+1","floor":23},{"not_picked":["Gash","Stack+1"],"picked":"Steam+1","floor":25},{"not_picked":["Reinforced Body+1","FTL"],"picked":"Hologram+1","floor":27},{"not_picked":["Loop","Steam+1"],"picked":"Compile Driver+1","floor":29},{"not_picked":["Redo+1","Hello World"],"picked":"Compile Driver+1","floor":30},{"not_picked":["Sweeping Beam+1","Leap+1"],"picked":"Cold Snap+1","floor":31},{"not_picked":["Auto Shields+1","Recycle+1"],"picked":"Chill+1","floor":32},{"not_picked":["Amplify+1","Reboot+1"],"picked":"Machine Learning","floor":33},{"not_picked":["Rebound","Fusion+1"],"picked":"Auto Shields+1","floor":35},{"not_picked":["Compile Driver+1","Steam+1"],"picked":"Barrage","floor":38},{"not_picked":["Redo+1","Auto Shields+1"],"picked":"Turbo+1","floor":39},{"not_picked":["Barrage","Leap+1"],"picked":"Coolheaded+1","floor":40},{"not_picked":["Static Discharge","Auto Shields+1"],"picked":"Undo+1","floor":41},{"not_picked":["Recycle+1","Redo+1"],"picked":"Steam+1","floor":42},{"not_picked":["Hyperbeam","Tempest+1"],"picked":"Glacier+1","floor":44},{"not_picked":["Loop","Hyperbeam"],"picked":"White Noise+1","floor":45},{"not_picked":["Stack+1","Heatsinks"],"picked":"Conserve Battery+1","floor":46},{"not_picked":["Beam Cell+1","Gash+1","Chaos+1"],"picked":"SKIP","floor":47},{"not_picked":["Barrage","Hello World+1"],"picked":"Capacitor","floor":48},{"not_picked":["Redo+1","Storm"],"picked":"Go for the Eyes+1","floor":49},{"not_picked":["Amplify+1","Thunder Strike"],"picked":"Buffer","floor":50},{"not_picked":["Redo+1","Stack+1"],"picked":"Hologram+1","floor":52},{"not_picked":["Lockon","Fusion+1"],"picked":"Barrage","floor":54},{"not_picked":["Compile Driver","Gash"],"picked":"Cold Snap","floor":55},{"not_picked":["Ball Lightning","Leap+1"],"picked":"Conserve Battery+1","floor":56},{"not_picked":["Gash","Scrape"],"picked":"Leap+1","floor":57},{"not_picked":["Thunder Strike","Ball Lightning"],"picked":"Loop","floor":58},{"not_picked":["Capacitor","Fusion+1"],"picked":"Turbo+1","floor":59},{"not_picked":["Stack+1","Beam Cell"],"picked":"Streamline","floor":62},{"not_picked":["Steam+1","Go for the Eyes"],"picked":"Streamline","floor":63},{"not_picked":["Storm","Meteor Strike"],"picked":"Tempest+1","floor":64},{"not_picked":["Rebound","Stack+1"],"picked":"Streamline","floor":66},{"not_picked":["Amplify+1","Fission+1"],"picked":"Echo Form","floor":67},{"not_picked":["Barrage","Chill+1"],"picked":"Consume+1","floor":69},{"not_picked":["Fusion+1","Coolheaded+1"],"picked":"Glacier+1","floor":71},{"not_picked":["Redo+1","Barrage"],"picked":"Hologram+1","floor":74},{"not_picked":["Blizzard","Rebound"],"picked":"Meteor Strike","floor":75},{"not_picked":["Sweeping Beam+1","Storm"],"picked":"Genetic Algorithm+1","floor":76},{"not_picked":["Steam+1","Steam Power+1"],"picked":"Echo Form","floor":77},{"not_picked":["Fusion+1","Steam Power+1"],"picked":"Turbo+1","floor":79},{"not_picked":["Loop","Sweeping Beam"],"picked":"Consume+1","floor":81},{"not_picked":["Hello World+1","Beam Cell"],"picked":"Turbo+1","floor":83},{"not_picked":["Creative AI","Amplify+1"],"picked":"Seek+1","floor":84},{"not_picked":["Self Repair+1","Chaos+1"],"picked":"Glacier+1","floor":86},{"not_picked":["Force Field+1","BootSequence+1"],"picked":"Doom and Gloom","floor":89},{"not_picked":["Beam Cell+1","Sunder"],"picked":"Storm+1","floor":90},{"not_picked":["Compile Driver","Rebound+1"],"picked":"Reinforced Body+1","floor":91},{"not_picked":["Coolheaded+1","Cold Snap"],"picked":"Conserve Battery+1","floor":92},{"not_picked":["Beam Cell","Turbo+1"],"picked":"Consume+1","floor":94},{"not_picked":["Steam+1","Beam Cell"],"picked":"Go for the Eyes+1","floor":96},{"not_picked":["Rebound+1","Scrape+1"],"picked":"Fission+1","floor":99}],"player_experience":210656,"potions_floor_usage":[5,12,16,22,23,25,27,33,40,50,67,67,75,76,90,91,101,101,101],"damage_taken":[{"damage":10,"enemies":"Jaw Worm","floor":1,"turns":5},{"damage":10,"enemies":"Small Slimes","floor":5,"turns":3},{"damage":0,"enemies":"Lagavulin","floor":6,"turns":4},{"damage":0,"enemies":"Cultist","floor":8,"turns":3},{"damage":7,"enemies":"Looter","floor":10,"turns":3},{"damage":4,"enemies":"2 Fungi Beasts","floor":11,"turns":2},{"damage":0,"enemies":"Blue Slaver","floor":12,"turns":2},{"damage":4,"enemies":"Slime Boss","floor":16,"turns":13},{"damage":8,"enemies":"Shell Parasite","floor":18,"turns":7},{"damage":0,"enemies":"3 Byrds","floor":22,"turns":3},{"damage":15,"enemies":"Book of Stabbing","floor":23,"turns":5},{"damage":20,"enemies":"Slavers","floor":25,"turns":4},{"damage":28,"enemies":"Book of Stabbing","floor":27,"turns":4},{"damage":11,"enemies":"Slavers","floor":29,"turns":4},{"damage":9,"enemies":"Sentry and Sphere","floor":31,"turns":4},{"damage":0,"enemies":"Champ","floor":33,"turns":9},{"damage":0,"enemies":"Orb Walker","floor":35,"turns":4},{"damage":0,"enemies":"Flame Bruiser 1 Orb","floor":38,"turns":8},{"damage":0,"enemies":"3 Darklings","floor":39,"turns":6},{"damage":40,"enemies":"2 Orb Walkers","floor":40,"turns":5},{"damage":5,"enemies":"Spire Growth","floor":42,"turns":6},{"damage":21,"floor":44,"turns":6},{"damage":0,"enemies":"Nemesis","floor":45,"turns":13},{"damage":0,"enemies":"Flame Bruiser 2 Orb","floor":47,"turns":5},{"damage":0,"enemies":"Maw","floor":48,"turns":8},{"damage":41,"enemies":"Donu and Deca","floor":50,"turns":13},{"damage":0,"enemies":"Jaw Worm","floor":52,"turns":2},{"damage":0,"enemies":"Cultist","floor":54,"turns":4},{"damage":0,"enemies":"2 Louse","floor":55,"turns":2},{"damage":0,"enemies":"Exordium Thugs","floor":56,"turns":3},{"damage":0,"enemies":"3 Sentries","floor":57,"turns":3},{"damage":0,"enemies":"Gremlin Nob","floor":59,"turns":2},{"damage":0,"enemies":"2 Fungi Beasts","floor":62,"turns":3},{"damage":0,"enemies":"Blue Slaver","floor":63,"turns":2},{"damage":0,"enemies":"Exordium Thugs","floor":64,"turns":1},{"damage":49,"enemies":"Hexaghost","floor":67,"turns":5},{"damage":0,"enemies":"2 Thieves","floor":69,"turns":3},{"damage":0,"enemies":"3 Byrds","floor":71,"turns":3},{"damage":0,"enemies":"Slavers","floor":75,"turns":5},{"damage":0,"enemies":"Centurion and Healer","floor":76,"turns":6},{"damage":11,"enemies":"Book of Stabbing","floor":77,"turns":3},{"damage":35,"enemies":"Slavers","floor":79,"turns":3},{"damage":36,"enemies":"Champ","floor":84,"turns":7},{"damage":22,"enemies":"3 Darklings","floor":86,"turns":4},{"damage":45,"floor":89,"turns":4},{"damage":1,"enemies":"3 Shapes","floor":90,"turns":3},{"damage":0,"enemies":"Giant Head","floor":91,"turns":6},{"damage":0,"enemies":"Maw","floor":92,"turns":5},{"damage":17,"enemies":"2 Orb Walkers","floor":94,"turns":4},{"damage":1,"enemies":"Giant Head","floor":96,"turns":4},{"damage":0,"enemies":"3 Darklings","floor":99,"turns":3},{"damage":93,"enemies":"Time Eater","floor":101,"turns":4}],"relics_obtained":[{"floor":0,"key":"Ice Cream"},{"floor":0,"key":"Toxic Egg 2"},{"floor":0,"key":"Art of War"},{"floor":6,"key":"Bronze Scales"},{"floor":9,"key":"Bottled Lightning"},{"floor":19,"key":"Necronomicon"},{"floor":23,"key":"Vajra"},{"floor":24,"key":"Dream Catcher"},{"floor":25,"key":"Juzu Bracelet"},{"floor":26,"key":"Whetstone"},{"floor":27,"key":"Toolbox"},{"floor":29,"key":"Blood Vial"},{"floor":40,"key":"Anchor"},{"floor":43,"key":"Ancient Tea Set"},{"floor":44,"key":"Bird Faced Urn"},{"floor":45,"key":"Oddly Smooth Stone"},{"floor":60,"key":"Omamori"},{"floor":89,"key":"Unceasing Top"}],"event_choices":[{"event_name":"Liars Game","player_choice":"agreed","floor":2,"damage_taken":0},{"event_name":"Golden Wing","player_choice":"Card Removal","floor":3,"damage_taken":0},{"event_name":"Scrap Ooze","player_choice":"success","floor":4,"damage_taken":3},{"event_name":"Living Wall","player_choice":"Forget","floor":7,"damage_taken":0},{"event_name":"Golden Shrine","player_choice":"Pray","floor":13,"damage_taken":0},{"event_name":"Cursed Tome","player_choice":"Obtained Book","floor":19,"damage_taken":0},{"event_name":"Nest","player_choice":"Joined the Cult","floor":21,"damage_taken":0},{"event_name":"Beggar","player_choice":"Gave Gold","floor":28,"damage_taken":0},{"event_name":"Tomb of Lord Red Mask","player_choice":"Ignored","floor":36,"damage_taken":0},{"event_name":"Mysterious Sphere","player_choice":"Fight","floor":44,"damage_taken":0},{"event_name":"Fountain of Cleansing","player_choice":"Removed Curse","floor":61,"damage_taken":0},{"event_name":"Transmorgrifier","player_choice":"Transform","floor":65,"damage_taken":0},{"event_name":"The Woman in Blue","player_choice":"Bought 0 Potions","floor":70,"damage_taken":0},{"event_name":"The Library","player_choice":"Read","floor":73,"damage_taken":0},{"event_name":"Addict","player_choice":"Obtained Relic","floor":78,"damage_taken":0},{"event_name":"Nest","player_choice":"Stole From Cult","floor":80,"damage_taken":0},{"event_name":"Forgotten Altar","player_choice":"Shed Blood","floor":82,"damage_taken":0},{"event_name":"Falling","player_choice":"Removed Skill","floor":88,"damage_taken":0},{"event_name":"MindBloom","player_choice":"Fight","floor":89,"damage_taken":0},{"event_name":"Winding Halls","player_choice":"Embrace Madness","floor":95,"damage_taken":0},{"event_name":"The Lab","player_choice":"Got Potions","floor":98,"damage_taken":0}],"boss_relics":[{"not_picked":["Eternal Feather","Velvet Choker"],"picked":"Fusion Hammer"},{"not_picked":["Busted Crown","Philosopher\u0027s Stone"],"picked":"Inserter"},{"not_picked":["Coffee Dripper","Runic Pyramid"],"picked":"Cursed Key"},{"not_picked":["TwistingMind"],"picked":"Accursed"},{"not_picked":["TwistingMind"],"picked":"Scatterbrain"}],"items_purged_floors":[14],"is_endless":true,"potions_floor_spawned":[1,10,12,16,22,23,25,31,38,40,44,55,59,63,64,67,69,75,84,90,91,94,99],"seed_played":"3074236774416183009","killed_by":"Time Eater","ascension_level":0,"potions_obtained":[{"floor":1,"key":"Fire Potion"},{"floor":10,"key":"Energy Potion"},{"floor":12,"key":"AttackPotion"},{"floor":16,"key":"Regen Potion"},{"floor":22,"key":"Dexterity Potion"},{"floor":23,"key":"Poison Potion"},{"floor":25,"key":"PowerPotion"},{"floor":31,"key":"FocusPotion"},{"floor":38,"key":"AttackPotion"},{"floor":40,"key":"FearPotion"},{"floor":44,"key":"Dexterity Potion"},{"floor":55,"key":"PowerPotion"},{"floor":59,"key":"PowerPotion"},{"floor":67,"key":"SteroidPotion"},{"floor":69,"key":"FocusPotion"},{"floor":75,"key":"SkillPotion"},{"floor":84,"key":"Block Potion"},{"floor":90,"key":"FocusPotion"},{"floor":91,"key":"Regen Potion"},{"floor":98,"key":"AttackPotion"},{"floor":98,"key":"Dexterity Potion"},{"floor":98,"key":"FocusPotion"}],"is_trial":false}