{"gold_per_floor":[119,119,69,69,144,144,22,50,102,102,102,161,161,196,196,298,298,312,312,322,335,22,22,50,66,66,66,66,66,97,117,117,220,220,235,235,249,0,16,47,67,100,126,126,126,137,150,160,160,160],"floor_reached":51,"playtime":3017,"items_purged":["Strike_B"],"score":1064,"play_id":"283083cb-852c-4f01-8c88-132f76faef92","local_time":"20190303220029","is_ascension_mode":true,"campfire_choices":[{"data":"Zap","floor":6,"key":"SMITH"},{"data":"Defragment","floor":10,"key":"SMITH"},{"data":"Biased Cognition","floor":13,"key":"SMITH"},{"data":"Sunder","floor":15,"key":"SMITH"},{"data":"Seek","floor":23,"key":"SMITH"},{"data":"Reinforced Body","floor":27,"key":"SMITH"},{"data":"Bandage Up","floor":29,"key":"SMITH"},{"data":"Hologram","floor":32,"key":"SMITH"},{"floor":45,"key":"RECALL"},{"data":"Hologram","floor":49,"key":"SMITH"}],"neow_cost":"NONE","seed_source_timestamp":11855738959815,"circlet_count":0,"master_deck":["Defend_B+1","Defend_B","Defend_B","Zap+1","Dualcast+1","Chill","Defragment+1","Cold Snap","Seek+1","Biased Cognition+1","Sunder+1","Core Surge","Bandage Up+1","Reinforced Body+1","Hologram+1","Hologram+1","Steam Power+1","Machine Learning+1","Auto Shields+1","Hologram+1","Glacier","Defragment+1"],"relics":["White Beast Statue","Cables","PreservedInsect","Tiny Chest","Letter Opener","Coffee Dripper","DataDisk","Frozen Egg 2","FossilizedHelix","Question Card","Velvet Choker","Red Mask","Pear","Incense Burner","War Paint"],"potions_floor_usage":[8,14,14,20,21,24,25,30,33,35,37,40,44,46,50,50,50],"damage_taken":[{"damage":17,"enemies":"Small Slimes","floor":1,"turns":3},{"damage":16,"enemies":"Lagavulin","floor":8,"turns":9},{"damage":0,"enemies":"3 Sentries","floor":12,"turns":8},{"damage":0,"enemies":"Gremlin Nob","floor":14,"turns":3},{"damage":0,"enemies":"Hexaghost","floor":16,"turns":11},{"damage":0,"enemies":"3 Byrds","floor":18,"turns":4},{"damage":1,"enemies":"2 Thieves","floor":20,"turns":4},{"damage":0,"enemies":"Shelled Parasite and Fungi","floor":21,"turns":4},{"damage":18,"enemies":"Book of Stabbing","floor":24,"turns":4},{"damage":8,"enemies":"Snecko","floor":25,"turns":4},{"damage":0,"enemies":"Gremlin Leader","floor":30,"turns":5},{"damage":0,"enemies":"Chosen and Byrds","floor":31,"turns":3},{"damage":12,"enemies":"Collector","floor":33,"turns":9},{"damage":0,"enemies":"Orb Walker","floor":35,"turns":4},{"damage":0,"enemies":"3 Darklings","floor":37,"turns":4},{"damage":0,"enemies":"Maw","floor":39,"turns":7},{"damage":0,"enemies":"Giant Head","floor":40,"turns":7},{"damage":0,"enemies":"Transient","floor":41,"turns":5},{"damage":0,"enemies":"Nemesis","floor":42,"turns":7},{"damage":0,"enemies":"Reptomancer","floor":44,"turns":2},{"damage":0,"enemies":"Sphere and 2 Shapes","floor":46,"turns":5},{"damage":8,"enemies":"4 Shapes","floor":47,"turns":4},{"damage":0,"enemies":"Transient","floor":48,"turns":5},{"damage":0,"enemies":"Awakened One","floor":50,"turns":14}],"seed_played":"4824346125331202564","potions_obtained":[{"floor":1,"key":"GamblersBrew"},{"floor":8,"key":"Fruit Juice"},{"floor":12,"key":"SkillPotion"},{"floor":14,"key":"Ancient Potion"},{"floor":16,"key":"SteroidPotion"},{"floor":18,"key":"Block Potion"},{"floor":20,"key":"Strength Potion"},{"floor":21,"key":"PowerPotion"},{"floor":24,"key":"SteroidPotion"},{"floor":25,"key":"Weak Potion"},{"floor":30,"key":"Weak Potion"},{"floor":31,"key":"Fire Potion"},{"floor":33,"key":"Weak Potion"},{"floor":35,"key":"Block Potion"},{"floor":36,"key":"LiquidBronze"},{"floor":36,"key":"LiquidBronze"},{"floor":37,"key":"FearPotion"},{"floor":40,"key":"SmokeBomb"},{"floor":46,"key":"Fruit Juice"},{"floor":47,"key":"Dexterity Potion"}],"is_trial":false,"path_per_floor":["M","?","?","$","?","R","$","E","T","R","?","E","R","E","R","B",null,"M","?","M","M","$","R","E","M","T","R","?","R","E","M","R","B",null,"M","?","M","?","M","E","M","E","T","E","R","M","M","M","R","B",null],"character_chosen":"DEFECT","items_purchased":["Defragment","Cold Snap","DataDisk","Bandage Up"],"campfire_rested":0,"item_purchase_floors":[7,7,22,22],"current_hp_per_floor":[58,51,51,51,40,40,40,29,29,29,29,29,29,29,29,29,80,80,80,79,79,79,79,62,58,58,58,58,58,64,70,70,64,80,80,80,80,80,80,90,90,90,90,90,90,95,87,93,93,95],"gold":160,"neow_bonus":"BOSS_RELIC","is_prod":false,"is_daily":false,"chose_seed":false,"campfire_upgraded":9,"win_rate":0,"timestamp":1551675629,"path_taken":["M","?","?","?","?","R","$","E","T","R","?","E","R","E","R","BOSS","M","?","M","M","$","R","E","M","T","R","?","R","E","M","R","BOSS","M","?","?","?","M","E","M","E","T","E","R","M","M","M","R","BOSS"],"build_version":"2019-01-23","purchased_purges":1,"victory":true,"max_hp_per_floor":[75,75,75,75,75,75,75,80,80,80,80,80,80,80,80,80,80,80,80,80,80,80,80,80,80,80,80,80,80,80,80,80,80,80,80,80,80,80,80,90,90,90,90,90,90,95,95,95,95,95],"card_choices":[{"not_picked":["Sweeping Beam","Rebound"],"picked":"Chill","floor":1},{"not_picked":["Cold Snap","Go for the Eyes"],"picked":"Seek","floor":8},{"not_picked":["Rebound","Reinforced Body"],"picked":"Biased Cognition","floor":12},{"not_picked":["Reprogram","Conserve Battery"],"picked":"Sunder","floor":14},{"not_picked":["Meteor Strike","Biased Cognition"],"picked":"Core Surge","floor":16},{"not_picked":["Recycle","Doom and Gloom+1","Redo"],"picked":"SKIP","floor":18},{"not_picked":["Redo","Ball Lightning+1","Force Field+1"],"picked":"SKIP","floor":20},{"not_picked":["Conserve Battery","Sweeping Beam","Rebound"],"picked":"SKIP","floor":21},{"not_picked":["Self Repair","Force Field","Rip and Tear"],"picked":"SKIP","floor":24},{"not_picked":["Heatsinks+1","Rainbow"],"picked":"Reinforced Body","floor":25},{"not_picked":["Aggregate+1","Reinforced Body"],"picked":"Steam Power+1","floor":30},{"not_picked":["Recycle","Cold Snap+1","Compile Driver+1","Beam Cell"],"picked":"SKIP","floor":31},{"not_picked":["Recycle","Cold Snap+1","Compile Driver+1","Beam Cell"],"picked":"SKIP","floor":31},{"not_picked":["Meteor Strike","Creative AI+1","Biased Cognition+1"],"picked":"Machine Learning+1","floor":33},{"not_picked":["Darkness","White Noise+1","Scrape+1","Gash"],"picked":"SKIP","floor":35},{"not_picked":["Stack+1","Static Discharge+1","Force Field","Rebound+1"],"picked":"SKIP","floor":37},{"not_picked":["Cold Snap","Hologram","Scrape","Force Field+1"],"picked":"SKIP","floor":39},{"not_picked":["Creative AI+1","Rip and Tear+1","Stack+1"],"picked":"Auto Shields+1","floor":40},{"not_picked":["Go for the Eyes+1","Beam Cell+1","Rebound"],"picked":"Hologram","floor":41},{"not_picked":["Force Field+1","Go for the Eyes+1","Darkness","Conserve Battery+1"],"picked":"SKIP","floor":42},{"not_picked":["Seek","Undo+1","Leap"],"picked":"Glacier","floor":46},{"not_picked":["Go for the Eyes","Leap","Coolheaded","Consume+1"],"picked":"SKIP","floor":47},{"not_picked":["Sweeping Beam+1","Beam Cell+1","Rip and Tear"],"picked":"Defragment+1","floor":48}],"player_experience":779485,"relics_obtained":[{"floor":8,"key":"Cables"},{"floor":9,"key":"PreservedInsect"},{"floor":12,"key":"Tiny Chest"},{"floor":14,"key":"Letter Opener"},{"floor":24,"key":"Frozen Egg 2"},{"floor":26,"key":"FossilizedHelix"},{"floor":30,"key":"Question Card"},{"floor":40,"key":"Pear"},{"floor":42,"key":"Incense Burner"},{"floor":43,"key":"War Paint"}],"event_choices":[{"cards_removed":["Strike_B"],"damage_healed":0,"gold_gain":0,"player_choice":"Card Removal","damage_taken":7,"max_hp_gain":0,"max_hp_loss":0,"event_name":"Golden Wing","floor":2,"gold_loss":0},{"cards_removed":["Strike_B"],"damage_healed":0,"gold_gain":0,"player_choice":"Card Removal","damage_taken":0,"max_hp_gain":0,"max_hp_loss":0,"event_name":"The Cleric","floor":3,"gold_loss":50},{"damage_healed":0,"gold_gain":75,"player_choice":"Gather Gold","damage_taken":11,"max_hp_gain":0,"max_hp_loss":0,"event_name":"World of Goop","floor":5,"gold_loss":0},{"damage_healed":0,"gold_gain":0,"player_choice":"Grow","damage_taken":0,"max_hp_gain":0,"max_hp_loss":0,"event_name":"Living Wall","floor":11,"gold_loss":0,"cards_upgraded":["Dualcast"]},{"damage_healed":0,"gold_gain":0,"player_choice":"Ignored","damage_taken":0,"max_hp_gain":0,"max_hp_loss":0,"event_name":"Vampires","floor":19,"gold_loss":0},{"damage_healed":0,"gold_gain":0,"cards_transformed":["Strike_B","Defend_B"],"player_choice":"Became Test Subject","damage_taken":0,"max_hp_gain":0,"max_hp_loss":0,"event_name":"Drug Dealer","floor":28,"gold_loss":0,"cards_obtained":["Hologram","Hologram"]},{"damage_healed":0,"gold_gain":0,"player_choice":"Got Potions","damage_taken":0,"max_hp_gain":0,"max_hp_loss":0,"event_name":"Lab","floor":36,"gold_loss":0},{"damage_healed":0,"gold_gain":0,"player_choice":"Paid","damage_taken":0,"relics_obtained":["Red Mask"],"max_hp_gain":0,"max_hp_loss":0,"event_name":"Tomb of Lord Red Mask","floor":38,"gold_loss":249}],"is_beta":false,"boss_relics":[{"not_picked":["Ectoplasm","Calling Bell"],"picked":"Coffee Dripper"},{"not_picked":["Lizard Tail","Philosopher\u0027s Stone"],"picked":"Velvet Choker"}],"items_purged_floors":[22],"is_endless":false,"potions_floor_spawned":[1,8,12,14,16,18,20,21,24,25,30,31,33,35,37,39,40,41,42,44,46,47,48],"ascension_level":1}