{"gold_per_floor":[113,125,137,164,176,201,201,231,231,264,264,276,294,327,327,327],"floor_reached":16,"playtime":859,"items_purged":[],"score":122,"play_id":"8ae03501-0c31-4873-a8fb-3f1656cc8f0c","local_time":"20190108225547","is_ascension_mode":false,"campfire_choices":[{"floor":7,"key":"RECALL"},{"floor":15,"key":"REST"}],"neow_cost":"NONE","seed_source_timestamp":73778569738600,"circlet_count":0,"master_deck":["Strike_R","Strike_R","Strike_R","Strike_R","Strike_R","Defend_R","Defend_R","Defend_R","Defend_R","Bash","Clothesline","Whirlwind","Evolve","Metallicize","Iron Wave","True Grit","Exhume","Flame Barrier","Armaments","Inflame"],"relics":["Burning Blood","NeowsBlessing","Strawberry","Odd Mushroom","Du-Vu Doll","Singing Bowl","Mercury Hourglass","Incense Burner"],"potions_floor_usage":[6,6,8,10,14],"damage_taken":[{"damage":0,"enemies":"Cultist","floor":1,"turns":1},{"damage":0,"enemies":"Small Slimes","floor":2,"turns":1},{"damage":0,"enemies":"Jaw Worm","floor":3,"turns":1},{"damage":12,"enemies":"Exordium Wildlife","floor":5,"turns":5},{"damage":17,"enemies":"Lagavulin","floor":6,"turns":8},{"damage":36,"enemies":"The Mushroom Lair","floor":8,"turns":5},{"damage":21,"enemies":"Gremlin Nob","floor":10,"turns":5},{"damage":7,"enemies":"2 Fungi Beasts","floor":12,"turns":3},{"damage":9,"enemies":"Gremlin Gang","floor":13,"turns":4},{"damage":9,"enemies":"3 Sentries","floor":14,"turns":4},{"damage":67,"enemies":"Slime Boss","floor":16,"turns":9}],"seed_played":"4843922886069534698","potions_obtained":[{"floor":2,"key":"PowerPotion"},{"floor":5,"key":"EssenceOfSteel"},{"floor":6,"key":"Regen Potion"},{"floor":8,"key":"Energy Potion"},{"floor":10,"key":"Fire Potion"}],"is_trial":false,"path_per_floor":["M","M","M","T","M","E","R","?","T","E","?","M","M","E","R","B"],"character_chosen":"IRONCLAD","items_purchased":[],"campfire_rested":1,"item_purchase_floors":[],"current_hp_per_floor":[80,80,80,80,74,70,70,54,54,39,39,38,35,32,58,0],"gold":327,"neow_bonus":"THREE_ENEMY_KILL","is_prod":false,"is_daily":false,"chose_seed":false,"campfire_upgraded":0,"win_rate":0,"timestamp":1547013347,"path_taken":["M","M","?","?","M","E","R","?","T","E","?","?","M","E","R","BOSS"],"build_version":"2019-01-07","purchased_purges":0,"victory":false,"max_hp_per_floor":[80,80,80,80,80,87,87,87,87,87,87,87,87,87,87,87],"card_choices":[{"not_picked":["Perfected Strike","Heavy Blade"],"picked":"Clothesline","floor":1},{"not_picked":["Wild Strike","Twin Strike"],"picked":"Whirlwind","floor":2},{"not_picked":["Cleave","Second Wind"],"picked":"Evolve","floor":3},{"not_picked":["Anger","Reckless Charge"],"picked":"Metallicize","floor":5},{"not_picked":["Twin Strike","Burning Pact"],"picked":"Iron Wave","floor":6},{"not_picked":["Sword Boomerang","Power Through"],"picked":"True Grit","floor":8},{"not_picked":["Sentinel","Seeing Red"],"picked":"Exhume","floor":10},{"not_picked":["Perfected Strike","Hemokinesis"],"picked":"Flame Barrier","floor":12},{"not_picked":["Cleave","Anger"],"picked":"Armaments","floor":13},{"not_picked":["Corruption","Blood for Blood"],"picked":"Inflame","floor":14}],"player_experience":315435,"relics_obtained":[{"floor":6,"key":"Strawberry"},{"floor":8,"key":"Odd Mushroom"},{"floor":9,"key":"Du-Vu Doll"},{"floor":10,"key":"Singing Bowl"},{"floor":14,"key":"Incense Burner"}],"event_choices":[{"damage_healed":0,"gold_gain":0,"player_choice":"Fought Mushrooms","damage_taken":0,"max_hp_gain":0,"max_hp_loss":0,"event_name":"Mushrooms","floor":8,"gold_loss":0},{"damage_healed":0,"gold_gain":0,"player_choice":"Searched \u00271\u0027 times","damage_taken":0,"relics_obtained":["Mercury Hourglass"],"max_hp_gain":0,"max_hp_loss":0,"event_name":"Dead Adventurer","floor":11,"gold_loss":0}],"is_beta":true,"boss_relics":[],"items_purged_floors":[],"is_endless":false,"potions_floor_spawned":[2,5,6,8,10],"killed_by":"Slime Boss","ascension_level":0}