{"path_per_floor":["M","?","?","?","?","R","E","M","T","M","R","M","R","$","R","B",null,"M","$","M","M","?"],"character_chosen":"IRONCLAD","items_purchased":["Twin Strike","Flex","Intimidate"],"gold_per_floor":[114,114,114,114,114,114,148,164,210,224,224,242,242,215,215,336,336,356,195,218,234,149,149],"floor_reached":23,"campfire_rested":1,"playtime":1039,"item_purchase_floors":[14,19,19],"current_hp_per_floor":[80,64,64,44,44,44,24,30,30,32,56,62,62,62,62,41,80,52,52,32,18,18,0],"items_purged":["Strike_R"],"gold":149,"score":189,"play_id":"dff12f82-3dfe-4565-94ba-d996d1e72aae","local_time":"20180624103316","is_prod":false,"is_daily":false,"chose_seed":false,"is_ascension_mode":false,"campfire_upgraded":3,"win_rate":0,"timestamp":1529861596,"campfire_choices":[{"data":"Armaments","floor":6,"key":"SMITH"},{"floor":11,"key":"REST"},{"data":"Searing Blow","floor":13,"key":"SMITH"},{"data":"Searing Blow+1","floor":15,"key":"SMITH"}],"path_taken":["M","?","?","?","?","R","E","M","T","M","R","M","R","$","R","BOSS","M","$","M","?","?","E"],"build_version":"2018-06-21","seed_source_timestamp":783181542976441,"purchased_purges":1,"circlet_count":0,"victory":false,"master_deck":["Strike_R","Strike_R+1","Strike_R+1","Defend_R","Defend_R","Defend_R","Bash+1","Brutality","Inflame","Impervious","Armaments+1","Headbutt","Clothesline","Shrug It Off","Searing Blow+2","Twin Strike","Barricade","Pommel Strike","Flex","Intimidate","Seeing Red","Iron Wave+1"],"max_hp_per_floor":[80,80,80,80,80,80,80,80,80,80,80,80,80,80,80,80,80,80,80,80,80,80,80],"relics":["Burning Blood","Golden Idol","Bag of Marbles","Ancient Tea Set","Empty Cage","Singing Bowl"],"card_choices":[{"not_picked":["Perfected Strike","Blood for Blood"],"picked":"Inflame","floor":1},{"not_picked":["Iron Wave","Armaments"],"picked":"Headbutt","floor":7},{"not_picked":["Heavy Blade","Body Slam"],"picked":"Clothesline","floor":8},{"not_picked":["Body Slam","Perfected Strike"],"picked":"Shrug It Off","floor":10},{"not_picked":["Sword Boomerang","Dual Wield"],"picked":"Searing Blow","floor":12},{"not_picked":["Impervious","Bludgeon"],"picked":"Barricade","floor":16},{"not_picked":["Armaments+1","Heavy Blade"],"picked":"Pommel Strike","floor":18},{"not_picked":["Sword Boomerang","True Grit"],"picked":"Seeing Red","floor":20},{"not_picked":["Pommel Strike","Anger"],"picked":"Iron Wave+1","floor":21}],"player_experience":180014,"potions_floor_usage":[7,10,12,23],"damage_taken":[{"damage":5,"enemies":"2 Louse","floor":1,"turns":3},{"damage":32,"enemies":"Lagavulin","floor":7,"turns":7},{"damage":0,"enemies":"Small Slimes","floor":8,"turns":3},{"damage":4,"enemies":"Cultist","floor":10,"turns":3},{"damage":0,"enemies":"Looter","floor":12,"turns":3},{"damage":27,"enemies":"Hexaghost","floor":16,"turns":9},{"damage":34,"enemies":"Shell Parasite","floor":18,"turns":8},{"damage":26,"enemies":"Spheric Guardian","floor":20,"turns":5},{"damage":20,"enemies":"Snake Plant","floor":21,"turns":6},{"damage":25,"enemies":"Slavers","floor":23,"turns":1}],"relics_obtained":[{"floor":7,"key":"Bag of Marbles"},{"floor":9,"key":"Ancient Tea Set"}],"event_choices":[{"event_name":"Shining Light","player_choice":"Entered Light","floor":2,"damage_taken":0},{"event_name":"Match and Keep!","player_choice":"2 cards matched","floor":3,"damage_taken":0},{"event_name":"Golden Idol","player_choice":"Take Damage","floor":4,"damage_taken":0},{"event_name":"Upgrade Shrine","player_choice":"Upgraded","floor":5,"damage_taken":0},{"event_name":"Addict","player_choice":"Obtained Relic","floor":22,"damage_taken":0}],"boss_relics":[{"not_picked":["Orrery","Snecko Eye"],"picked":"Empty Cage"}],"items_purged_floors":[19],"is_endless":true,"potions_floor_spawned":[1,8,10,21],"seed_played":"-5260367089846612416","killed_by":"Slavers","ascension_level":0,"potions_obtained":[{"floor":1,"key":"AttackPotion"},{"floor":8,"key":"SkillPotion"},{"floor":10,"key":"Dexterity Potion"},{"floor":21,"key":"Dexterity Potion"}],"is_trial":false}