{"gold_per_floor":[116,129,129,144,157,175,175,175,256,270,270,296,307,321,321,424,424,437,362,393,397,411,441,441,441],"floor_reached":25,"playtime":1706,"items_purged":["Doubt"],"score":252,"play_id":"7623cc1d-bfe4-42a0-a97b-4fcd62ea5d43","local_time":"20190327004315","is_ascension_mode":false,"campfire_choices":[{"data":"DownHell","floor":7,"key":"PURGE"},{"data":"GroundShake","floor":15,"key":"PURGE"},{"data":"GatherUp","floor":24,"key":"PURGE"}],"neow_cost":"NONE","seed_source_timestamp":162374195401300,"circlet_count":0,"master_deck":["StoneGiant","StoneGiant","SuddenShock","WhiteDragon","DragonMage","DemoBook","DragonReflection","DemoHunter","DemoBook","DoubleDragon","BlackMage","MagicAmplify","SuddenShock","ChainBoob","WhiteDragon","Friendship+1","DestroyDragon+1","PetDragon","Friendship","GodWarning"],"relics":["Question Card","Thousand","NeowsBlessing","Mercury Hourglass","Du-Vu Doll","Astrolabe","Red Mask","Bronze Scales"],"potions_floor_usage":[20,23],"damage_taken":[{"damage":0,"enemies":"Small Slimes","floor":1,"turns":1},{"damage":0,"enemies":"Cultist","floor":2,"turns":1},{"damage":0,"enemies":"Jaw Worm","floor":4,"turns":1},{"damage":7,"enemies":"Blue Slaver","floor":5,"turns":3},{"damage":0,"enemies":"Exordium Wildlife","floor":6,"turns":3},{"damage":0,"enemies":"2 Fungi Beasts","floor":10,"turns":2},{"damage":0,"enemies":"Gremlin Nob","floor":12,"turns":3},{"damage":0,"enemies":"3 Louse","floor":13,"turns":2},{"damage":0,"enemies":"Exordium Wildlife","floor":14,"turns":2},{"damage":12,"enemies":"The Guardian","floor":16,"turns":6},{"damage":0,"enemies":"Shell Parasite","floor":18,"turns":3},{"damage":9,"enemies":"Masked Bandits","floor":20,"turns":4},{"damage":0,"enemies":"2 Thieves","floor":21,"turns":2},{"damage":0,"enemies":"Snake Plant","floor":22,"turns":3},{"damage":31,"enemies":"Slavers","floor":23,"turns":4},{"damage":27,"enemies":"Book of Stabbing","floor":25,"turns":3}],"seed_played":"-1072211779233650163","potions_obtained":[{"floor":1,"key":"Dexterity Potion"},{"floor":10,"key":"Strength Potion"},{"floor":13,"key":"Explosive Potion"},{"floor":22,"key":"SkillPotion"}],"is_trial":false,"path_per_floor":["M","M","$","M","M","M","R","?","T","M","?","E","M","M","R","B",null,"M","$","?","M","M","E","R","E"],"character_chosen":"DragonServant","items_purchased":[],"campfire_rested":0,"item_purchase_floors":[],"current_hp_per_floor":[60,60,60,60,53,54,54,54,54,55,60,60,60,60,60,48,57,57,57,48,50,52,23,23,0],"gold":441,"neow_bonus":"THREE_ENEMY_KILL","is_prod":false,"is_daily":false,"chose_seed":false,"campfire_upgraded":0,"win_rate":0.0,"timestamp":1553672595,"path_taken":["M","M","$","M","M","M","R","?","T","?","?","E","M","M","R","BOSS","M","$","?","M","M","E","R","E"],"build_version":"2019-01-23","purchased_purges":1,"victory":false,"max_hp_per_floor":[60,60,60,60,60,60,60,60,60,60,60,60,60,60,60,60,57,57,57,57,57,57,57,57,57],"card_choices":[{"not_picked":["SoundFromHell","DragonReflection","SuddenShock"],"picked":"DownHell","floor":1},{"not_picked":["GatherUp","CardExchange","StoneGiant"],"picked":"DemoHunter","floor":2},{"not_picked":["DragonAnger","MagicAmplify","AntiMana"],"picked":"GatherUp","floor":4},{"not_picked":["DemoExchange","FleshShield","CooperationSpell"],"picked":"DemoBook","floor":5},{"not_picked":["DemoBook","MageKnight","SuddenShock"],"picked":"DoubleDragon","floor":6},{"not_picked":["DemoBook","DemoExchange","DragonValley"],"picked":"BlackMage","floor":10},{"not_picked":["Student","DemoTeacher","PetDragon"],"picked":"MagicAmplify","floor":12},{"not_picked":["LibraryManager","GatherUp","DemoMage"],"picked":"SuddenShock","floor":13},{"not_picked":["SoundFromHell","DemoBook","CardExchange"],"picked":"ChainBoob","floor":14},{"not_picked":["DoubleDragon","Blessing","WhiteStone"],"picked":"WhiteDragon","floor":16},{"not_picked":["DemoTeacher","PetDragon","LibraryManager","EndlessPalace"],"picked":"SKIP","floor":18},{"not_picked":["DemoHunter","DragonAnger+1","DownHell"],"picked":"PetDragon","floor":21},{"not_picked":["StoneGiant+1","Student+1","DemoExchange"],"picked":"Friendship","floor":22},{"not_picked":["DragonMage","DownHell","DragonReflection"],"picked":"GodWarning","floor":23}],"player_experience":866236,"relics_obtained":[{"floor":9,"key":"Mercury Hourglass"},{"floor":12,"key":"Du-Vu Doll"},{"floor":20,"key":"Red Mask"},{"floor":23,"key":"Bronze Scales"}],"event_choices":[{"damage_healed":0,"gold_gain":0,"player_choice":"Ignored","damage_taken":0,"max_hp_gain":0,"max_hp_loss":0,"event_name":"NoteForYourself","floor":8,"gold_loss":0},{"damage_healed":15,"gold_gain":0,"player_choice":"Healed and dodged fight","damage_taken":0,"max_hp_gain":0,"max_hp_loss":0,"event_name":"Mushrooms","floor":11,"gold_loss":0,"cards_obtained":["Parasite"]},{"damage_healed":0,"gold_gain":0,"player_choice":"Fought Bandits","damage_taken":0,"max_hp_gain":0,"max_hp_loss":0,"event_name":"Masked Bandits","floor":20,"gold_loss":0}],"is_beta":false,"boss_relics":[{"not_picked":["Runic Dome","Empty Cage"],"picked":"Astrolabe"}],"items_purged_floors":[19],"is_endless":false,"potions_floor_spawned":[1,10,13,14,18,22],"killed_by":"Book of Stabbing","ascension_level":0}