{"gold_per_floor":[117,129,0,0,0,0,75,101,101,120,120,140,140,159,159,261,261,273,198,215,215,69,103,103,103],"floor_reached":25,"playtime":1506,"items_purged":["Strike_B"],"score":317,"play_id":"8db94d52-c264-4d7f-88e7-cbf39a3a0cf1","local_time":"20190417225909","is_ascension_mode":true,"campfire_choices":[{"data":"Dualcast","floor":6,"key":"SMITH"},{"data":"Go for the Eyes","floor":11,"key":"SMITH"},{"data":"Coolheaded","floor":13,"key":"SMITH"},{"data":"Chill","floor":15,"key":"SMITH"},{"floor":24,"key":"REST"}],"neow_cost":"NONE","seed_source_timestamp":107820982992421,"circlet_count":0,"master_deck":["Strike_B+1","Strike_B+1","Defend_B+1","Defend_B+1","Defend_B+1","Defend_B+1","Zap+1","Dualcast+1","Undo","Conserve Battery+1","Go for the Eyes+1","Glacier","Rebound","Coolheaded+1","Chill+1","Rainbow+1","Ball Lightning","Glacier"],"relics":["Cracked Core","NeowsBlessing","Cables","Darkstone Periapt","Philosopher\u0027s Stone","War Paint","Incense Burner"],"potions_floor_usage":[16],"damage_taken":[{"damage":0,"enemies":"Small Slimes","floor":1,"turns":1},{"damage":0,"enemies":"2 Louse","floor":2,"turns":1},{"damage":0,"enemies":"Lagavulin","floor":8,"turns":2},{"damage":0,"enemies":"Cultist","floor":10,"turns":3},{"damage":0,"enemies":"Large Slime","floor":12,"turns":6},{"damage":0,"enemies":"Blue Slaver","floor":14,"turns":3},{"damage":20,"enemies":"Slime Boss","floor":16,"turns":15},{"damage":23,"enemies":"3 Byrds","floor":18,"turns":5},{"damage":5,"enemies":"2 Thieves","floor":20,"turns":5},{"damage":18,"enemies":"Slavers","floor":23,"turns":5},{"damage":54,"enemies":"Gremlin Leader","floor":25,"turns":9}],"seed_played":"-8328561391101732503","potions_obtained":[{"floor":8,"key":"SpeedPotion"},{"floor":10,"key":"Swift Potion"},{"floor":14,"key":"AttackPotion"}],"is_trial":false,"path_per_floor":["?","?","M","?","?"],"character_chosen":"DEFECT","items_purchased":["Go for the Eyes","War Paint"],"campfire_rested":1,"item_purchase_floors":[3,22],"current_hp_per_floor":[68,68,68,68,68,68,61,61,61,61,61,61,61,61,61,41,67,44,44,39,39,39,21,43,0],"gold":103,"neow_bonus":"THREE_ENEMY_KILL","is_prod":false,"is_daily":false,"chose_seed":false,"campfire_upgraded":4,"win_rate":0,"timestamp":1555516749,"path_taken":["M","M","$","?","$","R","?","E","T","M","R","M","R","?","R","BOSS","M","?","M","?","$","E","R","E"],"build_version":"2019-01-23","purchased_purges":1,"victory":false,"max_hp_per_floor":[75,75,75,75,75,75,75,75,75,75,75,75,75,75,75,75,75,75,75,75,75,75,75,75,75],"card_choices":[{"not_picked":["Ball Lightning","Cold Snap"],"picked":"Undo","floor":1},{"not_picked":["Gash","Chill"],"picked":"Conserve Battery","floor":2},{"not_picked":["Redo","Hologram"],"picked":"Glacier","floor":8},{"not_picked":["Turbo","Cold Snap"],"picked":"Rebound","floor":10},{"not_picked":["Beam Cell","Capacitor"],"picked":"Coolheaded","floor":12},{"not_picked":["Cold Snap","Double Energy"],"picked":"Chill","floor":14},{"not_picked":["Meteor Strike","Reboot"],"picked":"Rainbow","floor":16},{"not_picked":["Leap","Double Energy"],"picked":"Ball Lightning","floor":18},{"not_picked":["Redo","Sweeping Beam"],"picked":"Glacier","floor":20},{"not_picked":["Go for the Eyes+1","Fission","Streamline+1"],"picked":"SKIP","floor":23}],"player_experience":250223,"relics_obtained":[{"floor":8,"key":"Cables"},{"floor":9,"key":"Darkstone Periapt"},{"floor":23,"key":"Incense Burner"}],"event_choices":[{"damage_healed":0,"gold_gain":0,"player_choice":"Grow","damage_taken":0,"max_hp_gain":0,"max_hp_loss":0,"event_name":"Living Wall","floor":4,"gold_loss":0,"cards_upgraded":["Zap"]},{"damage_healed":0,"gold_gain":75,"player_choice":"Touch","damage_taken":7,"max_hp_gain":0,"max_hp_loss":0,"event_name":"FaceTrader","floor":7,"gold_loss":0},{"cards_removed":["Strike_B"],"damage_healed":0,"gold_gain":0,"player_choice":"Gave Gold","damage_taken":0,"max_hp_gain":0,"max_hp_loss":0,"event_name":"Beggar","floor":19,"gold_loss":75},{"damage_healed":0,"gold_gain":0,"player_choice":"Simplicity","damage_taken":0,"max_hp_gain":0,"max_hp_loss":0,"event_name":"Back to Basics","floor":21,"gold_loss":0,"cards_upgraded":["Strike_B","Strike_B","Defend_B","Defend_B","Defend_B","Defend_B"]}],"is_beta":false,"boss_relics":[{"not_picked":["FrozenCore","Orrery"],"picked":"Philosopher\u0027s Stone"}],"items_purged_floors":[3],"is_endless":false,"potions_floor_spawned":[8,10,14],"killed_by":"Gremlin Leader","ascension_level":6}