{"gold_per_floor":[112,112,132,150,120,120,147,147,147,117,292,292],"floor_reached":12,"playtime":653,"items_purged":[],"score":76,"play_id":"55456fc0-7d18-443b-a7f4-6361b1568e6e","local_time":"20190108233924","is_ascension_mode":false,"campfire_choices":[{"data":"Bloodletting","floor":6,"key":"SMITH"},{"floor":8,"key":"REST"}],"neow_cost":"TEN_PERCENT_HP_LOSS","seed_source_timestamp":76601556670300,"circlet_count":0,"master_deck":["Strike_R","Strike_R","Strike_R","Defend_R","Defend_R","Defend_R","Defend_R","Bash","Ghostly Armor+1","Entrench+1","Bloodletting+1","Disarm","Flame Barrier","Dropkick","Warcry","Doubt"],"relics":["Burning Blood","Letter Opener"],"potions_floor_usage":[7,7,7,12],"damage_taken":[{"damage":3,"enemies":"2 Louse","floor":1,"turns":4},{"damage":2,"enemies":"Cultist","floor":3,"turns":5},{"damage":0,"enemies":"Jaw Worm","floor":4,"turns":5},{"damage":37,"enemies":"Gremlin Nob","floor":7,"turns":4},{"damage":0,"enemies":"Looter","floor":10,"turns":4},{"damage":64,"enemies":"3 Sentries","floor":12,"turns":17}],"seed_played":"-303415655842509593","potions_obtained":[{"floor":4,"key":"LiquidBronze"},{"floor":5,"key":"FearPotion"},{"floor":5,"key":"Swift Potion"},{"floor":7,"key":"AttackPotion"}],"is_trial":false,"path_per_floor":["M","?","M","M","?","R","E","R","T","M","?","E"],"character_chosen":"IRONCLAD","items_purchased":[],"campfire_rested":1,"item_purchase_floors":[],"current_hp_per_floor":[72,58,62,68,68,68,37,58,58,64,64,0],"gold":292,"neow_bonus":"TRANSFORM_TWO_CARDS","is_prod":false,"is_daily":false,"chose_seed":false,"campfire_upgraded":1,"win_rate":0,"timestamp":1547015964,"path_taken":["M","?","M","M","?","R","E","R","T","?","?","E"],"build_version":"2019-01-07","purchased_purges":0,"victory":false,"max_hp_per_floor":[72,72,72,72,72,72,72,72,72,72,72,72],"card_choices":[{"not_picked":["Wild Strike","True Grit"],"picked":"Bloodletting","floor":1},{"not_picked":["Flex","Rage"],"picked":"Disarm","floor":3},{"not_picked":["Intimidate","Sword Boomerang"],"picked":"Flame Barrier","floor":4},{"not_picked":["Headbutt","Heavy Blade"],"picked":"Dropkick","floor":7},{"not_picked":["Evolve","Headbutt"],"picked":"Warcry","floor":10}],"player_experience":318238,"relics_obtained":[{"floor":7,"key":"Letter Opener"}],"event_choices":[{"damage_healed":0,"gold_gain":0,"player_choice":"Entered Light","damage_taken":14,"max_hp_gain":0,"max_hp_loss":0,"event_name":"Shining Light","floor":2,"gold_loss":0,"cards_upgraded":["Ghostly Armor","Entrench"]},{"damage_healed":0,"gold_gain":0,"player_choice":"Bought 2 Potions","damage_taken":0,"max_hp_gain":0,"max_hp_loss":0,"event_name":"The Woman in Blue","floor":5,"gold_loss":0},{"damage_healed":0,"gold_gain":175,"player_choice":"AGREE","damage_taken":0,"max_hp_gain":0,"max_hp_loss":0,"event_name":"Liars Game","floor":11,"gold_loss":0,"cards_obtained":["Doubt"]}],"is_beta":true,"boss_relics":[],"items_purged_floors":[],"is_endless":false,"potions_floor_spawned":[4,7],"killed_by":"3 Sentries","ascension_level":0}