{"gold_per_floor":[114,126,76,93,19,54,54,54,81,81,81,93,168,186,186,282,282,296,296],"floor_reached":19,"playtime":745,"items_purged":[],"score":167,"play_id":"e821dfc2-02ea-47a3-99bc-6c1e129cd113","local_time":"20181030140100","is_ascension_mode":false,"campfire_choices":[{"data":"Demon Form","floor":8,"key":"SMITH"},{"data":"Inflame","floor":10,"key":"SMITH"},{"data":"Bash","floor":15,"key":"SMITH"}],"neow_cost":"TEN_PERCENT_HP_LOSS","seed_source_timestamp":510688676735506,"circlet_count":0,"master_deck":["Strike_R","Strike_R","Strike_R","Strike_R","Strike_R","Defend_R","Defend_R","Defend_R","Bash+1","Brutality","Inflame+1","Shrug It Off+1","Dual Wield+1","Demon Form+1","Shrug It Off","Demon Form","Shrug It Off+1"],"relics":["Burning Blood","War Paint","Orichalcum","Sozu"],"potions_floor_usage":[19,19],"damage_taken":[{"damage":9,"enemies":"2 Louse","floor":1,"turns":5},{"damage":9,"enemies":"Jaw Worm","floor":2,"turns":3},{"damage":7,"enemies":"Cultist","floor":4,"turns":4},{"damage":37,"enemies":"Gremlin Nob","floor":6,"turns":5},{"damage":8,"enemies":"Blue Slaver","floor":12,"turns":4},{"damage":15,"enemies":"2 Fungi Beasts","floor":14,"turns":5},{"damage":19,"enemies":"Hexaghost","floor":16,"turns":10},{"damage":34,"enemies":"Spheric Guardian","floor":18,"turns":6},{"damage":27,"enemies":"Colosseum Slavers","floor":19,"turns":7},{"damage":23,"enemies":"Colosseum Nobs","floor":19,"turns":3}],"seed_played":"-297250819200700309","potions_obtained":[{"floor":2,"key":"EntropicBrew"},{"floor":6,"key":"SmokeBomb"},{"floor":16,"key":"SneckoOil"}],"is_trial":false,"path_per_floor":["M","M","?","M","$","E","?","R","T","R","?","M","?","M","R","B",null,"M"],"character_chosen":"IRONCLAD","items_purchased":["Demon Form"],"campfire_rested":0,"item_purchase_floors":[5],"current_hp_per_floor":[69,66,66,65,65,34,34,34,34,34,58,56,45,36,36,23,72,44,0],"gold":296,"neow_bonus":"THREE_RARE_CARDS","is_prod":false,"is_daily":false,"chose_seed":false,"campfire_upgraded":3,"win_rate":0,"timestamp":1540904460,"path_taken":["M","M","?","?","$","E","?","R","T","R","?","M","?","M","R","BOSS","M","?"],"build_version":"2018-10-29v2","purchased_purges":0,"victory":false,"max_hp_per_floor":[72,72,72,72,72,72,72,72,72,72,72,72,72,72,72,72,72,72,72],"card_choices":[{"not_picked":["Limit Break","Berserk"],"picked":"Brutality","floor":0},{"not_picked":["Iron Wave","Pommel Strike"],"picked":"Inflame","floor":1},{"not_picked":["Perfected Strike","Searing Blow"],"picked":"Shrug It Off","floor":2},{"not_picked":["Anger","Sever Soul"],"picked":"Dual Wield","floor":4},{"not_picked":["Havoc","Iron Wave","Inflame"],"picked":"SKIP","floor":6},{"not_picked":["Havoc","Body Slam","Dual Wield"],"picked":"SKIP","floor":12},{"not_picked":["Offering","Flex"],"picked":"Shrug It Off","floor":14},{"not_picked":["Fiend Fire","Berserk"],"picked":"Demon Form","floor":16},{"not_picked":["Bloodletting","Iron Wave"],"picked":"Shrug It Off+1","floor":18}],"player_experience":633970,"relics_obtained":[{"floor":6,"key":"War Paint"},{"floor":9,"key":"Orichalcum"}],"event_choices":[{"cards_removed":["Defend_R"],"damage_healed":0,"gold_gain":0,"player_choice":"Card Removal","damage_taken":0,"max_hp_gain":0,"max_hp_loss":0,"event_name":"The Cleric","floor":3,"gold_loss":50},{"damage_healed":0,"gold_gain":30,"player_choice":"Searched \u00272\u0027 times","damage_taken":0,"max_hp_gain":0,"max_hp_loss":0,"event_name":"Dead Adventurer","floor":7,"gold_loss":0},{"damage_healed":24,"gold_gain":0,"player_choice":"Banana","damage_taken":0,"max_hp_gain":0,"max_hp_loss":0,"event_name":"Big Fish","floor":11,"gold_loss":0},{"damage_healed":0,"gold_gain":75,"player_choice":"Gather Gold","damage_taken":11,"max_hp_gain":0,"max_hp_loss":0,"event_name":"World of Goop","floor":13,"gold_loss":0},{"damage_healed":0,"gold_gain":0,"player_choice":"Fight","damage_taken":0,"max_hp_gain":0,"max_hp_loss":0,"event_name":"Colosseum","floor":19,"gold_loss":0},{"damage_healed":0,"gold_gain":0,"player_choice":"Fought Nobs","damage_taken":0,"max_hp_gain":0,"max_hp_loss":0,"event_name":"Colosseum","floor":19,"gold_loss":0}],"is_beta":true,"boss_relics":[{"not_picked":["Black Blood","Ectoplasm"],"picked":"Sozu"}],"items_purged_floors":[],"is_endless":false,"potions_floor_spawned":[2,6,16],"killed_by":"Colosseum Nobs","ascension_level":0}