{"gold_per_floor":[109,121,46,58,73,73,102,102,102,112,126,137,37,56,56,157,157,174,193,203,213,248,248,248,276,302,302,111,128,43,75,75,175,175,193,212,223,233,108,108,136,136,136,136,147,147,147,369,369,369],"floor_reached":51,"playtime":2592,"items_purged":["Strike_B","Strike_B","Strike_B"],"score":746,"play_id":"fef66e63-913e-4317-ae7d-b1f98a048125","local_time":"20190319003451","is_ascension_mode":false,"campfire_choices":[{"data":"Lockon","floor":6,"key":"SMITH"},{"data":"Electrodynamics","floor":8,"key":"SMITH"},{"floor":15,"key":"REST"},{"floor":23,"key":"REST"},{"floor":27,"key":"REST"},{"data":"Machine Learning","floor":32,"key":"SMITH"},{"data":"Amplify","floor":40,"key":"SMITH"},{"floor":44,"key":"REST"},{"data":"Thinking Ahead","floor":47,"key":"SMITH"},{"data":"Biased Cognition","floor":49,"key":"SMITH"}],"neow_cost":"NONE","seed_source_timestamp":10411478808018,"circlet_count":0,"master_deck":["Strike_B","Defend_B","Defend_B","Defend_B","Defend_B","Zap","Dualcast","Electrodynamics+1","Ball Lightning","Conserve Battery","Redo","Lockon+1","Ball Lightning","Biased Cognition","Ball Lightning","Amplify+1","Machine Learning+1","Lockon+1","Ball Lightning+1","Thunder Strike+1","Static Discharge+1","Auto Shields+1","Biased Cognition+1","FTL+1","Storm+1","Thinking Ahead+1","White Noise+1"],"relics":["Cracked Core","Vajra","Orichalcum","Sozu","Red Mask","Molten Egg 2","Strawberry","Lee\u0027s Waffle","Omamori","Mummified Hand","Happy Flower","Dream Catcher"],"potions_floor_usage":[5,7,16,18],"damage_taken":[{"damage":1,"enemies":"Cultist","floor":1,"turns":3},{"damage":3,"enemies":"Jaw Worm","floor":2,"turns":3},{"damage":2,"enemies":"Small Slimes","floor":4,"turns":4},{"damage":5,"enemies":"Blue Slaver","floor":5,"turns":3},{"damage":14,"enemies":"Lagavulin","floor":7,"turns":4},{"damage":0,"enemies":"3 Louse","floor":10,"turns":2},{"damage":6,"enemies":"Red Slaver","floor":11,"turns":2},{"damage":8,"enemies":"Lots of Slimes","floor":12,"turns":2},{"damage":3,"enemies":"Exordium Thugs","floor":14,"turns":2},{"damage":19,"enemies":"Hexaghost","floor":16,"turns":5},{"damage":5,"enemies":"Spheric Guardian","floor":18,"turns":3},{"damage":8,"enemies":"Shell Parasite","floor":19,"turns":3},{"damage":32,"enemies":"Shelled Parasite and Fungi","floor":20,"turns":3},{"damage":0,"enemies":"Centurion and Healer","floor":21,"turns":3},{"damage":0,"enemies":"Masked Bandits","floor":22,"turns":2},{"damage":24,"enemies":"Book of Stabbing","floor":25,"turns":4},{"damage":19,"enemies":"Snake Plant","floor":29,"turns":3},{"damage":13,"enemies":"Slavers","floor":31,"turns":2},{"damage":14,"enemies":"Champ","floor":33,"turns":5},{"damage":3,"enemies":"3 Shapes","floor":35,"turns":1},{"damage":8,"enemies":"Orb Walker","floor":36,"turns":3},{"damage":1,"enemies":"4 Shapes","floor":37,"turns":2},{"damage":10,"enemies":"Jaw Worm Horde","floor":38,"turns":2},{"damage":33,"enemies":"Giant Head","floor":41,"turns":5},{"damage":0,"enemies":"Transient","floor":45,"turns":5},{"damage":61,"enemies":"Awakened One","floor":50,"turns":4}],"seed_played":"4459436941395265019","potions_obtained":[{"floor":1,"key":"Poison Potion"},{"floor":2,"key":"FearPotion"},{"floor":4,"key":"Poison Potion"},{"floor":11,"key":"GamblersBrew"},{"floor":12,"key":"PowerPotion"}],"is_trial":false,"path_per_floor":["M","M","M","?","?","?","?","?","?"],"character_chosen":"DEFECT","items_purchased":["Lee\u0027s Waffle"],"campfire_rested":4,"item_purchase_floors":[28],"current_hp_per_floor":[74,71,71,69,64,64,50,50,50,50,44,36,36,33,55,36,75,70,62,30,30,30,52,52,28,35,59,89,70,70,57,57,43,89,86,78,77,67,67,67,34,34,34,60,60,82,82,82,82,21],"gold":369,"neow_bonus":"ONE_RANDOM_RARE_CARD","is_prod":false,"is_daily":false,"chose_seed":false,"campfire_upgraded":6,"win_rate":0.0,"timestamp":1552930491,"path_taken":["M","M","$","M","?","R","E","R","T","M","?","M","$","M","R","BOSS","M","M","?","M","?","R","?","E","T","R","$","M","?","E","R","BOSS","M","M","M","M","$","R","E","?","T","R","M","?","R","?","R","BOSS"],"build_version":"2019-01-23","purchased_purges":3,"victory":true,"max_hp_per_floor":[75,75,75,75,75,75,75,75,75,75,75,75,75,75,75,75,75,75,75,75,75,75,75,75,75,82,82,89,89,89,89,89,89,89,89,89,89,89,89,89,89,89,89,89,89,89,89,89,89,89],"card_choices":[{"not_picked":["Sunder","Glacier"],"picked":"Ball Lightning","floor":1},{"not_picked":["Scrape","Rebound"],"picked":"Conserve Battery","floor":2},{"not_picked":["Scrape","Conserve Battery"],"picked":"Redo","floor":4},{"not_picked":["Go for the Eyes","White Noise"],"picked":"Lockon","floor":5},{"not_picked":["Leap","Steam"],"picked":"Ball Lightning","floor":7},{"not_picked":["Steam","Conserve Battery"],"picked":"Biased Cognition","floor":10},{"not_picked":["FTL","Gash"],"picked":"Ball Lightning","floor":11},{"not_picked":["Turbo","Hologram"],"picked":"Amplify","floor":12},{"not_picked":["Conserve Battery","Streamline","Hologram"],"picked":"SKIP","floor":14},{"not_picked":["All For One","Amplify"],"picked":"Machine Learning","floor":16},{"not_picked":["FTL","Go for the Eyes+1"],"picked":"Lockon+1","floor":18},{"not_picked":["Hologram","Sweeping Beam+1"],"picked":"Ball Lightning+1","floor":19},{"not_picked":["Redo","Steam","White Noise"],"picked":"SKIP","floor":20},{"not_picked":["Compile Driver","Stack","Rebound+1"],"picked":"SKIP","floor":21},{"not_picked":["Go for the Eyes","Turbo"],"picked":"Thunder Strike","floor":25},{"not_picked":["Darkness","Auto Shields"],"picked":"Static Discharge+1","floor":29},{"not_picked":["Cold Snap+1","Streamline+1"],"picked":"Auto Shields+1","floor":31},{"not_picked":["Machine Learning","Reboot"],"picked":"Biased Cognition","floor":33},{"not_picked":["Undo","Sweeping Beam+1"],"picked":"FTL+1","floor":35},{"not_picked":["Leap","Barrage+1","Rebound+1"],"picked":"SKIP","floor":36},{"not_picked":["Steam","Auto Shields+1","Streamline+1"],"picked":"SKIP","floor":37},{"not_picked":["Lockon+1","Redo+1"],"picked":"Storm+1","floor":38},{"not_picked":["Sweeping Beam+1","Conserve Battery","Double Energy+1"],"picked":"SKIP","floor":41},{"not_picked":["Dramatic Entrance+1","Transmutation"],"picked":"Thinking Ahead","floor":42},{"not_picked":["Leap+1","Melter+1"],"picked":"White Noise+1","floor":44},{"not_picked":["Steam Power","Rebound+1","Cold Snap+1"],"picked":"SKIP","floor":45}],"player_experience":70043,"relics_obtained":[{"floor":7,"key":"Vajra"},{"floor":9,"key":"Orichalcum"},{"floor":22,"key":"Red Mask"},{"floor":25,"key":"Molten Egg 2"},{"floor":26,"key":"Strawberry"},{"floor":31,"key":"Mummified Hand"},{"floor":41,"key":"Happy Flower"},{"floor":43,"key":"Dream Catcher"}],"event_choices":[{"damage_healed":0,"gold_gain":0,"player_choice":"Fought Bandits","damage_taken":0,"max_hp_gain":0,"max_hp_loss":0,"event_name":"Masked Bandits","floor":22,"gold_loss":0},{"damage_healed":0,"gold_gain":0,"player_choice":"Ignored","damage_taken":0,"max_hp_gain":0,"max_hp_loss":0,"event_name":"Ghosts","floor":24,"gold_loss":0},{"damage_healed":0,"gold_gain":0,"player_choice":"Obtained Relic","damage_taken":0,"relics_obtained":["Omamori"],"max_hp_gain":0,"max_hp_loss":0,"event_name":"Addict","floor":30,"gold_loss":85},{"damage_healed":0,"gold_gain":0,"player_choice":"Memory 1","damage_taken":0,"max_hp_gain":0,"max_hp_loss":0,"event_name":"SensoryStone","floor":42,"gold_loss":0},{"damage_healed":22,"gold_gain":0,"player_choice":"Writhe","damage_taken":0,"max_hp_gain":0,"max_hp_loss":0,"event_name":"Winding Halls","floor":46,"gold_loss":0,"cards_obtained":["Writhe"]},{"damage_healed":0,"gold_gain":222,"player_choice":"Wore Mask","damage_taken":0,"max_hp_gain":0,"max_hp_loss":0,"event_name":"Tomb of Lord Red Mask","floor":48,"gold_loss":0}],"is_beta":false,"boss_relics":[{"not_picked":["Tiny House","Orrery"],"picked":"Sozu"},{"not_picked":["Nuclear Battery","Coffee Dripper","Busted Crown"]}],"items_purged_floors":[3,13,39],"is_endless":false,"potions_floor_spawned":[1,2,4,11,12,18,25,29,33,37,41,45],"ascension_level":0}