{"gold_per_floor":[417,429,504,518,68,103,103,353,434,434,453,464,477,477,477,572,572,585,595,595,595,607,607,633,643,696,304,304,339,339,150,150,254,254,274,84,84,84,95,95,110,138,138,149,149,24,51,71,71,71],"floor_reached":50,"playtime":2103,"items_purged":["Injury","Clumsy","Regret"],"score":620,"play_id":"5e814ace-afc1-4271-b66b-7a598787186f","local_time":"20180718153950","is_ascension_mode":false,"campfire_choices":[{"data":"Crippling Poison","floor":10,"key":"SMITH"},{"floor":15,"key":"REST"},{"data":"Deadly Poison","floor":23,"key":"SMITH"},{"data":"Noxious Fumes","floor":30,"key":"SMITH"},{"data":"Leg Sweep","floor":32,"key":"SMITH"},{"data":"Survivor","floor":40,"key":"SMITH"},{"data":"Good Instincts","floor":49,"key":"SMITH"}],"neow_cost":"FIFTY_PERCENT_DAMAGE","seed_source_timestamp":0,"circlet_count":0,"master_deck":["Defend_G","Defend_G","Defend_G","Defend_G","Defend_G","Survivor+1","Neutralize","Crippling Poison+1","Deadly Poison+1","Deadly Poison","Bane","Good Instincts+1","Leg Sweep+1","Slice+1","Dagger Spray+1","Poisoned Stab+1","Die Die Die+1","Slice+1","Flying Knee+1","Bite+1","Bite+1","Bite+1","Bite+1","Bite+1","Dagger Spray+1","PiercingWail+1","Poisoned Stab+1","Noxious Fumes+1","Good Instincts+1","Die Die Die+1","Terror+1","PiercingWail+1","PiercingWail+1","Poisoned Stab+1","Bane+1","Backstab+1","Deadly Poison+1","Good Instincts+1","Apotheosis+1","Panache","Backstab+1","Venomology+1","Concentrate+1","Writhe","Catalyst+1"],"special_seed":0,"relics":["Ring of the Snake","Old Coin","Ginger","Bag of Marbles","Molten Egg 2","Cursed Key","Pen Nib","Red Mask","Oddly Smooth Stone","Toxic Egg 2","Mercury Hourglass","Bag of Preparation","Orrery","Juzu Bracelet","Gambling Chip","Ninja Scroll","Happy Flower"],"potions_floor_usage":[16,24,29,33,42,47,47,50,50],"damage_taken":[{"damage":0.0,"enemies":"2 Louse","floor":1.0,"turns":3.0},{"damage":0.0,"enemies":"Small Slimes","floor":2.0,"turns":4.0},{"damage":1.0,"enemies":"Cultist","floor":4.0,"turns":5.0},{"damage":2.0,"enemies":"Lagavulin","floor":6.0,"turns":6.0},{"damage":1,"enemies":"Blue Slaver","floor":11,"turns":3},{"damage":2,"enemies":"2 Fungi Beasts","floor":12,"turns":3},{"damage":3,"enemies":"Exordium Thugs","floor":13,"turns":4},{"damage":12,"enemies":"Slime Boss","floor":16,"turns":10},{"damage":9,"enemies":"Spheric Guardian","floor":18,"turns":5},{"damage":0,"enemies":"Chosen","floor":19,"turns":3},{"damage":6,"enemies":"3 Cultists","floor":22,"turns":3},{"damage":16,"floor":24,"turns":3},{"damage":0,"enemies":"Sentry and Sphere","floor":25,"turns":3},{"damage":15,"enemies":"Book of Stabbing","floor":29,"turns":5},{"damage":37,"enemies":"Champ","floor":33,"turns":9},{"damage":1,"enemies":"Orb Walker","floor":35,"turns":2},{"damage":0,"enemies":"Flame Bruiser 1 Orb","floor":39,"turns":3},{"damage":5,"enemies":"Transient","floor":41,"turns":5},{"damage":41,"enemies":"Giant Head","floor":42,"turns":7},{"damage":0,"enemies":"Sphere and 2 Shapes","floor":44,"turns":2},{"damage":0,"enemies":"2 Orb Walkers","floor":47,"turns":1},{"damage":0,"enemies":"Flame Bruiser 2 Orb","floor":48,"turns":2},{"damage":66,"enemies":"Time Eater","floor":50,"turns":8}],"seed_played":"-2801188630279653705","potions_obtained":[{"floor":1.0,"key":"Block Potion"},{"floor":4.0,"key":"Block Potion"},{"floor":11,"key":"LiquidBronze"},{"floor":16,"key":"Ancient Potion"},{"floor":19,"key":"Swift Potion"},{"floor":24,"key":"AttackPotion"},{"floor":25,"key":"SteroidPotion"},{"floor":35,"key":"Regen Potion"},{"floor":44,"key":"EssenceOfSteel"}],"is_trial":false,"path_per_floor":["M","M","?","M","$","E","?","?","T","R","M","M","M","?","R","B",null,"M","M","?","?","M","R","?","M","T","$","T","E","R","$","R","B",null,"M","$","?","?","M","R","M","E","T","M","?","$","E","M","R"],"character_chosen":"THE_SILENT","items_purchased":["Ginger","Bane","Good Instincts","Toxic Egg 2","PiercingWail+1","Poisoned Stab+1","Good Instincts+1","Juzu Bracelet","Deadly Poison+1"],"campfire_rested":1,"item_purchase_floors":[5,5,5,27,27,27,31,36,36],"current_hp_per_floor":[35,35,24,23,23,21,44,44,44,44,43,41,38,38,59,47,70,61,61,61,49,49,49,38,44,44,44,44,37,37,37,37,24,49,49,49,49,39,39,39,46,25,25,25,37,37,37,46,46,0],"gold":71,"neow_bonus":"ONE_RARE_RELIC","is_prod":false,"is_daily":false,"chose_seed":false,"campfire_upgraded":6,"win_rate":0,"timestamp":1531921190,"path_taken":["M","M","?","M","$","E","?","?","T","R","M","?","M","?","R","BOSS","M","M","?","?","?","R","?","M","T","$","?","E","R","$","R","BOSS","M","$","?","?","M","R","M","E","T","M","?","$","E","M","R","BOSS"],"build_version":"2018-07-12","purchased_purges":3,"victory":false,"max_hp_per_floor":[70,70,70,70,70,70,70,70,70,70,70,70,70,70,70,70,70,70,70,70,49,49,49,49,49,49,49,49,49,49,49,49,49,49,49,49,49,49,49,49,49,49,49,49,49,49,49,49,49,49],"card_choices":[{"not_picked":["Prepared","Outmaneuver"],"picked":"Crippling Poison","floor":1.0},{"not_picked":["Blur","Acrobatics"],"picked":"Deadly Poison","floor":2.0},{"not_picked":["Cloak And Dagger","Deflect"],"picked":"Deadly Poison","floor":4.0},{"not_picked":["Accuracy","Backflip"],"picked":"Leg Sweep","floor":6.0},{"not_picked":["Dagger Throw+1","Quick Slash+1"],"picked":"Slice+1","floor":11},{"not_picked":["Well Laid Plans","Quick Slash+1"],"picked":"Dagger Spray+1","floor":12},{"not_picked":["Noxious Fumes","Dagger Throw+1"],"picked":"Poisoned Stab+1","floor":13},{"not_picked":["Phantasmal Killer","Envenom"],"picked":"Die Die Die+1","floor":16},{"not_picked":["Reflex","Dodge and Roll"],"picked":"Slice+1","floor":18},{"not_picked":["Deadly Poison","Acrobatics"],"picked":"Flying Knee+1","floor":19},{"not_picked":["Deadly Poison","Deflect","Eviscerate+1"],"picked":"SKIP","floor":22},{"not_picked":["Malaise","Backflip"],"picked":"Dagger Spray+1","floor":25},{"not_picked":["Eviscerate+1","Backflip+1"],"picked":"Noxious Fumes","floor":29},{"not_picked":["Grand Finale+1","Doppelganger+1"],"picked":"Die Die Die+1","floor":33},{"not_picked":["Noxious Fumes","Caltrops"],"picked":"Terror+1","floor":34},{"not_picked":["Finisher+1","Poisoned Stab+1"],"picked":"PiercingWail+1","floor":34},{"not_picked":["Sucker Punch+1","Underhanded Strike+1"],"picked":"PiercingWail+1","floor":34},{"not_picked":["Riddle With Holes+1","Dagger Throw+1"],"picked":"Poisoned Stab+1","floor":34},{"not_picked":["Backflip+1","Outmaneuver+1"],"picked":"Bane+1","floor":34},{"not_picked":["Outmaneuver+1","Adrenaline+1"],"picked":"Backstab+1","floor":35},{"not_picked":["Flash of Steel+1","Swift Strike+1"],"picked":"Good Instincts+1","floor":38},{"not_picked":["Enlightenment+1","Master of Strategy+1"],"picked":"Apotheosis+1","floor":38},{"not_picked":["Good Instincts+1","Magnetism"],"picked":"Panache","floor":38},{"not_picked":["Poisoned Stab+1","Acrobatics+1"],"picked":"Backstab+1","floor":39},{"not_picked":["Acrobatics+1","Blade Dance+1","PiercingWail+1"],"picked":"SKIP","floor":41},{"not_picked":["Dagger Spray+1","Poisoned Stab+1"],"picked":"Venomology+1","floor":42},{"not_picked":["Deadly Poison+1","Underhanded Strike+1"],"picked":"Concentrate+1","floor":44},{"not_picked":["Blur+1","Well Laid Plans"],"picked":"Catalyst+1","floor":47},{"not_picked":["Expertise+1","Quick Slash+1","Footwork+1"],"picked":"SKIP","floor":48}],"player_experience":130963,"relics_obtained":[{"floor":6.0,"key":"Bag of Marbles"},{"floor":9.0,"key":"Molten Egg 2"},{"floor":24,"key":"Red Mask"},{"floor":26,"key":"Oddly Smooth Stone"},{"floor":28,"key":"Mercury Hourglass"},{"floor":29,"key":"Bag of Preparation"},{"floor":42,"key":"Gambling Chip"},{"floor":43,"key":"Ninja Scroll"},{"floor":47,"key":"Happy Flower"}],"event_choices":[{"event_name":"World of Goop","player_choice":"Gather Gold","floor":3.0,"damage_taken":0.0},{"event_name":"Big Fish","player_choice":"Banana","floor":7.0,"damage_taken":0.0},{"event_name":"Golden Shrine","player_choice":"Desecrate","floor":8.0,"damage_taken":0.0},{"event_name":"Fountain of Cleansing","player_choice":"Removed Curse","floor":14,"damage_taken":0},{"event_name":"The Mausoleum","player_choice":"Yes","floor":20,"damage_taken":0},{"event_name":"Vampires","player_choice":"Became a vampire","floor":21,"damage_taken":0},{"event_name":"Masked Bandits","player_choice":"Fought over 607 gold","floor":24,"damage_taken":0},{"event_name":"FaceTrader","player_choice":"Leave","floor":37,"damage_taken":0},{"event_name":"SensoryStone","player_choice":"Memory 3","floor":38,"damage_taken":0},{"event_name":"Winding Halls","player_choice":"Writhe","floor":45,"damage_taken":0}],"boss_relics":[{"not_picked":["Tiny House","Coffee Dripper"],"picked":"Cursed Key"},{"not_picked":["Fusion Hammer","Lizard Tail"],"picked":"Orrery"}],"items_purged_floors":[27,31,46],"is_endless":false,"potions_floor_spawned":[1,4,11,16,19,24,25,35,44],"killed_by":"Time Eater","ascension_level":0}