{"gold_per_floor":[118,118,130,143,161,191,191,206,206,206],"floor_reached":10,"playtime":358,"items_purged":[],"score":140,"play_id":"1b464696-1b67-49d0-b2b9-3f514cd8dc04","local_time":"20190417133857","is_ascension_mode":true,"campfire_choices":[{"data":"Poisoned Stab","floor":7,"key":"SMITH"}],"neow_cost":"NONE","seed_source_timestamp":172732852995192,"circlet_count":0,"master_deck":["AscendersBane","Defend_G","Defend_G","Defend_G","Defend_G","Defend_G","Strike_G","Strike_G","Strike_G","Strike_G","Strike_G","Survivor","Neutralize","Flying Knee","Dagger Throw","PiercingWail","Poisoned Stab+1"],"relics":["Ring of the Snake","NlothsMask","Singing Bowl"],"potions_floor_usage":[6,10],"damage_taken":[{"damage":2,"enemies":"2 Louse","floor":1,"turns":4},{"damage":0,"enemies":"Cultist","floor":3,"turns":4},{"damage":4,"enemies":"Jaw Worm","floor":4,"turns":5},{"damage":5,"enemies":"Looter","floor":5,"turns":4},{"damage":20,"enemies":"3 Sentries","floor":6,"turns":10},{"damage":10,"enemies":"Exordium Thugs","floor":8,"turns":4},{"damage":40,"enemies":"Gremlin Nob","floor":10,"turns":4}],"seed_played":"-675484841742326599","potions_obtained":[{"floor":1,"key":"Fire Potion"},{"floor":8,"key":"Weak Potion"}],"is_trial":false,"path_per_floor":["M","?","M","M","M","E","R","M","T","E"],"character_chosen":"THE_SILENT","items_purchased":[],"campfire_rested":0,"item_purchase_floors":[],"current_hp_per_floor":[63,63,63,59,54,36,36,28,28,0],"gold":206,"neow_bonus":"TEN_PERCENT_HP_BONUS","is_prod":false,"is_daily":false,"chose_seed":false,"campfire_upgraded":1,"win_rate":0,"timestamp":1555501137,"path_taken":["M","?","M","M","?","E","R","M","T","E"],"build_version":"2019-01-23","purchased_purges":0,"victory":false,"max_hp_per_floor":[72,72,72,72,72,74,74,76,76,76],"card_choices":[{"not_picked":["Escape Plan","Infinite Blades"],"picked":"Flying Knee","floor":1},{"not_picked":["Outmaneuver","Dodge and Roll"],"picked":"Dagger Throw","floor":3},{"not_picked":["Caltrops","Sucker Punch"],"picked":"PiercingWail","floor":4},{"not_picked":["Night Terror","Bane"],"picked":"Poisoned Stab","floor":5},{"not_picked":["Backflip","Prepared","Underhanded Strike"],"picked":"Singing Bowl","floor":6},{"not_picked":["Accuracy","Eviscerate","Reflex"],"picked":"Singing Bowl","floor":8}],"player_experience":1440149,"relics_obtained":[{"floor":6,"key":"Singing Bowl"}],"event_choices":[{"damage_healed":0,"gold_gain":0,"player_choice":"Trade","damage_taken":0,"relics_obtained":["NlothsMask"],"max_hp_gain":0,"max_hp_loss":0,"event_name":"FaceTrader","floor":2,"gold_loss":0}],"is_beta":false,"boss_relics":[],"items_purged_floors":[],"is_endless":false,"potions_floor_spawned":[1,8],"killed_by":"Gremlin Nob","ascension_level":20}