{"gold_per_floor":[109,109,284,234,251,281,281,281,334,334,354,379,68,111,111,111],"floor_reached":16,"playtime":904,"items_purged":["Doubt"],"score":124,"play_id":"4e1e8f22-5ce0-4cac-a1dd-371e81686503","local_time":"20190216142452","is_ascension_mode":true,"campfire_choices":[{"floor":8,"key":"REST"},{"floor":15,"key":"REST"}],"neow_cost":"NONE","seed_source_timestamp":2810150234900900,"circlet_count":0,"master_deck":["Defend_G","Defend_G","Defend_G","Defend_G","Defend_G","Strike_G","Strike_G","Strike_G","Strike_G","Strike_G","Survivor","Neutralize","Footwork","Dodge and Roll","Dash","Wraith Form v2","Setup","Flying Knee","Accuracy","Tools of the Trade","Die Die Die","Cloak And Dagger"],"relics":["Runic Pyramid","Unceasing Top","Mummified Hand","Golden Idol","Tiny Chest","Smiling Mask"],"potions_floor_usage":[6,6,14],"damage_taken":[{"damage":6,"enemies":"2 Louse","floor":1,"turns":3},{"damage":0,"enemies":"Jaw Worm","floor":5,"turns":7},{"damage":35,"enemies":"Gremlin Nob","floor":6,"turns":7},{"damage":0,"enemies":"Small Slimes","floor":11,"turns":5},{"damage":13,"enemies":"3 Louse","floor":12,"turns":4},{"damage":31,"enemies":"3 Sentries","floor":14,"turns":16},{"damage":27,"enemies":"Slime Boss","floor":16,"turns":9}],"seed_played":"-4513684683353551192","potions_obtained":[{"floor":1,"key":"LiquidBronze"},{"floor":5,"key":"SpeedPotion"},{"floor":12,"key":"Block Potion"}],"is_trial":false,"path_per_floor":["M","?","?","?","M","E","?","R","T","?","M","M","$","E","R","B"],"character_chosen":"THE_SILENT","items_purchased":["Tools of the Trade","Die Die Die"],"campfire_rested":2,"item_purchase_floors":[13,13],"current_hp_per_floor":[64,64,64,64,64,29,29,48,48,48,48,35,35,4,23,0],"gold":111,"neow_bonus":"BOSS_RELIC","is_prod":false,"is_daily":false,"chose_seed":false,"campfire_upgraded":0,"win_rate":0,"timestamp":1550352292,"path_taken":["M","?","?","?","M","E","?","R","T","?","M","?","?","E","R","BOSS"],"build_version":"2019-02-06","purchased_purges":1,"victory":false,"max_hp_per_floor":[70,70,70,70,70,70,65,65,65,65,65,65,65,65,65,65],"card_choices":[{"not_picked":["Dodge and Roll","Reflex"],"picked":"Footwork","floor":1},{"not_picked":["Predator","Finisher"],"picked":"Dodge and Roll","floor":5},{"not_picked":["Sucker Punch","All Out Attack"],"picked":"Dash","floor":6},{"not_picked":["Dodge and Roll","Poisoned Stab"],"picked":"Flying Knee","floor":11},{"not_picked":["Dodge and Roll","Bane"],"picked":"Accuracy","floor":12},{"not_picked":["Backstab","Distraction"],"picked":"Cloak And Dagger","floor":14}],"player_experience":540707,"relics_obtained":[{"floor":6,"key":"Mummified Hand"},{"floor":9,"key":"Tiny Chest"},{"floor":14,"key":"Smiling Mask"}],"event_choices":[{"damage_healed":0,"gold_gain":0,"player_choice":"Box","damage_taken":0,"relics_obtained":["Unceasing Top"],"max_hp_gain":0,"max_hp_loss":0,"event_name":"Big Fish","floor":2,"gold_loss":0,"cards_obtained":["Regret"]},{"damage_healed":0,"gold_gain":175,"player_choice":"AGREE","damage_taken":0,"max_hp_gain":0,"max_hp_loss":0,"event_name":"Liars Game","floor":3,"gold_loss":0,"cards_obtained":["Doubt"]},{"cards_removed":["Regret"],"damage_healed":0,"gold_gain":0,"player_choice":"Card Removal","damage_taken":0,"max_hp_gain":0,"max_hp_loss":0,"event_name":"The Cleric","floor":4,"gold_loss":50},{"damage_healed":0,"gold_gain":0,"player_choice":"Lose Max HP","damage_taken":0,"relics_obtained":["Golden Idol"],"max_hp_gain":0,"max_hp_loss":5,"event_name":"Golden Idol","floor":7,"gold_loss":0},{"damage_healed":0,"gold_gain":0,"player_choice":"2 cards matched","damage_taken":0,"max_hp_gain":0,"max_hp_loss":0,"event_name":"Match and Keep!","floor":10,"gold_loss":0,"cards_obtained":["Wraith Form v2","Setup"]}],"is_beta":true,"boss_relics":[],"items_purged_floors":[13],"is_endless":false,"potions_floor_spawned":[1,5,12],"killed_by":"Slime Boss","ascension_level":3}