{"gold_per_floor":[119,130,130,80,80,80,109,12,12,12],"floor_reached":10,"playtime":344,"items_purged":[],"score":93,"play_id":"03a0924f-d8bb-4fe6-9a34-3fe3d2d27f5b","local_time":"20190310122317","is_ascension_mode":true,"campfire_choices":[{"data":"Electrodynamics","floor":6,"key":"SMITH"}],"neow_cost":"NONE","seed_source_timestamp":1074911539578000,"circlet_count":0,"master_deck":["Strike_B","Strike_B","Defend_B","Defend_B","Defend_B","Defend_B","Zap","Dualcast","Conserve Battery","Static Discharge","Electrodynamics+1","Conserve Battery","Coolheaded","Turbo"],"relics":["Nuclear Battery","Lantern","Dodecahedron","Letter Opener"],"potions_floor_usage":[7],"damage_taken":[{"damage":2,"enemies":"Jaw Worm","floor":1,"turns":4},{"damage":0,"enemies":"Small Slimes","floor":2,"turns":3},{"damage":8,"enemies":"Lagavulin","floor":7,"turns":5},{"damage":64,"enemies":"Gremlin Nob","floor":10,"turns":4}],"seed_played":"5565068098886600944","potions_obtained":[{"floor":2,"key":"Weak Potion"}],"is_trial":false,"path_per_floor":["M","M","?","?","?","R","E","$","T","E"],"character_chosen":"DEFECT","items_purchased":["Coolheaded","Turbo"],"campfire_rested":0,"item_purchase_floors":[8,8],"current_hp_per_floor":[66,66,66,66,54,54,46,46,46,0],"gold":12,"neow_bonus":"BOSS_RELIC","is_prod":false,"is_daily":false,"chose_seed":false,"campfire_upgraded":1,"win_rate":0,"timestamp":1552245797,"path_taken":["M","M","?","?","?","R","E","$","T","E"],"build_version":"2019-02-06","purchased_purges":0,"victory":false,"max_hp_per_floor":[75,75,75,75,75,75,75,75,75,75],"card_choices":[{"not_picked":["Leap","Rebound"],"picked":"Conserve Battery","floor":1},{"not_picked":["Darkness","Leap"],"picked":"Static Discharge","floor":2},{"not_picked":["Compile Driver","Redo"],"picked":"Conserve Battery","floor":7}],"player_experience":609525,"relics_obtained":[{"floor":7,"key":"Dodecahedron"},{"floor":9,"key":"Letter Opener"}],"event_choices":[{"damage_healed":0,"gold_gain":0,"cards_transformed":["Strike_B"],"player_choice":"Change","damage_taken":0,"max_hp_gain":0,"max_hp_loss":0,"event_name":"Living Wall","floor":3,"gold_loss":0,"cards_obtained":["Electrodynamics"]},{"cards_removed":["Strike_B"],"damage_healed":0,"gold_gain":0,"player_choice":"Card Removal","damage_taken":0,"max_hp_gain":0,"max_hp_loss":0,"event_name":"The Cleric","floor":4,"gold_loss":50},{"damage_healed":0,"gold_gain":0,"player_choice":"Success","damage_taken":12,"relics_obtained":["Lantern"],"max_hp_gain":0,"max_hp_loss":0,"event_name":"Scrap Ooze","floor":5,"gold_loss":0}],"is_beta":true,"boss_relics":[],"items_purged_floors":[],"is_endless":false,"potions_floor_spawned":[2],"killed_by":"Gremlin Nob","ascension_level":9}