{"gold_per_floor":[114,132,132,74,92,92,120,120,145,162,1,14,14],"floor_reached":13,"playtime":362,"items_purged":[],"score":170,"play_id":"713b0893-40b6-48cc-a9ad-964207abaa08","local_time":"20181231161054","is_ascension_mode":true,"campfire_choices":[{"data":"Redo","floor":6,"key":"SMITH"}],"neow_cost":"NONE","seed_source_timestamp":339870761133182,"circlet_count":0,"master_deck":["AscendersBane","Strike_B","Strike_B+1","Strike_B+1","Strike_B","Defend_B","Defend_B","Defend_B","Defend_B","Zap","Dualcast","Leap","Redo+1","Ball Lightning","Gash","Parasite","Loop","Ball Lightning","Chill","Leap"],"relics":["Nuclear Battery","Ancient Tea Set","Whetstone"],"potions_floor_usage":[7,13,13],"damage_taken":[{"damage":26,"enemies":"Jaw Worm","floor":1,"turns":6},{"damage":0,"enemies":"2 Louse","floor":2,"turns":4},{"damage":1,"enemies":"Small Slimes","floor":5,"turns":5},{"damage":30,"enemies":"3 Sentries","floor":7,"turns":8},{"damage":3,"enemies":"Exordium Thugs","floor":10,"turns":4},{"damage":11,"enemies":"Blue Slaver","floor":12,"turns":3},{"damage":21,"enemies":"Gremlin Nob","floor":13,"turns":4}],"seed_played":"-7294990736576136349","potions_obtained":[{"floor":1,"key":"Strength Potion"},{"floor":2,"key":"Poison Potion"},{"floor":5,"key":"Fire Potion"},{"floor":12,"key":"FearPotion"}],"is_trial":false,"path_per_floor":["M","M","?","?","M","R","E","?","T","M","$","M","E"],"character_chosen":"DEFECT","items_purchased":["Ball Lightning","Chill","PowerPotion"],"campfire_rested":0,"item_purchase_floors":[11,11,11],"current_hp_per_floor":[38,38,38,38,37,37,7,24,24,21,21,10,0],"gold":14,"neow_bonus":"BOSS_RELIC","is_prod":false,"is_daily":false,"chose_seed":false,"campfire_upgraded":1,"win_rate":0,"timestamp":1546269054,"path_taken":["M","M","?","?","M","R","E","?","T","M","$","?","E"],"build_version":"2018-12-20","purchased_purges":0,"victory":false,"max_hp_per_floor":[71,71,71,71,71,71,71,71,71,71,71,71,71],"card_choices":[{"not_picked":["Consume","Undo"],"picked":"Leap","floor":1},{"not_picked":["Undo","Genetic Algorithm"],"picked":"Redo","floor":2},{"not_picked":["Compile Driver","Skim"],"picked":"Ball Lightning","floor":5},{"not_picked":["Lockon","Cold Snap"],"picked":"Gash","floor":7},{"not_picked":["Redo","Stack"],"picked":"Loop","floor":10},{"not_picked":["Streamline","Scrape"],"picked":"Leap","floor":12}],"player_experience":1083557,"relics_obtained":[{"floor":7,"key":"Ancient Tea Set"},{"floor":9,"key":"Whetstone"}],"event_choices":[{"damage_healed":0,"gold_gain":0,"player_choice":"Ignored","damage_taken":0,"max_hp_gain":0,"max_hp_loss":0,"event_name":"Golden Wing","floor":3,"gold_loss":0},{"damage_healed":0,"gold_gain":0,"player_choice":"Left Gold","damage_taken":0,"max_hp_gain":0,"max_hp_loss":0,"event_name":"World of Goop","floor":4,"gold_loss":58},{"damage_healed":17,"gold_gain":0,"player_choice":"Healed and dodged fight","damage_taken":0,"max_hp_gain":0,"max_hp_loss":0,"event_name":"Mushrooms","floor":8,"gold_loss":0,"cards_obtained":["Parasite"]}],"is_beta":false,"boss_relics":[],"items_purged_floors":[],"is_endless":false,"potions_floor_spawned":[1,2,5,12],"killed_by":"Gremlin Nob","ascension_level":20}