{"gold_per_floor":[113,388,399,399,414,449,449,449,449,449,474,44,82,96,96,96],"floor_reached":16,"playtime":663,"items_purged":["Regret"],"score":145,"play_id":"9e6cf956-622c-4944-b1e6-42b00a385ec7","local_time":"20190426174011","is_ascension_mode":true,"campfire_choices":[{"data":"Neutralize","floor":10,"key":"SMITH"},{"floor":15,"key":"REST"}],"neow_cost":"NONE","seed_source_timestamp":4111697956712,"circlet_count":0,"master_deck":["Defend_G","Defend_G","Defend_G","Defend_G","Defend_G","Strike_G","Strike_G","Strike_G","Strike_G","Strike_G","Survivor","Neutralize","Blade Dance","Neutralize+1","PiercingWail","Dagger Spray","Deflect","Cloak And Dagger","Panache","Cold Snap"],"relics":["Ring of the Snake","NeowsBlessing","Paper Crane","Golden Idol","Letter Opener","Pocketwatch","PrismaticShard","Lantern","Odd Mushroom"],"potions_floor_usage":[6,16],"damage_taken":[{"damage":0,"enemies":"2 Louse","floor":1,"turns":1},{"damage":0,"enemies":"Cultist","floor":3,"turns":1},{"damage":0,"enemies":"Small Slimes","floor":5,"turns":1},{"damage":22,"enemies":"3 Sentries","floor":6,"turns":10},{"damage":5,"enemies":"Looter","floor":11,"turns":3},{"damage":20,"enemies":"The Mushroom Lair","floor":13,"turns":5},{"damage":0,"enemies":"Blue Slaver","floor":14,"turns":3},{"damage":36,"enemies":"Slime Boss","floor":16,"turns":9}],"seed_played":"-4701419258162404205","potions_obtained":[{"floor":5,"key":"EssenceOfSteel"},{"floor":13,"key":"Ancient Potion"}],"is_trial":false,"path_per_floor":["?","M","?","M","?","T","?"],"character_chosen":"THE_SILENT","items_purchased":["PrismaticShard","Lantern"],"campfire_rested":1,"item_purchase_floors":[12,12],"current_hp_per_floor":[63,63,63,63,63,41,41,41,41,41,36,36,16,16,35,0],"gold":96,"neow_bonus":"THREE_ENEMY_KILL","is_prod":false,"is_daily":false,"chose_seed":false,"campfire_upgraded":1,"win_rate":0,"timestamp":1556275211,"path_taken":["M","?","?","?","?","E","?","?","T","R","M","$","?","M","R","BOSS"],"build_version":"2019-01-23","purchased_purges":1,"victory":false,"max_hp_per_floor":[70,70,70,70,70,70,65,65,65,65,65,65,65,65,65,65],"card_choices":[{"not_picked":["Quick Slash","Deadly Poison"],"picked":"Blade Dance","floor":1},{"not_picked":["Venomology","Choke","Acrobatics"],"picked":"SKIP","floor":3},{"not_picked":["Masterful Stab","Outmaneuver"],"picked":"Dagger Spray","floor":5},{"not_picked":["Blade Dance","Acrobatics"],"picked":"Deflect","floor":6},{"not_picked":["Flying Knee","Eviscerate"],"picked":"Cloak And Dagger","floor":11},{"not_picked":["Leap","Blade Dance"],"picked":"Panache","floor":13},{"not_picked":["Calculated Gamble","Cleave"],"picked":"Cold Snap","floor":14}],"player_experience":306124,"relics_obtained":[{"floor":6,"key":"Paper Crane"},{"floor":8,"key":"Letter Opener"},{"floor":9,"key":"Pocketwatch"},{"floor":13,"key":"Odd Mushroom"}],"event_choices":[{"damage_healed":0,"gold_gain":275,"player_choice":"Desecrate","damage_taken":0,"max_hp_gain":0,"max_hp_loss":0,"event_name":"Golden Shrine","floor":2,"gold_loss":0,"cards_obtained":["Regret"]},{"damage_healed":0,"gold_gain":0,"player_choice":"2 cards matched","damage_taken":0,"max_hp_gain":0,"max_hp_loss":0,"event_name":"Match and Keep!","floor":4,"gold_loss":0,"cards_obtained":["Neutralize","PiercingWail"]},{"damage_healed":0,"gold_gain":0,"player_choice":"Lose Max HP","damage_taken":0,"relics_obtained":["Golden Idol"],"max_hp_gain":0,"max_hp_loss":5,"event_name":"Golden Idol","floor":7,"gold_loss":0},{"damage_healed":0,"gold_gain":0,"player_choice":"Fought Mushrooms","damage_taken":0,"max_hp_gain":0,"max_hp_loss":0,"event_name":"Mushrooms","floor":13,"gold_loss":0}],"is_beta":false,"boss_relics":[],"items_purged_floors":[12],"is_endless":false,"potions_floor_spawned":[5,13],"killed_by":"Slime Boss","ascension_level":9}