{"gold_per_floor":[109,121,46,65,82,82,100,126,126,126,140,140,154,173,173,247,247,257,277,277,277],"floor_reached":21,"playtime":760,"items_purged":["Strike_B"],"score":361,"play_id":"17b83277-8f76-4052-9920-700fdd2f728b","local_time":"20181217140418","is_ascension_mode":true,"campfire_choices":[{"data":"Darkness","floor":6,"key":"SMITH"},{"floor":10,"key":"REST"},{"data":"Darkness","floor":12,"key":"SMITH"},{"floor":15,"key":"REST"}],"neow_cost":"NONE","seed_source_timestamp":13166654647380,"circlet_count":0,"master_deck":["AscendersBane","Strike_B","Strike_B","Strike_B","Defend_B","Defend_B","Defend_B","Defend_B","Zap+1","Dualcast","Darkness+1","Darkness+1","Sweeping Beam","Leap","Go for the Eyes","Auto Shields","Go for the Eyes","Ball Lightning","FTL","Multi-Cast","Defragment","Writhe"],"relics":["Cracked Core","Happy Flower","Turnip","Sozu","WingedGreaves"],"potions_floor_usage":[5,8,16],"damage_taken":[{"damage":1,"enemies":"Small Slimes","floor":1,"turns":4},{"damage":8,"enemies":"2 Louse","floor":2,"turns":3},{"damage":6,"enemies":"Cultist","floor":4,"turns":3},{"damage":9,"enemies":"3 Louse","floor":5,"turns":3},{"damage":0,"enemies":"Red Slaver","floor":7,"turns":2},{"damage":32,"enemies":"Gremlin Nob","floor":8,"turns":4},{"damage":3,"enemies":"Blue Slaver","floor":11,"turns":5},{"damage":12,"enemies":"Exordium Wildlife","floor":13,"turns":5},{"damage":2,"enemies":"2 Fungi Beasts","floor":14,"turns":3},{"damage":23,"enemies":"Slime Boss","floor":16,"turns":9},{"damage":12,"enemies":"Spheric Guardian","floor":18,"turns":4},{"damage":22,"enemies":"2 Thieves","floor":19,"turns":4},{"damage":31,"enemies":"Masked Bandits","floor":21,"turns":3}],"seed_played":"4933830725721250138","potions_obtained":[{"floor":1,"key":"Block Potion"},{"floor":5,"key":"GamblersBrew"},{"floor":13,"key":"Regen Potion"}],"is_trial":false,"path_per_floor":["M","M","$","M","M","R","M","E","T","R","M","R","M","M","R","B",null,"M","M","?","?"],"character_chosen":"DEFECT","items_purchased":[],"campfire_rested":2,"item_purchase_floors":[],"current_hp_per_floor":[63,55,55,49,40,40,40,8,8,29,26,26,14,12,33,25,60,48,26,26,0],"gold":277,"neow_bonus":"UPGRADE_CARD","is_prod":false,"is_daily":false,"chose_seed":false,"campfire_upgraded":2,"win_rate":0,"timestamp":1545051858,"path_taken":["M","M","$","M","M","R","M","E","T","R","M","R","M","M","R","BOSS","M","M","?","?"],"build_version":"2018-12-13","purchased_purges":1,"victory":false,"max_hp_per_floor":[71,71,71,71,71,71,71,71,71,71,71,71,71,71,71,71,71,71,71,71,71],"card_choices":[{"not_picked":["BootSequence","Beam Cell"],"picked":"Darkness","floor":1},{"not_picked":["Melter","Streamline"],"picked":"Darkness","floor":2},{"not_picked":["Compile Driver","Storm"],"picked":"Sweeping Beam","floor":4},{"not_picked":["Streamline","Turbo"],"picked":"Leap","floor":5},{"not_picked":["Melter","Capacitor"],"picked":"Go for the Eyes","floor":7},{"not_picked":["Reprogram","Rainbow"],"picked":"Auto Shields","floor":8},{"not_picked":["Cold Snap","Compile Driver"],"picked":"Go for the Eyes","floor":11},{"not_picked":["Streamline","Compile Driver"],"picked":"Ball Lightning","floor":13},{"not_picked":["Force Field","Compile Driver"],"picked":"FTL","floor":14},{"not_picked":["Thunder Strike","Echo Form"],"picked":"Multi-Cast","floor":16},{"not_picked":["Cold Snap","Auto Shields","Capacitor"],"picked":"SKIP","floor":18},{"not_picked":["Redo","Genetic Algorithm"],"picked":"Defragment","floor":19}],"player_experience":984408,"relics_obtained":[{"floor":8,"key":"Happy Flower"},{"floor":9,"key":"Turnip"}],"event_choices":[{"damage_healed":0,"gold_gain":0,"player_choice":"Opened","damage_taken":0,"relics_obtained":["WingedGreaves"],"max_hp_gain":0,"max_hp_loss":0,"event_name":"The Mausoleum","floor":20,"gold_loss":0,"cards_obtained":["Writhe"]},{"damage_healed":0,"gold_gain":0,"player_choice":"Fought Bandits","damage_taken":0,"max_hp_gain":0,"max_hp_loss":0,"event_name":"Masked Bandits","floor":21,"gold_loss":0}],"is_beta":false,"boss_relics":[{"not_picked":["Inserter","Runic Pyramid"],"picked":"Sozu"}],"items_purged_floors":[3],"is_endless":false,"potions_floor_spawned":[1,5,13,19],"killed_by":"Masked Bandits","ascension_level":19}