{"gold_per_floor":[118,118,131,142,142,175,185,185],"floor_reached":8,"playtime":380,"items_purged":[],"score":81,"play_id":"ead3293d-61d8-4c87-b9d9-ac59ebec99e6","local_time":"20190415020004","is_ascension_mode":true,"campfire_choices":[],"neow_cost":"NONE","seed_source_timestamp":306619838825921,"circlet_count":0,"master_deck":["Strike_R","Strike_R","Strike_R","Strike_R","Strike_R","Defend_R","Defend_R","Defend_R","Defend_R","Bash","Shrug It Off","Rampage","Corruption","PanicButton","Inflame","Disarm"],"relics":["Burning Blood","NeowsBlessing","Boot","Bag of Marbles"],"potions_floor_usage":[6],"damage_taken":[{"damage":0,"enemies":"Small Slimes","floor":1,"turns":1},{"damage":0,"enemies":"Cultist","floor":3,"turns":1},{"damage":0,"enemies":"Jaw Worm","floor":4,"turns":1},{"damage":33,"enemies":"Lagavulin","floor":6,"turns":7},{"damage":13,"enemies":"Gremlin Gang","floor":7,"turns":7},{"damage":46,"enemies":"Gremlin Nob","floor":8,"turns":5}],"seed_played":"8360670401687912517","potions_obtained":[{"floor":1,"key":"PowerPotion"},{"floor":3,"key":"Block Potion"},{"floor":7,"key":"SpeedPotion"}],"is_trial":false,"path_per_floor":["?","M","?"],"character_chosen":"IRONCLAD","items_purchased":[],"campfire_rested":0,"item_purchase_floors":[],"current_hp_per_floor":[78,78,80,80,80,53,46,0],"gold":185,"neow_bonus":"THREE_ENEMY_KILL","is_prod":false,"is_daily":false,"chose_seed":false,"campfire_upgraded":0,"win_rate":0,"timestamp":1555268404,"path_taken":["M","?","?","M","?","E","M","E"],"build_version":"2019-01-23","purchased_purges":0,"victory":false,"max_hp_per_floor":[80,80,80,80,80,80,80,80],"card_choices":[{"not_picked":["Disarm","Sword Boomerang"],"picked":"Shrug It Off","floor":1},{"not_picked":["Sword Boomerang","Clothesline"],"picked":"Rampage","floor":3},{"not_picked":["Iron Wave","Thunderclap"],"picked":"Corruption","floor":4},{"not_picked":["Dual Wield","Pommel Strike"],"picked":"Disarm","floor":6},{"not_picked":["Cleave","Warcry","Reckless Charge"],"picked":"SKIP","floor":7}],"player_experience":217401,"relics_obtained":[{"floor":2,"key":"Boot"},{"floor":6,"key":"Bag of Marbles"}],"event_choices":[{"damage_healed":0,"gold_gain":0,"player_choice":"Relic","damage_taken":0,"max_hp_gain":0,"max_hp_loss":0,"event_name":"Wheel of Change","floor":2,"gold_loss":0},{"damage_healed":0,"gold_gain":0,"player_choice":"2 cards matched","damage_taken":0,"max_hp_gain":0,"max_hp_loss":0,"event_name":"Match and Keep!","floor":5,"gold_loss":0,"cards_obtained":["PanicButton","Inflame"]}],"is_beta":false,"boss_relics":[],"items_purged_floors":[],"is_endless":false,"potions_floor_spawned":[1,3,7],"killed_by":"Gremlin Nob","ascension_level":8}