{"path_per_floor":["M","$","M","?","M","R","E","?","T","E","M","R","$","?","R","B",null,"M","?","M","M"],"character_chosen":"IRONCLAD","items_purchased":["Bronze Scales","Warcry"],"gold_per_floor":[111,36,51,51,68,68,97,97,97,129,139,139,7,107,107,205,205,223,148,165,180,180],"floor_reached":22,"campfire_rested":0,"playtime":1682,"current_hp_per_floor":[80,80,80,80,80,80,75,75,75,50,49,49,49,49,49,76,80,78,78,76,12,0],"items_purged":["Strike_R"],"gold":180,"score":244,"play_id":"e8c98552-0f3f-42e4-af89-2b7015ed06a4","local_time":"20180510234404","is_prod":false,"is_daily":false,"chose_seed":false,"is_ascension_mode":false,"campfire_upgraded":3,"timestamp":1526021044,"path_taken":["M","$","?","?","M","R","E","?","T","E","M","R","$","?","R","BOSS","M","?","M","M","?"],"build_version":"2018-05-10","seed_source_timestamp":1313805758191292,"purchased_purges":1,"victory":false,"master_deck":["Strike_R","Strike_R","Strike_R","Defend_R","Defend_R","Defend_R","Bash+1","Headbutt","Headbutt","Bloodletting+1","Fire Breathing+1","Offering","Fiend Fire","Flex+1","Warcry","Reaper","Pummel","Thunderclap+1"],"max_hp_per_floor":[80,80,80,80,80,80,80,80,80,80,80,80,80,80,80,80,80,80,80,80,80,80],"relics":["Burning Blood","Oddly Smooth Stone","Pantograph","The Courier","Regal Pillow","Bronze Scales","Runic Cube"],"card_choices":[{"not_picked":["Blood for Blood","Searing Blow"],"picked":"Headbutt","floor":1},{"not_picked":["Havoc","Twin Strike"],"picked":"Headbutt","floor":3},{"not_picked":["Perfected Strike","Clash"],"picked":"Bloodletting","floor":5},{"not_picked":["Dark Embrace","Carnage"],"picked":"Fire Breathing","floor":7},{"not_picked":["Ghostly Armor","Sword Boomerang"],"picked":"Fiend Fire","floor":10},{"not_picked":["Rampage","Havoc"],"picked":"Flex","floor":11},{"not_picked":["Limit Break","Fiend Fire"],"picked":"Reaper","floor":16},{"not_picked":["Warcry","Pommel Strike"],"picked":"Pummel","floor":18},{"not_picked":["Armaments","Impervious"],"picked":"Thunderclap","floor":21}],"player_experience":403174,"potions_floor_usage":[7,16,20,21,22],"damage_taken":[{"damage":0,"enemies":"Cultist","floor":1,"turns":3},{"damage":0,"enemies":"Jaw Worm","floor":3,"turns":4},{"damage":0,"enemies":"2 Louse","floor":5,"turns":3},{"damage":26,"enemies":"3 Sentries","floor":7,"turns":9},{"damage":31,"enemies":"Lagavulin","floor":10,"turns":4},{"damage":7,"enemies":"Exordium Thugs","floor":11,"turns":4},{"damage":4,"enemies":"Slime Boss","floor":16,"turns":6},{"damage":8,"enemies":"Spheric Guardian","floor":18,"turns":3},{"damage":17,"enemies":"2 Thieves","floor":20,"turns":2},{"damage":77,"enemies":"Cultist and Chosen","floor":21,"turns":9},{"damage":19,"enemies":"Masked Bandits","floor":22,"turns":2}],"event_choices":[{"event_name":"Accursed Blacksmith","player_choice":"Forge","floor":4,"damage_taken":0},{"event_name":"Living Wall","player_choice":"Change","floor":8,"damage_taken":0},{"event_name":"Wheel of Change","player_choice":"Gold","floor":14,"damage_taken":0},{"event_name":"Beggar","player_choice":"Gave Gold","floor":19,"damage_taken":0},{"event_name":"Masked Bandits","player_choice":"Fought over 180 gold","floor":22,"damage_taken":0}],"boss_relics":[{"not_picked":["Philosopher\u0027s Stone","Eternal Feather"],"picked":"Runic Cube"}],"potions_floor_spawned":[1,10,11,16,21],"seed_played":"4769883237574000079","killed_by":"Masked Bandits","ascension_level":0,"is_trial":false}