{"gold_per_floor":[119,39,39,52,65,127,127,138,138,88,88,118,118,43,43,169,169,189,189,54,153,184,225,225,269,269,269,285,285,300,323,323,443,443,468,1,19,444,457,457,471,486,486,517,529,579,591,11,11,11],"floor_reached":51,"playtime":3431,"items_purged":["Strike_B","Strike_B"],"score":1139,"play_id":"984e5fa4-871e-4105-a6bd-1f6b2c9efb82","local_time":"20190411184641","is_ascension_mode":true,"campfire_choices":[{"data":"Sunder","floor":7,"key":"SMITH"},{"data":"Defragment","floor":11,"key":"SMITH"},{"data":"Zap","floor":15,"key":"SMITH"},{"floor":24,"key":"REST"},{"floor":27,"key":"REST"},{"floor":29,"key":"REST"},{"data":"Echo Form","floor":32,"key":"SMITH"},{"data":"Electrodynamics","floor":40,"key":"SMITH"},{"floor":49,"key":"REST"}],"neow_cost":"NONE","seed_source_timestamp":9651993998388,"circlet_count":0,"master_deck":["Defend_B","Defend_B","Defend_B","Defend_B","Zap+1","Dualcast","Sunder+1","Glacier","Defragment+1","Conserve Battery","Doom and Gloom","Echo Form+1","Compile Driver","Undo","White Noise+1","Coolheaded+1","Undo+1","Skim","Sweeping Beam","Electrodynamics+1","Steam+1","Cold Snap","Coolheaded+1","Hologram","Apotheosis","Ball Lightning"],"relics":["Cracked Core","NeowsBlessing","Tiny Chest","Gremlin Horn","Mango","Golden Idol","White Beast Statue","Red Mask","Smiling Mask","Darkstone Periapt","DataDisk","Sozu","Happy Flower","Incense Burner","Old Coin","Symbiotic Virus","MawBank","Potion Belt","ClockworkSouvenir","Pen Nib"],"potions_floor_usage":[18,22,23,23,25,25,30,44,50],"damage_taken":[{"damage":0,"enemies":"Small Slimes","floor":1,"turns":1},{"damage":0,"enemies":"Cultist","floor":4,"turns":1},{"damage":0,"enemies":"2 Louse","floor":5,"turns":1},{"damage":18,"enemies":"3 Sentries","floor":6,"turns":8},{"damage":0,"enemies":"Looter","floor":8,"turns":3},{"damage":0,"enemies":"Lagavulin","floor":12,"turns":6},{"damage":21,"enemies":"Hexaghost","floor":16,"turns":13},{"damage":10,"enemies":"2 Thieves","floor":18,"turns":3},{"damage":30,"enemies":"Masked Bandits","floor":22,"turns":4},{"damage":0,"enemies":"Gremlin Leader","floor":23,"turns":7},{"damage":44,"enemies":"Slavers","floor":25,"turns":11},{"damage":11,"enemies":"3 Byrds","floor":28,"turns":6},{"damage":7,"enemies":"Snecko","floor":30,"turns":5},{"damage":0,"enemies":"Cultist and Chosen","floor":31,"turns":10},{"damage":9,"enemies":"Champ","floor":33,"turns":12},{"damage":1,"enemies":"3 Shapes","floor":35,"turns":3},{"damage":3,"enemies":"3 Darklings","floor":37,"turns":4},{"damage":0,"enemies":"Mind Bloom Boss Battle","floor":38,"turns":5},{"damage":0,"enemies":"Sphere and 2 Shapes","floor":39,"turns":3},{"damage":20,"enemies":"Transient","floor":41,"turns":5},{"damage":0,"enemies":"4 Shapes","floor":42,"turns":5},{"damage":20,"enemies":"Giant Head","floor":44,"turns":15},{"damage":20,"enemies":"Nemesis","floor":46,"turns":9},{"damage":49,"enemies":"Time Eater","floor":50,"turns":14}],"seed_played":"-2071764167033034981","potions_obtained":[{"floor":4,"key":"FocusPotion"},{"floor":6,"key":"Block Potion"},{"floor":8,"key":"PowerPotion"},{"floor":18,"key":"SpeedPotion"},{"floor":22,"key":"SpeedPotion"},{"floor":23,"key":"SkillPotion"},{"floor":25,"key":"Block Potion"},{"floor":28,"key":"Regen Potion"},{"floor":30,"key":"SpeedPotion"},{"floor":31,"key":"SteroidPotion"},{"floor":33,"key":"FocusPotion"}],"is_trial":false,"path_per_floor":["M","$","?","M","M","E","R","M","T","?","R","E","?","$","R","B",null,"M","?","$","?","?","E","R","E","T","R","M","R","M","M","R","B",null,"M","$","M","?","M","R","M","M","T","E","?","E","?","$","R","B",null],"character_chosen":"DEFECT","items_purchased":["Sunder","Undo","Cold Snap","Happy Flower","Incense Burner","Apotheosis","Ball Lightning","ClockworkSouvenir","Pen Nib"],"campfire_rested":4,"item_purchase_floors":[2,20,36,36,36,48,48,48,48],"current_hp_per_floor":[68,68,68,68,68,50,50,50,50,50,50,64,42,42,42,21,72,62,62,62,62,32,32,58,14,14,40,29,55,48,48,48,39,77,76,76,73,73,73,73,53,53,53,33,33,13,13,13,39,5],"gold":11,"neow_bonus":"THREE_ENEMY_KILL","is_prod":false,"is_daily":false,"chose_seed":false,"campfire_upgraded":5,"win_rate":0,"timestamp":1555019201,"path_taken":["M","$","?","?","M","E","R","M","T","?","R","E","?","?","R","BOSS","M","?","$","?","?","E","R","E","T","R","M","R","?","M","R","BOSS","M","$","M","?","M","R","M","M","T","E","?","E","?","$","R","BOSS"],"build_version":"2019-01-23","purchased_purges":2,"victory":true,"max_hp_per_floor":[75,75,75,75,75,75,75,75,75,75,75,89,89,89,89,89,89,89,89,89,89,89,89,89,89,89,89,89,89,89,89,89,89,89,89,89,89,89,89,89,89,89,89,89,89,89,89,89,89,89],"card_choices":[{"not_picked":["Redo","Turbo","Chaos"],"picked":"SKIP","floor":1},{"not_picked":["Lockon","Rebound"],"picked":"Glacier","floor":4},{"not_picked":["Barrage","Hello World"],"picked":"Defragment","floor":5},{"not_picked":["Rebound","Redo","Melter"],"picked":"SKIP","floor":6},{"not_picked":["Lockon","Gash"],"picked":"Conserve Battery","floor":8},{"not_picked":["Darkness","Recycle"],"picked":"Doom and Gloom","floor":12},{"not_picked":["Rainbow","Electrodynamics"],"picked":"Echo Form","floor":16},{"not_picked":["Rebound","Self Repair"],"picked":"Compile Driver","floor":18},{"not_picked":["Conserve Battery","Compile Driver"],"picked":"White Noise+1","floor":22},{"not_picked":["Steam+1","Scrape"],"picked":"Coolheaded+1","floor":23},{"not_picked":["Beam Cell+1","Echo Form"],"picked":"Undo+1","floor":25},{"not_picked":["Reprogram","Conserve Battery"],"picked":"Skim","floor":28},{"not_picked":["Leap+1","Undo"],"picked":"Sweeping Beam","floor":30},{"not_picked":["Double Energy","Streamline","Rebound"],"picked":"SKIP","floor":31},{"not_picked":["Echo Form","All For One"],"picked":"Electrodynamics","floor":33},{"not_picked":["Gash+1","Beam Cell+1"],"picked":"Steam+1","floor":35},{"not_picked":["Stack","Go for the Eyes"],"picked":"Coolheaded+1","floor":37},{"not_picked":["Beam Cell","Rip and Tear+1"],"picked":"Coolheaded+1","floor":39},{"not_picked":["Stack+1","Turbo","All For One"],"picked":"SKIP","floor":41},{"not_picked":["Hologram","Compile Driver","Loop"],"picked":"SKIP","floor":42},{"not_picked":["Lockon","Redo","Rip and Tear+1"],"picked":"SKIP","floor":44},{"not_picked":["Coolheaded+1","FTL"],"picked":"Hologram","floor":46}],"player_experience":606723,"relics_obtained":[{"floor":6,"key":"Tiny Chest"},{"floor":9,"key":"Gremlin Horn"},{"floor":12,"key":"Mango"},{"floor":22,"key":"Red Mask"},{"floor":23,"key":"Smiling Mask"},{"floor":25,"key":"Darkstone Periapt"},{"floor":26,"key":"DataDisk"},{"floor":38,"key":"Old Coin"},{"floor":43,"key":"Symbiotic Virus"},{"floor":44,"key":"MawBank"},{"floor":46,"key":"Potion Belt"}],"event_choices":[{"cards_removed":["Strike_B"],"damage_healed":0,"gold_gain":0,"player_choice":"Purged","damage_taken":0,"max_hp_gain":0,"max_hp_loss":0,"event_name":"Purifier","floor":3,"gold_loss":0},{"cards_removed":["Strike_B"],"damage_healed":0,"gold_gain":0,"player_choice":"Card Removal","damage_taken":0,"max_hp_gain":0,"max_hp_loss":0,"event_name":"The Cleric","floor":10,"gold_loss":50},{"damage_healed":0,"gold_gain":0,"player_choice":"Take Damage","damage_taken":22,"relics_obtained":["Golden Idol"],"max_hp_gain":0,"max_hp_loss":0,"event_name":"Golden Idol","floor":13,"gold_loss":0},{"damage_healed":0,"gold_gain":0,"player_choice":"Ignored","damage_taken":0,"max_hp_gain":0,"max_hp_loss":0,"event_name":"Vampires","floor":19,"gold_loss":0},{"damage_healed":0,"gold_gain":99,"player_choice":"Stole From Cult","damage_taken":0,"max_hp_gain":0,"max_hp_loss":0,"event_name":"Nest","floor":21,"gold_loss":0},{"damage_healed":0,"gold_gain":0,"player_choice":"Fought Bandits","damage_taken":0,"max_hp_gain":0,"max_hp_loss":0,"event_name":"Masked Bandits","floor":22,"gold_loss":0},{"damage_healed":0,"gold_gain":0,"player_choice":"Fight","damage_taken":0,"max_hp_gain":0,"max_hp_loss":0,"event_name":"MindBloom","floor":38,"gold_loss":0},{"damage_healed":0,"gold_gain":0,"player_choice":"Memory 1","damage_taken":0,"max_hp_gain":0,"max_hp_loss":0,"event_name":"SensoryStone","floor":45,"gold_loss":0},{"cards_removed":["Coolheaded"],"damage_healed":0,"gold_gain":0,"player_choice":"Removed Skill","damage_taken":0,"max_hp_gain":0,"max_hp_loss":0,"event_name":"Falling","floor":47,"gold_loss":0}],"is_beta":false,"boss_relics":[{"not_picked":["Coffee Dripper","Calling Bell"],"picked":"White Beast Statue"},{"not_picked":["Inserter","FrozenCore"],"picked":"Sozu"}],"items_purged_floors":[14,20],"is_endless":false,"potions_floor_spawned":[4,6,8,18,22,23,25,28,30,31,33,35,37,38,39,41,42,44,46],"ascension_level":9}