{"gold_per_floor":[210,230,77,87,87,115,126,126,126,141,170,170,227,239,239,334,334,348,348,358,283,8,40,40,54,54,74,106,106,106,38,38,133,133,151,163,176,24,24,24,53,53,134,134,153,173,200,51,51,51],"floor_reached":51,"playtime":2539,"items_purged":["Defend_B"],"score":980,"play_id":"fc6bc77c-7318-4640-9d65-f804d2fec231","local_time":"20180717175821","is_ascension_mode":false,"campfire_choices":[{"floor":12,"key":"REST"},{"floor":15,"key":"REST"},{"data":"Zap","floor":24,"key":"SMITH"},{"floor":29,"key":"REST"},{"data":"White Noise","floor":32,"key":"SMITH"},{"data":"Loop","floor":40,"key":"SMITH"},{"data":"Beam Cell","floor":42,"key":"SMITH"},{"floor":49,"key":"REST"}],"neow_cost":"NONE","seed_source_timestamp":88216113570132,"circlet_count":0,"master_deck":["Strike_B","Defend_B","Defend_B","Zap+1","Dualcast","Turbo","Electrodynamics+1","Loop+1","Steam","Storm+1","Static Discharge+1","Auto Shields","Ball Lightning","Defragment+1","Echo Form+1","Capacitor+1","Chaos","Auto Shields","Glacier","White Noise+1","Static Discharge+1","Turbo","Buffer+1","Steam+1","Ball Lightning+1","Redo+1","Chill+1","Self Repair+1","Electrodynamics+1","Sweeping Beam+1","All For One+1","Streamline+1","Beam Cell+1","Conserve Battery+1","Machine Learning+1","Ball Lightning+1","Creative AI+1","Leap+1","Defragment+1"],"special_seed":17729,"relics":["Cracked Core","Dream Catcher","Frozen Egg 2","Blood Vial","Cables","Shuriken","Oddly Smooth Stone","Orrery","Toolbox","Pen Nib","Matryoshka","Nloth\u0027s Gift","Astrolabe","Bag of Marbles","Orichalcum","Happy Flower","Letter Opener","Sundial","Strawberry","Anchor"],"potions_floor_usage":[11,11,11,13,16,16,33,33,41,44,47,50],"damage_taken":[{"damage":1,"enemies":"Jaw Worm","floor":1,"turns":5},{"damage":2,"enemies":"2 Louse","floor":2,"turns":3},{"damage":1,"enemies":"Cultist","floor":4,"turns":3},{"damage":9,"enemies":"3 Sentries","floor":6,"turns":2},{"damage":8,"enemies":"Gremlin Gang","floor":7,"turns":4},{"damage":8,"enemies":"Blue Slaver","floor":10,"turns":3},{"damage":17,"enemies":"Gremlin Nob","floor":11,"turns":3},{"damage":1,"enemies":"3 Sentries","floor":13,"turns":3},{"damage":0,"enemies":"Large Slime","floor":14,"turns":3},{"damage":14,"enemies":"The Guardian","floor":16,"turns":6},{"damage":0,"enemies":"Chosen","floor":18,"turns":4},{"damage":4,"enemies":"Spheric Guardian","floor":20,"turns":3},{"damage":6,"enemies":"Gremlin Leader","floor":23,"turns":5},{"damage":0,"enemies":"Snecko","floor":25,"turns":4},{"damage":13,"enemies":"Chosen and Byrds","floor":27,"turns":3},{"damage":33,"enemies":"Book of Stabbing","floor":28,"turns":4},{"damage":14,"enemies":"Collector","floor":33,"turns":9},{"damage":7,"enemies":"3 Shapes","floor":35,"turns":2},{"damage":15,"enemies":"Flame Bruiser 1 Orb","floor":36,"turns":4},{"damage":0,"enemies":"Transient","floor":37,"turns":5},{"damage":12,"enemies":"Nemesis","floor":41,"turns":7},{"damage":18,"floor":44,"turns":6},{"damage":6,"enemies":"Spire Growth","floor":45,"turns":4},{"damage":32,"enemies":"Sphere and 2 Shapes","floor":46,"turns":4},{"damage":12,"enemies":"Giant Head","floor":47,"turns":7},{"damage":37,"enemies":"Time Eater","floor":50,"turns":7}],"seed_played":"-6709258171721631228","potions_obtained":[{"floor":4,"key":"AttackPotion"},{"floor":6,"key":"SkillPotion"},{"floor":7,"key":"Explosive Potion"},{"floor":11,"key":"SkillPotion"},{"floor":13,"key":"PowerPotion"},{"floor":14,"key":"PowerPotion"},{"floor":20,"key":"SpeedPotion"},{"floor":25,"key":"FearPotion"},{"floor":35,"key":"Block Potion"},{"floor":36,"key":"Block Potion"},{"floor":44,"key":"Poison Potion"},{"floor":47,"key":"FearPotion"}],"is_trial":false,"path_per_floor":["M","M","$","M","?","E","M","$","T","M","E","R","?","M","R","B",null,"M","?","M","?","$","E","R","M","T","M","E","R","?","$","R","B",null,"M","M","M","$","?","R","E","R","T","?","M","M","E","$","R","B"],"character_chosen":"DEFECT","items_purchased":["Dream Catcher","Toolbox","Self Repair+1","Bag of Marbles","Anchor"],"campfire_rested":4,"item_purchase_floors":[3,22,31,38,48],"current_hp_per_floor":[74,72,72,71,71,62,56,56,56,50,35,57,58,60,75,61,75,75,75,71,71,71,67,67,69,69,58,27,49,49,49,49,47,75,68,75,75,75,75,75,75,75,75,67,63,43,50,50,74,39],"gold":51,"neow_bonus":"HUNDRED_GOLD","is_prod":false,"is_daily":false,"chose_seed":false,"campfire_upgraded":4,"win_rate":0,"timestamp":1531843101,"path_taken":["M","M","$","M","?","E","M","$","T","M","E","R","?","M","R","BOSS","M","?","?","?","$","E","R","M","T","?","E","R","?","$","R","BOSS","M","?","M","$","?","R","E","R","T","?","M","M","E","$","R","BOSS"],"build_version":"2018-07-12","purchased_purges":1,"victory":true,"max_hp_per_floor":[75,75,75,75,75,75,75,75,75,75,75,75,75,75,75,75,75,75,75,75,75,75,75,75,75,75,75,75,75,75,75,75,75,75,75,75,75,75,75,75,75,75,75,75,75,75,82,82,82,82],"card_choices":[{"not_picked":["Sweeping Beam","Barrage"],"picked":"Turbo","floor":1},{"not_picked":["Recycle","Barrage"],"picked":"Electrodynamics","floor":2},{"not_picked":["Compile Driver","Blizzard"],"picked":"Loop","floor":4},{"not_picked":["Barrage","Streamline"],"picked":"Steam","floor":6},{"not_picked":["Redo","Hologram"],"picked":"Storm+1","floor":7},{"not_picked":["Streamline","Fusion","Aggregate"],"picked":"SKIP","floor":10},{"not_picked":["Storm+1","Glacier"],"picked":"Static Discharge+1","floor":11},{"not_picked":["Genetic Algorithm","White Noise"],"picked":"Auto Shields","floor":12},{"not_picked":["Conserve Battery","Blizzard"],"picked":"Ball Lightning","floor":13},{"not_picked":["Hologram","Machine Learning+1"],"picked":"Defragment+1","floor":14},{"not_picked":["Machine Learning+1","Thunder Strike"],"picked":"Echo Form+1","floor":16},{"not_picked":["Stack","Hologram"],"picked":"Capacitor+1","floor":17},{"not_picked":["Turbo","Gash"],"picked":"Chaos","floor":17},{"not_picked":["Conserve Battery","Rebound"],"picked":"Auto Shields","floor":17},{"not_picked":["Stack","All For One"],"picked":"Glacier","floor":17},{"not_picked":["Force Field","Glacier"],"picked":"White Noise","floor":17},{"not_picked":["Turbo","Gash"],"picked":"Static Discharge+1","floor":18},{"not_picked":["Ball Lightning","Blizzard"],"picked":"Turbo","floor":20},{"not_picked":["Beam Cell","Hologram"],"picked":"Buffer+1","floor":23},{"not_picked":["Capacitor+1","Redo+1"],"picked":"Steam+1","floor":25},{"not_picked":["Streamline","Reprogram+1"],"picked":"Ball Lightning+1","floor":27},{"not_picked":["FTL","Multi-Cast"],"picked":"Redo","floor":28},{"not_picked":["Capacitor+1","Cold Snap"],"picked":"Chill+1","floor":29},{"not_picked":["Machine Learning+1","Biased Cognition+1"],"picked":"Electrodynamics+1","floor":33},{"not_picked":["Skim+1","Conserve Battery","Melter+1"],"picked":"SKIP","floor":35},{"not_picked":["Gash","Fusion+1","Double Energy"],"picked":"SKIP","floor":36},{"not_picked":["Compile Driver","FTL","Turbo"],"picked":"SKIP","floor":37},{"not_picked":["Turbo","Rebound+1"],"picked":"Conserve Battery+1","floor":41},{"not_picked":["Gash","Doom and Gloom"],"picked":"Machine Learning+1","floor":44},{"not_picked":["Beam Cell+1","Chaos+1"],"picked":"Ball Lightning+1","floor":45},{"not_picked":["Coolheaded","Barrage"],"picked":"Creative AI+1","floor":46},{"not_picked":["Doom and Gloom+1","Compile Driver+1"],"picked":"Leap+1","floor":47},{"not_picked":["Conserve Battery+1","Skim+1"],"picked":"Defragment+1","floor":49}],"player_experience":123132,"relics_obtained":[{"floor":6,"key":"Blood Vial"},{"floor":9,"key":"Cables"},{"floor":11,"key":"Shuriken"},{"floor":23,"key":"Pen Nib"},{"floor":26,"key":"Matryoshka"},{"floor":28,"key":"Toxic Egg 2"},{"floor":41,"key":"Orichalcum"},{"floor":43,"key":"Happy Flower"},{"floor":43,"key":"Letter Opener"},{"floor":44,"key":"Sundial"},{"floor":47,"key":"Strawberry"}],"event_choices":[{"event_name":"Big Fish","player_choice":"Box","floor":5,"damage_taken":0},{"event_name":"Dead Adventurer","player_choice":"Searched \u00272\u0027 times","floor":13,"damage_taken":0},{"event_name":"Accursed Blacksmith","player_choice":"Forge","floor":19,"damage_taken":0},{"event_name":"Beggar","player_choice":"Gave Gold","floor":21,"damage_taken":0},{"event_name":"N\u0027loth","player_choice":"Traded a Toxic Egg 2","floor":30,"damage_taken":0},{"event_name":"Transmorgrifier","player_choice":"Transform","floor":39,"damage_taken":0},{"event_name":"MindBloom","player_choice":"Fight","floor":44,"damage_taken":0}],"boss_relics":[{"not_picked":["Tiny House","FrozenCore"],"picked":"Orrery"},{"not_picked":["Fusion Hammer","Cursed Key"],"picked":"Astrolabe"}],"items_purged_floors":[22],"is_endless":false,"potions_floor_spawned":[4,6,7,11,13,14,20,25,35,36,44,47],"ascension_level":0}