{"gold_per_floor":[217,67,82,3,15,48,48,73,73,73,103,103,113,142,142,240,240,255,180,230,241,255,255,330,357,357,357,377,302,302,334,334,438,438,458,469,486,386,440,440,474,485,485,485,485,504,504,519,519,519,519,519,122,156,156],"floor_reached":55,"playtime":3063,"items_purged":["Strike_G","Bullet Time+1","Underhanded Strike+1"],"score":775,"play_id":"61e6479d-fc9f-40ea-ba90-622e450b58d0","local_time":"20190425211050","is_ascension_mode":true,"campfire_choices":[{"data":"Neutralize","floor":7.0,"key":"SMITH"},{"floor":10.0,"key":"REST"},{"data":"Well Laid Plans","floor":12.0,"key":"SMITH"},{"data":"Prepared","floor":15.0,"key":"SMITH"},{"data":"Prepared","floor":23,"key":"SMITH"},{"data":"Adrenaline","floor":27,"key":"SMITH"},{"floor":30,"key":"RECALL"},{"data":"Underhanded Strike","floor":32,"key":"SMITH"},{"data":"Defend_G","floor":40,"key":"PURGE"},{"data":"Defend_G","floor":44,"key":"PURGE"},{"data":"Defend_G","floor":47,"key":"PURGE"},{"data":"Defend_G","floor":49,"key":"PURGE"},{"data":"Defend_G","floor":52,"key":"PURGE"}],"neow_cost":"NONE","seed_source_timestamp":0,"circlet_count":0,"master_deck":["Survivor","Neutralize+1","Prepared+1","Well Laid Plans+1","Prepared+1","Die Die Die","Die Die Die","Escape Plan","Adrenaline+1","Unload+1","Grand Finale+1","Escape Plan","Acrobatics+1","Tactician+1","Deflect"],"special_seed":0,"relics":["Ring of the Snake","Orichalcum","Bag of Marbles","Blue Candle","Ancient Tea Set","Letter Opener","Incense Burner","Astrolabe","Potion Belt","Boot","Sozu","Peace Pipe","Blood Vial","Meat on the Bone","Mercury Hourglass","Anchor"],"potions_floor_usage":[25,31,33],"damage_taken":[{"damage":0.0,"enemies":"Cultist","floor":1.0,"turns":4.0},{"damage":0.0,"enemies":"2 Louse","floor":3.0,"turns":3.0},{"damage":0.0,"enemies":"Small Slimes","floor":5.0,"turns":3.0},{"damage":49.0,"enemies":"Lagavulin","floor":6.0,"turns":11.0},{"damage":4.0,"enemies":"3 Sentries","floor":8.0,"turns":8.0},{"damage":15.0,"enemies":"Lagavulin","floor":11.0,"turns":7.0},{"damage":0.0,"enemies":"Blue Slaver","floor":13.0,"turns":2.0},{"damage":4.0,"enemies":"3 Sentries","floor":14.0,"turns":3.0},{"damage":17.0,"enemies":"Hexaghost","floor":16.0,"turns":15.0},{"damage":5.0,"enemies":"Shell Parasite","floor":18.0,"turns":3.0},{"damage":0,"enemies":"Spheric Guardian","floor":21,"turns":3},{"damage":5,"enemies":"Cultist and Chosen","floor":22,"turns":5},{"damage":9,"enemies":"Book of Stabbing","floor":25,"turns":4},{"damage":0,"enemies":"Centurion and Healer","floor":28,"turns":4},{"damage":11,"enemies":"Slavers","floor":31,"turns":5},{"damage":30,"enemies":"Collector","floor":33,"turns":8},{"damage":0,"enemies":"Orb Walker","floor":35,"turns":3},{"damage":0,"enemies":"3 Darklings","floor":36,"turns":2},{"damage":33,"enemies":"Maw","floor":37,"turns":9},{"damage":0,"enemies":"2 Orb Walkers","floor":39,"turns":1},{"damage":14,"enemies":"Giant Head","floor":41,"turns":6},{"damage":0,"enemies":"Writhing Mass","floor":42,"turns":1},{"damage":0,"enemies":"3 Darklings","floor":46,"turns":2},{"damage":0,"enemies":"Transient","floor":48,"turns":5},{"damage":30,"enemies":"Time Eater","floor":50,"turns":5},{"damage":0,"enemies":"Shield and Spear","floor":54,"turns":1},{"damage":88,"enemies":"The Heart","floor":55,"turns":5}],"seed_played":"-443140202962347286","potions_obtained":[{"floor":6.0,"key":"Swift Potion"},{"floor":8.0,"key":"Swift Potion"},{"floor":14.0,"key":"SkillPotion"},{"floor":16.0,"key":"Dexterity Potion"},{"floor":18,"key":"Regen Potion"},{"floor":28,"key":"PowerPotion"}],"is_trial":false,"path_per_floor":["M","$","M","$","M","E","R","E","T","R","E","R","M","E","R","B",null,"M","?","?","M","M","R","?","E","T","R","M","$","R","E","R","B",null,"M","M","M","$","?","R","E","M","T","R","?","M","R","M","R","B",null,"R","$","E","B"],"character_chosen":"THE_SILENT","items_purchased":["Orichalcum","Well Laid Plans","Mercury Hourglass","Deflect"],"campfire_rested":1,"item_purchase_floors":[2,4,53,53],"current_hp_per_floor":[70,70,70,70,70,21,21,17,17,38,23,23,23,19,19,2,70,65,65,65,65,60,60,53,44,44,44,44,44,44,47,47,17,70,70,70,37,37,37,37,23,25,25,25,25,39,39,41,41,25,66,66,66,66,0],"gold":156,"neow_bonus":"HUNDRED_GOLD","is_prod":false,"is_daily":false,"chose_seed":false,"campfire_upgraded":6,"win_rate":0,"timestamp":1556251850,"path_taken":["M","$","?","$","M","E","R","E","T","R","E","R","M","E","R","BOSS","M","?","?","?","M","R","?","E","T","R","?","$","R","E","R","BOSS","M","M","M","$","?","R","E","M","T","R","?","M","R","M","R","BOSS","R","$","E","BOSS"],"build_version":"2019-01-23","purchased_purges":3,"victory":false,"max_hp_per_floor":[70,70,70,70,70,70,70,70,70,70,70,70,70,70,70,70,70,70,70,70,70,70,70,70,70,70,70,70,70,70,70,70,70,70,70,70,70,70,70,70,70,70,70,70,66,66,66,66,66,66,66,66,66,66,66],"card_choices":[{"not_picked":["Deflect","Slice"],"picked":"Prepared","floor":1.0},{"not_picked":["Leg Sweep","Eviscerate"],"picked":"Underhanded Strike","floor":3.0},{"not_picked":["Dagger Throw","Dagger Spray"],"picked":"Prepared","floor":5.0},{"not_picked":["A Thousand Cuts","Well Laid Plans"],"picked":"Die Die Die","floor":6.0},{"not_picked":["Outmaneuver","Quick Slash","Prepared"],"picked":"SKIP","floor":8.0},{"not_picked":["Well Laid Plans","Dagger Throw"],"picked":"Die Die Die","floor":11.0},{"not_picked":["Deadly Poison","Blade Dance","Heel Hook"],"picked":"SKIP","floor":13.0},{"not_picked":["Deadly Poison","Deflect"],"picked":"Escape Plan","floor":14.0},{"not_picked":["A Thousand Cuts","Tools of the Trade"],"picked":"Adrenaline","floor":16.0},{"not_picked":["Dagger Throw","Cloak And Dagger+1"],"picked":"Escape Plan","floor":18},{"not_picked":["Calculated Gamble","Infinite Blades+1","Poisoned Stab+1"],"picked":"SKIP","floor":21},{"not_picked":["Outmaneuver","Quick Slash","Dash"],"picked":"SKIP","floor":22},{"not_picked":["Footwork+1","Bane","Glass Knife"],"picked":"SKIP","floor":25},{"not_picked":["Calculated Gamble","Cloak And Dagger","Finisher"],"picked":"SKIP","floor":28},{"not_picked":["Deflect","Riddle With Holes","Quick Slash"],"picked":"SKIP","floor":31},{"not_picked":["Blade Dance","Caltrops","Heel Hook+1"],"picked":"SKIP","floor":35},{"not_picked":["Masterful Stab","Backflip","Deflect"],"picked":"SKIP","floor":36},{"not_picked":["Expertise","Poisoned Stab"],"picked":"Acrobatics+1","floor":37},{"not_picked":["Caltrops+1","Outmaneuver"],"picked":"Tactician+1","floor":41},{"not_picked":["Underhanded Strike+1","Setup","Masterful Stab"],"picked":"SKIP","floor":42},{"not_picked":["Deadly Poison+1","Endless Agony+1","Setup+1"],"picked":"SKIP","floor":46},{"not_picked":["Deflect+1","Footwork","Deadly Poison"],"picked":"SKIP","floor":48},{"not_picked":["Deflect","Blade Dance","Underhanded Strike+1"],"picked":"SKIP","floor":54}],"player_experience":942453,"relics_obtained":[{"floor":6.0,"key":"Bag of Marbles"},{"floor":8.0,"key":"Blue Candle"},{"floor":9.0,"key":"Ancient Tea Set"},{"floor":11.0,"key":"Letter Opener"},{"floor":14.0,"key":"Incense Burner"},{"floor":25,"key":"Potion Belt"},{"floor":31,"key":"Boot"},{"floor":39,"key":"Peace Pipe"},{"floor":41,"key":"Blood Vial"},{"floor":43,"key":"Meat on the Bone"},{"floor":54,"key":"Anchor"}],"event_choices":[{"cards_removed":["Strike_G"],"damage_healed":0,"gold_gain":0,"player_choice":"Gave Gold","damage_taken":0,"max_hp_gain":0,"max_hp_loss":0,"event_name":"Beggar","floor":19,"gold_loss":75},{"damage_healed":0,"gold_gain":100,"player_choice":"Bet on Murderer","damage_taken":0,"max_hp_gain":0,"max_hp_loss":0,"event_name":"The Joust","floor":20,"gold_loss":50},{"damage_healed":0,"gold_gain":75,"player_choice":"Touch","damage_taken":7,"max_hp_gain":0,"max_hp_loss":0,"event_name":"FaceTrader","floor":24,"gold_loss":0},{"damage_healed":0,"gold_gain":0,"player_choice":"Fight","damage_taken":0,"max_hp_gain":0,"max_hp_loss":0,"event_name":"Mysterious Sphere","floor":39,"gold_loss":0},{"damage_healed":0,"gold_gain":0,"player_choice":"Max HP","damage_taken":0,"max_hp_gain":0,"max_hp_loss":4,"event_name":"Winding Halls","floor":45,"gold_loss":0}],"is_beta":false,"boss_relics":[{"not_picked":["Runic Dome","Lizard Tail"],"picked":"Astrolabe"},{"not_picked":["Velvet Choker","Philosopher\u0027s Stone"],"picked":"Sozu"}],"items_purged_floors":[29,38,53],"is_endless":false,"potions_floor_spawned":[6,8,14,16,18,28,35,37,41,42,54],"killed_by":"The Heart","ascension_level":1}