{"gold_per_floor":[115,40,59,59,75,109,109,125,199,199,199,199,199,34,34,34],"floor_reached":16,"playtime":374,"items_purged":[],"score":216,"play_id":"8a36f069-451a-4888-916d-6f047c54f348","local_time":"20181231115258","is_ascension_mode":true,"campfire_choices":[{"floor":11,"key":"REST"},{"data":"Zap","floor":13,"key":"SMITH"},{"data":"Defend_B","floor":15,"key":"SMITH"}],"neow_cost":"TEN_PERCENT_HP_LOSS","seed_source_timestamp":324380787327907,"circlet_count":0,"master_deck":["AscendersBane","Strike_B","Strike_B","Strike_B","Defend_B+1","Defend_B","Defend_B","Defend_B","Zap+1","Dualcast+1","Hologram+1","Rebound","Compile Driver+1","Go for the Eyes+1","Melter+1","FTL+1"],"relics":["Cracked Core","Ginger","Molten Egg 2","Ancient Tea Set","Matryoshka"],"potions_floor_usage":[6,10],"damage_taken":[{"damage":0,"enemies":"2 Louse","floor":1,"turns":3},{"damage":7,"enemies":"Jaw Worm","floor":3,"turns":5},{"damage":0,"enemies":"Small Slimes","floor":5,"turns":2},{"damage":27,"enemies":"Gremlin Nob","floor":6,"turns":4},{"damage":6,"enemies":"Looter","floor":8,"turns":3},{"damage":0,"enemies":"Lagavulin","floor":10,"turns":1},{"damage":27,"enemies":"Hexaghost","floor":16,"turns":10}],"seed_played":"6413949078681516772","potions_obtained":[{"floor":3,"key":"Weak Potion"},{"floor":8,"key":"SmokeBomb"}],"is_trial":false,"path_per_floor":["M","?","M","?","M","E","T","M","T","E","R","?","R","$","R","B"],"character_chosen":"DEFECT","items_purchased":["Melter+1","FTL+1"],"campfire_rested":1,"item_purchase_floors":[14,14],"current_hp_per_floor":[64,64,57,38,38,11,11,5,5,5,24,24,24,24,24,0],"gold":34,"neow_bonus":"ONE_RARE_RELIC","is_prod":false,"is_daily":false,"chose_seed":false,"campfire_upgraded":2,"win_rate":0,"timestamp":1546253578,"path_taken":["M","?","M","?","M","E","?","M","T","E","R","?","R","$","R","BOSS"],"build_version":"2018-12-20","purchased_purges":0,"victory":false,"max_hp_per_floor":[64,64,64,64,64,64,64,64,64,64,64,64,64,64,64,64],"card_choices":[{"not_picked":["Streamline","Rebound"],"picked":"Hologram","floor":1},{"not_picked":["Turbo","Recycle"],"picked":"Rebound","floor":3},{"not_picked":["Hello World","Redo","Turbo"],"picked":"SKIP","floor":5},{"not_picked":["Rebound","Hello World"],"picked":"Compile Driver","floor":6},{"not_picked":["Stack","Consume"],"picked":"Go for the Eyes+1","floor":8}],"player_experience":1075405,"relics_obtained":[{"floor":6,"key":"Molten Egg 2"},{"floor":7,"key":"Ancient Tea Set"},{"floor":9,"key":"Matryoshka"}],"event_choices":[{"cards_removed":["Strike_B"],"damage_healed":0,"gold_gain":0,"player_choice":"Card Removal","damage_taken":0,"max_hp_gain":0,"max_hp_loss":0,"event_name":"The Cleric","floor":2,"gold_loss":75},{"damage_healed":0,"gold_gain":0,"player_choice":"Entered Light","damage_taken":19,"max_hp_gain":0,"max_hp_loss":0,"event_name":"Shining Light","floor":4,"gold_loss":0,"cards_upgraded":["Hologram","Dualcast"]},{"damage_healed":0,"gold_gain":0,"player_choice":"Ignored","damage_taken":0,"max_hp_gain":0,"max_hp_loss":0,"event_name":"Golden Idol","floor":12,"gold_loss":0}],"is_beta":false,"boss_relics":[],"items_purged_floors":[],"is_endless":false,"potions_floor_spawned":[3,8],"killed_by":"Hexaghost","ascension_level":20}