{"gold_per_floor":[111,111,130,130,145,178,228,245,271,271],"floor_reached":10,"playtime":263,"items_purged":[],"score":129,"play_id":"9abd539c-593c-4f4d-864f-30dcd51ca7d8","local_time":"20181211135100","is_ascension_mode":true,"campfire_choices":[],"neow_cost":"NONE","seed_source_timestamp":96383919401201,"circlet_count":0,"master_deck":["AscendersBane","Strike_B","Strike_B","Strike_B+1","Defend_B","Defend_B","Defend_B","Defend_B","Zap+1","Dualcast","Ball Lightning","Cold Snap","Glacier","Ball Lightning"],"relics":["Cracked Core","NeowsBlessing","Vajra","Smiling Mask"],"potions_floor_usage":[10],"damage_taken":[{"damage":0,"enemies":"2 Louse","floor":1,"turns":1},{"damage":0,"enemies":"Small Slimes","floor":3,"turns":1},{"damage":0,"enemies":"Jaw Worm","floor":5,"turns":1},{"damage":17,"enemies":"Lagavulin","floor":6,"turns":6},{"damage":15,"enemies":"Exordium Wildlife","floor":8,"turns":5},{"damage":6,"enemies":"3 Sentries","floor":10,"turns":5}],"seed_played":"-7118513820022705738","potions_obtained":[{"floor":3,"key":"Poison Potion"},{"floor":5,"key":"SpeedPotion"}],"is_trial":false,"path_per_floor":["M","?","M","?","M","E","?","M","T","E"],"character_chosen":"DEFECT","items_purchased":[],"campfire_rested":0,"item_purchase_floors":[],"current_hp_per_floor":[64,43,43,36,36,19,19,4,4,0],"gold":271,"neow_bonus":"THREE_ENEMY_KILL","is_prod":false,"is_daily":false,"chose_seed":false,"campfire_upgraded":0,"win_rate":0,"timestamp":1544532660,"path_taken":["M","?","M","?","?","E","?","M","T","E"],"build_version":"2018-12-06","purchased_purges":0,"victory":false,"max_hp_per_floor":[71,71,71,71,71,71,71,71,71,71],"card_choices":[{"not_picked":["Reprogram","Rebound"],"picked":"Ball Lightning","floor":1},{"not_picked":["Stack","Skim"],"picked":"Cold Snap","floor":3},{"not_picked":["Static Discharge","Consume"],"picked":"Glacier","floor":5},{"not_picked":["Chaos","Go for the Eyes","Barrage"],"picked":"SKIP","floor":6},{"not_picked":["Consume","Barrage"],"picked":"Ball Lightning","floor":8}],"player_experience":941775,"relics_obtained":[{"floor":6,"key":"Vajra"},{"floor":9,"key":"Smiling Mask"}],"event_choices":[{"damage_healed":0,"gold_gain":0,"player_choice":"Entered Light","damage_taken":21,"max_hp_gain":0,"max_hp_loss":0,"event_name":"Shining Light","floor":2,"gold_loss":0,"cards_upgraded":["Strike_B","Zap"]},{"cards_removed":["Strike_B"],"damage_healed":0,"gold_gain":0,"player_choice":"Card Removal","damage_taken":7,"max_hp_gain":0,"max_hp_loss":0,"event_name":"Golden Wing","floor":4,"gold_loss":0},{"damage_healed":0,"gold_gain":50,"player_choice":"Pray","damage_taken":0,"max_hp_gain":0,"max_hp_loss":0,"event_name":"Golden Shrine","floor":7,"gold_loss":0}],"is_beta":false,"boss_relics":[],"items_purged_floors":[],"is_endless":false,"potions_floor_spawned":[3,5],"killed_by":"3 Sentries","ascension_level":18}