{"gold_per_floor":[116,129,140,140,158,158,170,170,170,170,187,213,213,271,271,376,376,386,400,410,410,427,454,454,480,510,528,528,528,545,562,562,661,661,674,674,674,687,704,704,724,248,271,300,300,54,85,101,101,101,101,101,0,26,26],"floor_reached":55,"playtime":2539,"items_purged":[],"score":832,"play_id":"360799ef-a16d-4d04-ac59-b81908383a26","local_time":"20190215011847","is_ascension_mode":true,"campfire_choices":[{"data":"Bash","floor":6,"key":"SMITH"},{"data":"Sword Boomerang","floor":10,"key":"SMITH"},{"data":"Carnage","floor":13,"key":"SMITH"},{"data":"Dual Wield","floor":15,"key":"SMITH"},{"data":"Immolate","floor":24,"key":"SMITH"},{"data":"True Grit","floor":29,"key":"SMITH"},{"data":"Feed","floor":32,"key":"SMITH"},{"data":"Flame Barrier","floor":40,"key":"SMITH"},{"data":"Apotheosis","floor":45,"key":"SMITH"},{"floor":49,"key":"RECALL"},{"data":"Shockwave","floor":52,"key":"SMITH"}],"neow_cost":"PERCENT_DAMAGE","seed_source_timestamp":20093401614413,"circlet_count":0,"master_deck":["Strike_R","Strike_R","Strike_R","Defend_R","Defend_R","Defend_R","Defend_R","Bash+1","Dual Wield+1","Disarm","Spot Weakness","Metallicize","Ghostly Armor","Sword Boomerang+1","Carnage+1","Flame Barrier+1","Feed+1","Warcry+1","Iron Wave+1","Immolate+1","True Grit+1","Battle Trance","Metallicize+1","Metallicize+1","Disarm+1","Apotheosis+1","Shockwave+1","Impervious","Dual Wield+1","Inflame+1","Shrug It Off","Whirlwind+1","Heavy Blade","Shrug It Off","Evolve+1"],"relics":["Burning Blood","Vajra","Bag of Preparation","Kunai","Busted Crown","Orichalcum","Question Card","Ginger","Tiny Chest","Velvet Choker","Frozen Egg 2","Bottled Flame","Turnip","DollysMirror","Strawberry","Sundial"],"potions_floor_usage":[16,16,16,33,33,38,44,54,55,55,55,55],"damage_taken":[{"damage":0,"enemies":"Cultist","floor":1,"turns":5},{"damage":3,"enemies":"Small Slimes","floor":2,"turns":4},{"damage":2,"enemies":"Jaw Worm","floor":3,"turns":7},{"damage":14,"enemies":"Lots of Slimes","floor":5,"turns":9},{"damage":21,"enemies":"Large Slime","floor":7,"turns":8},{"damage":0,"enemies":"2 Fungi Beasts","floor":11,"turns":2},{"damage":8,"enemies":"Gremlin Nob","floor":12,"turns":3},{"damage":21,"enemies":"3 Sentries","floor":14,"turns":5},{"damage":1,"enemies":"Slime Boss","floor":16,"turns":6},{"damage":5,"enemies":"Spheric Guardian","floor":18,"turns":3},{"damage":4,"enemies":"3 Byrds","floor":19,"turns":3},{"damage":6,"enemies":"Snake Plant","floor":20,"turns":4},{"damage":14,"enemies":"Sentry and Sphere","floor":22,"turns":7},{"damage":27,"enemies":"Slavers","floor":23,"turns":5},{"damage":3,"enemies":"Book of Stabbing","floor":25,"turns":6},{"damage":0,"enemies":"3 Cultists","floor":27,"turns":5},{"damage":12,"enemies":"Snake Plant","floor":30,"turns":3},{"damage":12,"enemies":"Centurion and Healer","floor":31,"turns":9},{"damage":27,"enemies":"Collector","floor":33,"turns":13},{"damage":3,"enemies":"3 Shapes","floor":35,"turns":5},{"damage":0,"enemies":"3 Darklings","floor":38,"turns":8},{"damage":11,"enemies":"Jaw Worm Horde","floor":39,"turns":4},{"damage":12,"enemies":"Spire Growth","floor":41,"turns":4},{"damage":13,"enemies":"Nemesis","floor":44,"turns":7},{"damage":2,"enemies":"Reptomancer","floor":47,"turns":9},{"damage":0,"enemies":"Sphere and 2 Shapes","floor":48,"turns":4},{"damage":56,"enemies":"Awakened One","floor":50,"turns":17},{"damage":57,"enemies":"Shield and Spear","floor":54,"turns":7},{"damage":83,"enemies":"The Heart","floor":55,"turns":9}],"seed_played":"172395571063853696","potions_obtained":[{"floor":3,"key":"Dexterity Potion"},{"floor":7,"key":"FearPotion"},{"floor":14,"key":"Energy Potion"},{"floor":18,"key":"Ancient Potion"},{"floor":23,"key":"SkillPotion"},{"floor":27,"key":"Energy Potion"},{"floor":31,"key":"Block Potion"},{"floor":35,"key":"EntropicBrew"},{"floor":39,"key":"Fire Potion"},{"floor":41,"key":"Poison Potion"},{"floor":48,"key":"Weak Potion"},{"floor":54,"key":"Fire Potion"}],"is_trial":false,"path_per_floor":["M","M","M","$","M","R","M","$","T","R","M","E","R","?","R","B",null,"M","M","M","?","M","E","R","E","T","M","?","R","M","M","R","B",null,"M","?","?","M","M","R","M","$","T","E","R","$","E","M","R","B",null,"R","$","E","B"],"character_chosen":"IRONCLAD","items_purchased":["Apotheosis","Shockwave","Bottled Flame","DollysMirror","Inflame+1","Heavy Blade","Shrug It Off"],"campfire_rested":0,"item_purchase_floors":[42,42,42,46,46,53,53],"current_hp_per_floor":[62,65,69,69,61,61,46,46,46,46,52,50,50,35,35,40,80,80,83,86,86,78,60,60,63,63,72,72,72,69,66,66,49,102,106,106,106,106,105,105,99,99,99,92,92,92,107,117,117,71,129,129,129,78,0],"gold":26,"neow_bonus":"TRANSFORM_TWO_CARDS","is_prod":false,"is_daily":false,"chose_seed":false,"campfire_upgraded":10,"win_rate":0,"timestamp":1550218727,"path_taken":["M","M","?","?","M","R","M","$","T","R","M","E","R","?","R","BOSS","M","M","M","?","M","E","R","E","T","?","?","R","M","M","R","BOSS","M","?","?","M","?","R","M","$","T","E","R","$","E","M","R","BOSS","R","$","E","BOSS"],"build_version":"2019-01-23","purchased_purges":0,"victory":false,"max_hp_per_floor":[80,80,80,80,80,80,80,80,80,80,80,80,80,80,80,80,80,80,83,86,86,86,89,89,89,89,92,92,92,95,98,98,102,102,106,106,106,106,110,110,110,110,110,110,110,110,121,125,125,129,129,129,129,129,129],"card_choices":[{"not_picked":["Havoc","Pommel Strike"],"picked":"Spot Weakness","floor":1},{"not_picked":["Iron Wave","Havoc"],"picked":"Metallicize","floor":2},{"not_picked":["Power Through","Body Slam"],"picked":"Ghostly Armor","floor":3},{"not_picked":["Heavy Blade","Dropkick"],"picked":"Sword Boomerang","floor":5},{"not_picked":["Pommel Strike","Body Slam"],"picked":"Carnage","floor":7},{"not_picked":["Combust","Corruption","Sever Soul"],"picked":"SKIP","floor":11},{"not_picked":["Cleave","True Grit"],"picked":"Flame Barrier","floor":12},{"not_picked":["Dark Embrace","Fiend Fire"],"picked":"Feed","floor":16},{"not_picked":["Blood for Blood"],"picked":"SKIP","floor":18},{"not_picked":[],"picked":"Warcry+1","floor":19},{"not_picked":[],"picked":"Iron Wave+1","floor":20},{"not_picked":["Power Through"],"picked":"SKIP","floor":22},{"not_picked":[],"picked":"Immolate","floor":23},{"not_picked":["Blood for Blood","True Grit"],"picked":"SKIP","floor":25},{"not_picked":["Blood for Blood"],"picked":"True Grit","floor":25},{"not_picked":["Headbutt","Clash"],"picked":"SKIP","floor":27},{"not_picked":["Armaments"],"picked":"Inflame","floor":30},{"not_picked":["Perfected Strike","Cleave"],"picked":"SKIP","floor":31},{"not_picked":["Blood for Blood"],"picked":"Metallicize+1","floor":35},{"not_picked":["Carnage+1"],"picked":"Metallicize+1","floor":38},{"not_picked":["Searing Blow+1","Cleave"],"picked":"SKIP","floor":39},{"not_picked":["Reckless Charge+1"],"picked":"Disarm+1","floor":41},{"not_picked":["Twin Strike+1"],"picked":"Impervious","floor":44},{"not_picked":["Anger+1"],"picked":"Shrug It Off","floor":47},{"not_picked":["Havoc"],"picked":"Whirlwind+1","floor":48},{"not_picked":["Flex"],"picked":"Evolve+1","floor":54}],"player_experience":760666,"relics_obtained":[{"floor":9,"key":"Vajra"},{"floor":12,"key":"Bag of Preparation"},{"floor":23,"key":"Question Card"},{"floor":25,"key":"Ginger"},{"floor":26,"key":"Tiny Chest"},{"floor":37,"key":"Frozen Egg 2"},{"floor":44,"key":"Turnip"},{"floor":47,"key":"Strawberry"},{"floor":54,"key":"Sundial"}],"event_choices":[{"damage_healed":0,"gold_gain":0,"player_choice":"Searched \u00272\u0027 times","damage_taken":0,"relics_obtained":["Kunai"],"max_hp_gain":0,"max_hp_loss":0,"event_name":"Dead Adventurer","floor":14,"gold_loss":0},{"damage_healed":0,"gold_gain":0,"player_choice":"Gave Potion","damage_taken":0,"relics_obtained":["Orichalcum"],"max_hp_gain":0,"max_hp_loss":0,"event_name":"WeMeetAgain","floor":21,"gold_loss":0},{"damage_healed":0,"gold_gain":0,"player_choice":"Read","damage_taken":0,"max_hp_gain":0,"max_hp_loss":0,"event_name":"The Library","floor":28,"gold_loss":0,"cards_obtained":["Battle Trance"]},{"cards_removed":["Inflame"],"damage_healed":0,"gold_gain":0,"player_choice":"Removed Power","damage_taken":0,"max_hp_gain":0,"max_hp_loss":0,"event_name":"Falling","floor":36,"gold_loss":0},{"damage_healed":0,"gold_gain":0,"player_choice":"Relic","damage_taken":0,"max_hp_gain":0,"max_hp_loss":0,"event_name":"Wheel of Change","floor":37,"gold_loss":0}],"is_beta":false,"boss_relics":[{"not_picked":["Tiny House","Fusion Hammer"],"picked":"Busted Crown"},{"not_picked":["Calling Bell","Lizard Tail"],"picked":"Velvet Choker"}],"items_purged_floors":[],"is_endless":false,"potions_floor_spawned":[3,7,14,18,23,27,31,35,39,41,48,54],"killed_by":"The Heart","ascension_level":1}