{"gold_per_floor":[110,120,295,295,307,340,340,373,373,383,27,27,53,53,53,148,148,158,174,135,150,150,150,168,196,196,196,196,10,10,29,29,127,127,147,159,173,173,187,187,220,220,300,300,326,326,326,343,343,444,444,460,87,87,110,122,122,150,150,175,175,190,208,226,237,237,341,341,359,359,372,382,395,395,405,405,433,459,479,479,479,39,39,144,144,156,156,156,172,23,23,55,70,105,105,105,29,29,29,29,133,133,146,156,173,173,173,173,123,138,179,198,219,149,149,149,149,274,274,292,311,361,361,381,381,54,78,119,119],"floor_reached":129,"playtime":6038,"items_purged":["Doubt"],"score":3397,"play_id":"788ec451-69bd-494f-b83a-8f764bae06c5","local_time":"20180703232559","daily_mods":["Draft","Heirloom"],"is_ascension_mode":false,"campfire_choices":[{"data":"1","floor":7.0,"key":"LIFT"},{"data":"2","floor":15.0,"key":"LIFT"},{"data":"3","floor":23.0,"key":"LIFT"},{"data":"Seeing Red","floor":27.0,"key":"SMITH"},{"data":"Uppercut","floor":32.0,"key":"SMITH"},{"data":"Infernal Blade","floor":40.0,"key":"SMITH"},{"data":"Infernal Blade","floor":42.0,"key":"SMITH"},{"data":"Barricade","floor":44.0,"key":"SMITH"},{"data":"Offering","floor":49.0,"key":"SMITH"},{"data":"Limit Break","floor":57,"key":"SMITH"},{"data":"Dark Embrace","floor":59,"key":"SMITH"},{"data":"Searing Blow+1","floor":66,"key":"SMITH"},{"data":"Exhume","floor":74,"key":"SMITH"},{"data":"Searing Blow+2","floor":76,"key":"SMITH"},{"data":"Rupture","floor":81,"key":"SMITH"},{"data":"Demon Form","floor":83,"key":"SMITH"},{"data":"Secret Technique","floor":91,"key":"SMITH"},{"data":"Brutality","floor":96,"key":"SMITH"},{"data":"Searing Blow+3","floor":98,"key":"SMITH"},{"data":"Pummel","floor":100,"key":"SMITH"},{"data":"Impervious","floor":108,"key":"SMITH"},{"floor":115,"key":"REST"},{"data":"Evolve","floor":117,"key":"SMITH"},{"data":"Double Tap","floor":125,"key":"SMITH"}],"neow_cost":"","seed_source_timestamp":0,"circlet_count":0,"master_deck":["Clothesline","Iron Wave","Pommel Strike","Cleave+1","Flex","Disarm","Twin Strike","Pommel Strike","Uppercut+1","Infernal Blade+1","Seeing Red+1","Flame Barrier","Infernal Blade+1","Anger+1","Headbutt","Twin Strike","Shrug It Off","Exhume+1","Pummel+1","Flash of Steel+1","Offering+1","Demon Form+1","Sword Boomerang+1","Rage+1","Pummel+1","Sword Boomerang+1","Bite+1","Bite+1","Bite+1","Bite+1","Bite+1","Brutality+1","Uppercut+1","Metallicize","Inflame","RitualDagger+1","Pommel Strike+1","Barricade+1","Metallicize","Searing Blow+4","Disarm+1","Havoc+1","Evolve+1","Feed+1","RitualDagger+1","Dark Embrace+1","Limit Break+1","Rupture+1","Disarm","Heavy Blade+1","Heavy Blade+1","Feed+1","Shrug It Off","Inflame","Battle Trance","Whirlwind+1","Feed+1","Heavy Blade+1","Secret Technique+1","Decay","Parasite","Reaper+1","Heavy Blade+1","Metamorphosis","Secret Technique","Dark Shackles","Madness","Madness","Whirlwind+1","Battle Trance","Warcry+1","Feel No Pain","Regret","Impervious+1","Injury","Rupture","Fiend Fire+1","Metallicize","Evolve+1","Injury","Decay","Double Tap+1","Rupture+1","Armaments+1","Shrug It Off","Shockwave","Barricade","Shrug It Off+1"],"special_seed":0,"relics":["Burning Blood","Girya","Kunai","Blue Candle","Bottled Flame","Molten Egg 2","Letter Opener","Spirit Poop","Sozu","Omamori","Gremlin Horn","Vajra","Calling Bell","Regal Pillow","Mummified Hand","Du-Vu Doll","Pear","Matryoshka","Art of War","Runic Cube","Charon\u0027s Ashes","Odd Mushroom","Strawberry","Lantern","Smiling Mask","Bottled Tornado","Bag of Marbles","Golden Idol","Turnip"],"potions_floor_usage":[50],"damage_taken":[{"damage":0.0,"enemies":"Cultist","floor":1.0,"turns":2.0},{"damage":0.0,"enemies":"2 Louse","floor":2.0,"turns":2.0},{"damage":0.0,"enemies":"Small Slimes","floor":5.0,"turns":3.0},{"damage":16.0,"enemies":"Lagavulin","floor":6.0,"turns":5.0},{"damage":16.0,"enemies":"Gremlin Nob","floor":8.0,"turns":3.0},{"damage":0.0,"enemies":"2 Fungi Beasts","floor":10.0,"turns":3.0},{"damage":12.0,"enemies":"Lagavulin","floor":13.0,"turns":4.0},{"damage":27.0,"enemies":"The Guardian","floor":16.0,"turns":7.0},{"damage":3.0,"enemies":"Shell Parasite","floor":18.0,"turns":2.0},{"damage":5.0,"enemies":"Spheric Guardian","floor":19.0,"turns":3.0},{"damage":10.0,"enemies":"Centurion and Healer","floor":21.0,"turns":3.0},{"damage":9.0,"enemies":"Snake Plant","floor":24.0,"turns":2.0},{"damage":14.0,"enemies":"Slavers","floor":25.0,"turns":3.0},{"damage":4.0,"enemies":"3 Cultists","floor":31.0,"turns":2.0},{"damage":11.0,"enemies":"Automaton","floor":33.0,"turns":3.0},{"damage":1.0,"enemies":"3 Darklings","floor":35.0,"turns":2.0},{"damage":0.0,"enemies":"Orb Walker","floor":36.0,"turns":1.0},{"damage":2.0,"enemies":"Transient","floor":37.0,"turns":5.0},{"damage":0.0,"enemies":"Flame Bruiser 2 Orb","floor":39.0,"turns":2.0},{"damage":8.0,"enemies":"2 Orb Walkers","floor":41.0,"turns":2.0},{"damage":1.0,"enemies":"Giant Head","floor":45.0,"turns":4.0},{"damage":8.0,"enemies":"4 Shapes","floor":48.0,"turns":2.0},{"damage":79,"enemies":"Awakened One","floor":50,"turns":7},{"damage":0,"enemies":"Cultist","floor":52,"turns":2},{"damage":13,"floor":55,"turns":2},{"damage":0,"enemies":"Small Slimes","floor":56,"turns":2},{"damage":27,"enemies":"Gremlin Nob","floor":58,"turns":3},{"damage":4,"enemies":"Jaw Worm","floor":62,"turns":1},{"damage":0,"enemies":"3 Louse","floor":63,"turns":1},{"damage":0,"enemies":"Red Slaver","floor":64,"turns":1},{"damage":4,"enemies":"Large Slime","floor":65,"turns":1},{"damage":4,"enemies":"Slime Boss","floor":67,"turns":2},{"damage":14,"enemies":"Chosen","floor":69,"turns":2},{"damage":0,"enemies":"3 Byrds","floor":71,"turns":3},{"damage":0,"enemies":"Sentry and Sphere","floor":72,"turns":2},{"damage":8,"enemies":"3 Cultists","floor":73,"turns":2},{"damage":16,"enemies":"Snake Plant","floor":75,"turns":2},{"damage":47,"enemies":"Slavers","floor":77,"turns":3},{"damage":1,"enemies":"Gremlin Leader","floor":78,"turns":5},{"damage":0,"enemies":"Centurion and Healer","floor":79,"turns":2},{"damage":25,"enemies":"Collector","floor":84,"turns":3},{"damage":1,"enemies":"Flame Bruiser 1 Orb","floor":86,"turns":3},{"damage":20,"enemies":"3 Darklings","floor":89,"turns":2},{"damage":6,"enemies":"Nemesis","floor":92,"turns":3},{"damage":6,"enemies":"Sphere and 2 Shapes","floor":93,"turns":1},{"damage":4,"enemies":"Giant Head","floor":94,"turns":2},{"damage":36,"enemies":"Time Eater","floor":101,"turns":4},{"damage":2,"enemies":"Jaw Worm","floor":103,"turns":2},{"damage":2,"enemies":"2 Louse","floor":104,"turns":2},{"damage":22,"enemies":"Small Slimes","floor":105,"turns":2},{"damage":24,"enemies":"Blue Slaver","floor":110,"turns":2},{"damage":17,"enemies":"3 Sentries","floor":111,"turns":2},{"damage":30,"enemies":"3 Louse","floor":112,"turns":2},{"damage":19,"enemies":"Looter","floor":113,"turns":2},{"damage":6,"enemies":"Slime Boss","floor":118,"turns":2},{"damage":33,"enemies":"3 Byrds","floor":120,"turns":3},{"damage":2,"enemies":"Spheric Guardian","floor":121,"turns":3},{"damage":6,"enemies":"3 Cultists","floor":124,"turns":2},{"damage":3,"enemies":"Snecko","floor":127,"turns":2},{"damage":103,"enemies":"Slavers","floor":128,"turns":4},{"damage":51,"enemies":"Slaver and Parasite","floor":129,"turns":1}],"seed_played":"7605448481461372667","potions_obtained":[{"floor":1.0,"key":"AttackPotion"},{"floor":10.0,"key":"Poison Potion"},{"floor":13.0,"key":"Weak Potion"},{"floor":16.0,"key":"EntropicBrew"}],"is_trial":true,"path_per_floor":["M","M","?","?","M","E","R","E","T","M","$","$","E","?","R","B",null,"M","M","$","M","?","R","M","E","T","R","?","$","?","M","R","B",null,"M","M","M","?","M","R","E","R","T","R","E","?","?","M","R","B",null,"M","$","?","?","M","R","E","R","T","?","M","M","M","M","R","B",null,"M","?","M","M","M","R","M","R","E","E","M","?","R","$","R","B",null,"M","?","?","M","$","R","E","M","E","?","R","$","R","$","R","B",null,"M","M","M","?","?","R","$","M","E","M","M","$","R","?","R","B",null,"M","M","?","?","M","R","$","M","E"],"character_chosen":"IRONCLAD","items_purchased":["Molten Egg 2","Flash of Steel","Pummel+1","Vajra","Inflame","Limit Break","Charon\u0027s Ashes","Bottled Tornado","Secret Technique","Bag of Marbles","Feel No Pain","Evolve","Turnip","Shockwave"],"campfire_rested":1,"item_purchase_floors":[],"current_hp_per_floor":[80,80,80,80,80,70,70,60,60,66,66,66,60,60,60,39,80,80,80,80,76,56,56,56,56,56,56,56,56,50,55,55,56,56,56,56,56,56,56,56,66,66,66,66,66,66,66,66,66,8,66,66,66,66,62,70,70,49,49,56,31,36,46,52,57,57,62,81,76,76,85,85,85,85,78,78,48,63,73,73,73,73,73,54,101,101,91,78,67,67,67,104,104,105,105,105,105,105,105,105,78,105,105,109,109,102,102,102,102,90,79,61,51,51,98,76,76,79,109,113,113,113,113,113,113,113,113,51,0],"gold":119,"neow_bonus":"","is_prod":false,"is_daily":false,"chose_seed":false,"campfire_upgraded":20,"win_rate":0,"timestamp":1530685559,"path_taken":["M","M","?","?","M","E","R","E","T","?","?","$","E","?","R","BOSS","M","M","$","M","?","R","M","E","T","R","?","$","?","M","R","BOSS","M","M","M","?","M","R","E","R","T","R","E","?","?","M","R","BOSS","M","$","?","?","M","R","E","R","T","?","M","?","M","M","R","BOSS","M","?","M","M","M","R","M","R","E","?","M","?","R","$","R","BOSS","M","?","?","M","$","R","E","M","E","?","R","$","R","?","R","BOSS","M","M","M","?","?","R","$","M","E","M","?","$","R","?","R","BOSS","M","?","?","?","M","R","?","M","E","M"],"build_version":"2018-07-02","purchased_purges":1,"victory":false,"max_hp_per_floor":[80,80,80,80,80,80,80,80,80,80,80,80,80,80,80,80,80,80,80,80,80,56,56,56,56,56,56,56,56,56,56,56,56,56,56,56,56,56,56,56,66,66,66,66,66,66,66,66,66,66,66,66,66,66,66,70,70,70,70,77,77,77,81,81,81,81,81,81,81,81,85,85,85,85,85,85,93,97,101,101,101,101,101,101,101,101,101,101,101,101,101,105,105,105,105,105,105,105,105,105,105,105,105,109,109,109,109,109,109,109,109,109,109,109,109,109,109,109,109,113,113,113,113,113,113,113,113,117,117],"card_choices":[{"not_picked":["Power Through","Body Slam"],"picked":"Clothesline","floor":0.0},{"not_picked":["Body Slam","Cleave"],"picked":"Iron Wave","floor":0.0},{"not_picked":["Cleave","Sentinel"],"picked":"Pommel Strike","floor":0.0},{"not_picked":["Burning Pact","Sentinel"],"picked":"Cleave","floor":0.0},{"not_picked":["Headbutt","Evolve"],"picked":"Flex","floor":0.0},{"not_picked":["Second Wind","Body Slam"],"picked":"Disarm","floor":0.0},{"not_picked":["True Grit","Combust"],"picked":"Twin Strike","floor":0.0},{"not_picked":["Cleave","Headbutt"],"picked":"Rage","floor":0.0},{"not_picked":["Flex","Cleave"],"picked":"Pommel Strike","floor":0.0},{"not_picked":["Wild Strike","Heavy Blade"],"picked":"Disarm","floor":0.0},{"not_picked":["Anger","Thunderclap"],"picked":"Uppercut","floor":0.0},{"not_picked":["Dropkick","Rampage"],"picked":"Infernal Blade","floor":0.0},{"not_picked":["Dropkick","Wild Strike"],"picked":"Seeing Red","floor":0.0},{"not_picked":["Cleave","Twin Strike"],"picked":"Flame Barrier","floor":0.0},{"not_picked":["Combust","Entrench"],"picked":"Infernal Blade","floor":0.0},{"not_picked":["Armaments","Power Through","Thunderclap"],"picked":"SKIP","floor":1.0},{"not_picked":["Thunderclap","Iron Wave"],"picked":"Anger","floor":2.0},{"not_picked":["Armaments","Dual Wield"],"picked":"Twin Strike","floor":5.0},{"not_picked":["Sword Boomerang","Warcry"],"picked":"Shrug It Off","floor":6.0},{"not_picked":["Cleave","Flame Barrier"],"picked":"Exhume","floor":8.0},{"not_picked":["Anger","Intimidate"],"picked":"Pummel","floor":10.0},{"not_picked":["Carnage+1","Warcry"],"picked":"Offering","floor":13.0},{"not_picked":["Fiend Fire+1","Bludgeon+1"],"picked":"Demon Form","floor":16.0},{"not_picked":["Combust","Clothesline+1"],"picked":"Sword Boomerang+1","floor":18.0},{"not_picked":["Warcry","Carnage+1"],"picked":"Rage+1","floor":19.0},{"not_picked":["True Grit","Cleave+1"],"picked":"Sword Boomerang+1","floor":21.0},{"not_picked":["Blood for Blood+1","Twin Strike+1"],"picked":"Brutality","floor":24.0},{"not_picked":["Intimidate","Reckless Charge+1"],"picked":"Uppercut+1","floor":25.0},{"not_picked":["Burning Pact","Headbutt+1"],"picked":"Pommel Strike+1","floor":31.0},{"not_picked":["Double Tap","Demon Form"],"picked":"Barricade","floor":33.0},{"not_picked":["Uppercut+1","Hemokinesis+1"],"picked":"Metallicize","floor":35.0},{"not_picked":["Cleave+1","Spot Weakness+1"],"picked":"Searing Blow+1","floor":36.0},{"not_picked":["Second Wind","Ghostly Armor+1"],"picked":"Disarm+1","floor":37.0},{"not_picked":["Perfected Strike+1","Headbutt+1"],"picked":"Havoc+1","floor":39.0},{"not_picked":["Flame Barrier+1","Wild Strike+1"],"picked":"Evolve+1","floor":41.0},{"not_picked":["Armaments","Rampage+1"],"picked":"Feed+1","floor":45.0},{"not_picked":["Sword Boomerang+1","Anger+1","Sever Soul+1"],"picked":"SKIP","floor":48.0},{"not_picked":["Fiend Fire+1","Brutality"],"picked":"Dark Embrace","floor":50},{"not_picked":["Iron Wave+1","Pommel Strike+1","Armaments"],"picked":"SKIP","floor":52},{"not_picked":["Warcry","Rampage+1"],"picked":"Rupture","floor":55},{"not_picked":["Clash+1","Iron Wave+1","Cleave+1"],"picked":"SKIP","floor":56},{"not_picked":["Iron Wave+1","Headbutt+1"],"picked":"Disarm","floor":58},{"not_picked":["Pommel Strike+1","Wild Strike+1"],"picked":"Rage","floor":62},{"not_picked":["Brutality","Anger+1"],"picked":"Heavy Blade+1","floor":63},{"not_picked":["True Grit","Sword Boomerang+1"],"picked":"Heavy Blade+1","floor":64},{"not_picked":["Thunderclap+1","Armaments","Flex"],"picked":"SKIP","floor":65},{"not_picked":["Exhume","Dark Embrace"],"picked":"Feed+1","floor":67},{"not_picked":["Body Slam+1","Clothesline+1","Perfected Strike+1"],"picked":"SKIP","floor":69},{"not_picked":["Sword Boomerang+1","Dropkick+1"],"picked":"Shrug It Off","floor":71},{"not_picked":["Seeing Red+1","Iron Wave+1"],"picked":"Inflame","floor":72},{"not_picked":["Warcry","Sentinel","Twin Strike+1"],"picked":"SKIP","floor":73},{"not_picked":["Perfected Strike+1","Searing Blow+1"],"picked":"Battle Trance","floor":75},{"not_picked":["Evolve","Dropkick+1"],"picked":"Whirlwind+1","floor":77},{"not_picked":["Sword Boomerang+1","Clash+1"],"picked":"Feed+1","floor":78},{"not_picked":["Headbutt+1","Wild Strike+1"],"picked":"Heavy Blade+1","floor":79},{"not_picked":["Berserk","Exhume"],"picked":"Reaper+1","floor":84},{"not_picked":["Thunderclap+1","Ghostly Armor"],"picked":"Heavy Blade+1","floor":86},{"not_picked":["Madness","PanicButton"],"picked":"Metamorphosis","floor":87},{"not_picked":["Dramatic Entrance+1","Finesse"],"picked":"Secret Technique","floor":87},{"not_picked":["Purity","Enlightenment"],"picked":"Dark Shackles","floor":87},{"not_picked":["Perfected Strike+1","Havoc"],"picked":"Whirlwind+1","floor":89},{"not_picked":["Sword Boomerang+1","Sever Soul+1","True Grit+1"],"picked":"SKIP","floor":92},{"not_picked":["True Grit+1","Wild Strike+1"],"picked":"Battle Trance","floor":93},{"not_picked":["Twin Strike+1","Rampage+1"],"picked":"Warcry+1","floor":94},{"not_picked":["Berserk","Feed+1"],"picked":"Impervious","floor":101},{"not_picked":["Twin Strike+1","True Grit","Anger+1"],"picked":"SKIP","floor":103},{"not_picked":["Cleave+1","True Grit","Twin Strike+1"],"picked":"SKIP","floor":104},{"not_picked":["Pommel Strike+1","Hemokinesis+1","Clothesline+1"],"picked":"SKIP","floor":105},{"not_picked":["Infernal Blade","True Grit"],"picked":"Rupture","floor":110},{"not_picked":["Sentinel","Pummel+1"],"picked":"Fiend Fire+1","floor":111},{"not_picked":["Heavy Blade+1","Iron Wave+1"],"picked":"Metallicize","floor":112},{"not_picked":["Flex","Anger+1","Warcry"],"picked":"SKIP","floor":113},{"not_picked":["Berserk","Barricade"],"picked":"Double Tap","floor":118},{"not_picked":["Rampage+1","Whirlwind+1"],"picked":"Rupture+1","floor":120},{"not_picked":["True Grit","Burning Pact"],"picked":"Armaments+1","floor":121},{"not_picked":["Clash+1","Thunderclap+1","Headbutt+1"],"picked":"SKIP","floor":124},{"not_picked":["Bloodletting","Havoc"],"picked":"Barricade","floor":127},{"not_picked":["Disarm","Bloodletting"],"picked":"Shrug It Off+1","floor":128}],"player_experience":291961,"relics_obtained":[{"floor":6.0,"key":"Kunai"},{"floor":8.0,"key":"Blue Candle"},{"floor":9.0,"key":"Bottled Flame"},{"floor":13.0,"key":"Letter Opener"},{"floor":25.0,"key":"Omamori"},{"floor":26.0,"key":"Gremlin Horn"},{"floor":34.0,"key":"Regal Pillow"},{"floor":34.0,"key":"Mummified Hand"},{"floor":34.0,"key":"Du-Vu Doll"},{"floor":41.0,"key":"Pear"},{"floor":43.0,"key":"Matryoshka"},{"floor":45.0,"key":"Art of War"},{"floor":55,"key":"Odd Mushroom"},{"floor":60,"key":"Strawberry"},{"floor":60,"key":"Lantern"}],"event_choices":[{"event_name":"Liars Game","player_choice":"agreed","floor":3.0,"damage_taken":0.0},{"event_name":"Transmorgrifier","player_choice":"Transform","floor":4.0,"damage_taken":0.0},{"event_name":"Bonfire Elementals","player_choice":"CURSE","floor":14.0,"damage_taken":0.0},{"event_name":"Vampires","player_choice":"Became a vampire","floor":22.0,"damage_taken":0.0},{"event_name":"The Library","player_choice":"Read","floor":28.0,"damage_taken":0.0},{"event_name":"Nest","player_choice":"Joined the Cult","floor":30.0,"damage_taken":0.0},{"event_name":"Falling","player_choice":"Removed Skill","floor":38.0,"damage_taken":0.0},{"event_name":"Tomb of Lord Red Mask","player_choice":"Ignored","floor":46.0,"damage_taken":0.0},{"event_name":"Duplicator","player_choice":"One dupe","floor":47.0,"damage_taken":0.0},{"event_name":"The Woman in Blue","player_choice":"Bought 0 Potions","floor":54,"damage_taken":0},{"event_name":"Mushrooms","player_choice":"Fought Mushrooms","floor":55,"damage_taken":0},{"event_name":"Scrap Ooze","player_choice":"success","floor":61,"damage_taken":25},{"event_name":"Ghosts","player_choice":"Ignored","floor":70,"damage_taken":0},{"event_name":"Vampires","player_choice":"Ignored","floor":80,"damage_taken":0},{"event_name":"SensoryStone","player_choice":"Memory 3","floor":87,"damage_taken":0},{"event_name":"Winding Halls","player_choice":"Embrace Madness","floor":88,"damage_taken":0},{"event_name":"Falling","player_choice":"Removed Skill","floor":95,"damage_taken":0},{"event_name":"Golden Wing","player_choice":"Card Removal","floor":106,"damage_taken":0},{"event_name":"Golden Idol","player_choice":"Take Wound","floor":107,"damage_taken":0},{"event_name":"Shining Light","player_choice":"Entered Light","floor":116,"damage_taken":0},{"event_name":"The Joust","player_choice":"Bet on Murderer","floor":122,"damage_taken":0},{"event_name":"The Library","player_choice":"Read","floor":123,"damage_taken":0}],"boss_relics":[{"not_picked":["Fusion Hammer","Black Blood"],"picked":"Sozu"},{"not_picked":["Snecko Eye","Astrolabe"],"picked":"Calling Bell"},{"not_picked":["Black Star","Tiny House"],"picked":"Runic Cube"},{"not_picked":["GraspOfShadows"],"picked":"Accursed"},{"not_picked":["VoidEssence"],"picked":"TwistingMind"},{"not_picked":["VoidEssence"],"picked":"GraspOfShadows"},{"not_picked":["Scatterbrain"],"picked":"MetallicRebirth"}],"items_purged_floors":[109],"is_endless":true,"potions_floor_spawned":[1,10,13,16,19,24,36,41,50,52,58,63,65,69,73,78,84,92,93,105,111,112,124,127],"killed_by":"Slaver and Parasite","ascension_level":0}