{"gold_per_floor":[116,116,136,62,89,101,145,157,169,209,221,233,260,347,359,445,457,487,117,117,127,52,52,83,83,83,117,17,28,59,59,59,59],"floor_reached":33,"playtime":1210,"items_purged":["Strike_R"],"score":537,"play_id":"6227522b-3a34-480c-a6fa-3b3668c31702","local_time":"20190406155542","is_ascension_mode":true,"campfire_choices":[{"data":"Bash","floor":6,"key":"SMITH"},{"data":"Armaments","floor":8,"key":"SMITH"},{"data":"True Grit","floor":11,"key":"SMITH"},{"data":"Anger","floor":15,"key":"SMITH"},{"data":"Inflame","floor":23,"key":"SMITH"},{"data":"Twin Strike","floor":25,"key":"SMITH"},{"data":"Pummel","floor":32,"key":"SMITH"}],"neow_cost":"NONE","seed_source_timestamp":8847758286080,"circlet_count":0,"master_deck":["AscendersBane","Strike_R","Strike_R","Strike_R","Defend_R","Defend_R","Defend_R","Defend_R","Bash+1","Twin Strike+1","Anger+1","Shrug It Off","Armaments+1","True Grit+1","Reaper","Pommel Strike","Impervious","Pummel+1","Corruption","Inflame+1","Cleave","Shrug It Off","Shrug It Off","True Grit","Cleave+1","Battle Trance"],"relics":["Burning Blood","Centennial Puzzle","MawBank","Shuriken","Mercury Hourglass","Pantograph","Velvet Choker","Darkstone Periapt","Frozen Egg 2","Molten Egg 2","Ginger","Singing Bowl"],"potions_floor_usage":[7,13,16,21,33],"damage_taken":[{"damage":1,"enemies":"Cultist","floor":1,"turns":3},{"damage":9,"enemies":"Jaw Worm","floor":3,"turns":3},{"damage":44,"enemies":"3 Sentries","floor":7,"turns":11},{"damage":20,"enemies":"Gremlin Nob","floor":10,"turns":4},{"damage":0,"enemies":"2 Louse","floor":13,"turns":2},{"damage":12,"enemies":"Hexaghost","floor":16,"turns":7},{"damage":0,"enemies":"Chosen","floor":18,"turns":4},{"damage":12,"enemies":"2 Thieves","floor":21,"turns":4},{"damage":34,"enemies":"Slavers","floor":24,"turns":8},{"damage":17,"enemies":"Gremlin Leader","floor":27,"turns":5},{"damage":22,"enemies":"Chosen and Byrds","floor":29,"turns":5},{"damage":28,"enemies":"Slavers","floor":30,"turns":4},{"damage":99,"enemies":"Champ","floor":33,"turns":13}],"seed_played":"-3339066463822034920","potions_obtained":[{"floor":1,"key":"BloodPotion"},{"floor":7,"key":"FearPotion"},{"floor":13,"key":"Strength Potion"},{"floor":18,"key":"SteroidPotion"},{"floor":24,"key":"Strength Potion"}],"is_trial":false,"path_per_floor":["M","?","M","$","T","R","E","R","T","E","R","?","M","?","R","B",null,"M","$","?","M","?","R","E","R","T","E","$","M","E","T","R","B"],"character_chosen":"IRONCLAD","items_purchased":["Shrug It Off","Armaments","Impervious","Pummel","Corruption","Shrug It Off","True Grit"],"campfire_rested":0,"item_purchase_floors":[4,4,19,19,19,28,28],"current_hp_per_floor":[73,69,66,66,66,66,35,35,35,21,21,26,32,21,21,40,70,76,76,76,80,80,80,64,64,64,78,78,70,59,59,59,0],"gold":59,"neow_bonus":"RANDOM_COMMON_RELIC","is_prod":false,"is_daily":false,"chose_seed":false,"campfire_upgraded":7,"win_rate":0,"timestamp":1554576942,"path_taken":["M","?","M","$","?","R","E","R","T","E","R","?","M","?","R","BOSS","M","$","?","M","?","R","E","R","T","E","$","M","E","?","R","BOSS"],"build_version":"2019-01-23","purchased_purges":1,"victory":false,"max_hp_per_floor":[75,75,75,75,75,75,75,75,75,75,75,80,80,80,80,80,80,80,80,80,80,80,80,80,80,80,80,80,80,80,80,80,80],"card_choices":[{"not_picked":["Disarm","Havoc"],"picked":"Twin Strike","floor":1},{"not_picked":["Pommel Strike","Cleave"],"picked":"Anger","floor":3},{"not_picked":["Bloodletting","Havoc","Iron Wave"],"picked":"SKIP","floor":7},{"not_picked":["Perfected Strike","Bloodletting"],"picked":"True Grit","floor":10},{"not_picked":["Warcry","Pummel","Sword Boomerang"],"picked":"SKIP","floor":13},{"not_picked":["Juggernaut","Feed"],"picked":"Reaper","floor":16},{"not_picked":["Perfected Strike","Wild Strike"],"picked":"Pommel Strike","floor":18},{"not_picked":["Heavy Blade","Dropkick"],"picked":"Inflame","floor":21},{"not_picked":["Clothesline","Anger"],"picked":"Cleave","floor":24},{"not_picked":["Ghostly Armor","Berserk+1"],"picked":"Shrug It Off","floor":27},{"not_picked":["Heavy Blade+1","Sentinel"],"picked":"Cleave+1","floor":29},{"not_picked":["Intimidate","Cleave+1"],"picked":"Battle Trance","floor":30}],"player_experience":531573,"relics_obtained":[{"floor":5,"key":"MawBank"},{"floor":7,"key":"Shuriken"},{"floor":9,"key":"Mercury Hourglass"},{"floor":10,"key":"Pantograph"},{"floor":24,"key":"Darkstone Periapt"},{"floor":26,"key":"Frozen Egg 2"},{"floor":27,"key":"Molten Egg 2"},{"floor":30,"key":"Ginger"},{"floor":31,"key":"Singing Bowl"}],"event_choices":[{"damage_healed":0,"gold_gain":0,"player_choice":"Bought 0 Potions","damage_taken":0,"max_hp_gain":0,"max_hp_loss":0,"event_name":"The Woman in Blue","floor":2,"gold_loss":0},{"damage_healed":0,"gold_gain":0,"player_choice":"Donut","damage_taken":0,"max_hp_gain":5,"max_hp_loss":0,"event_name":"Big Fish","floor":12,"gold_loss":0},{"damage_healed":0,"gold_gain":75,"player_choice":"Gather Gold","damage_taken":11,"max_hp_gain":0,"max_hp_loss":0,"event_name":"World of Goop","floor":14,"gold_loss":0},{"damage_healed":0,"gold_gain":0,"player_choice":"Ignored","damage_taken":0,"max_hp_gain":0,"max_hp_loss":0,"event_name":"Vampires","floor":20,"gold_loss":0},{"cards_removed":["Strike_R"],"damage_healed":0,"gold_gain":0,"player_choice":"Gave Gold","damage_taken":0,"max_hp_gain":0,"max_hp_loss":0,"event_name":"Beggar","floor":22,"gold_loss":75}],"is_beta":false,"boss_relics":[{"not_picked":["White Beast Statue","Runic Dome"],"picked":"Velvet Choker"}],"items_purged_floors":[19],"is_endless":false,"potions_floor_spawned":[1,7,13,18,24],"killed_by":"Champ","ascension_level":15}