{"path_per_floor":["M","$","M","?","?","R","E","M","T","$","?","M","M","M","R","B",null,"M","?","$","?","?","R","E","$","T","$","R","M","M","M","R","B",null,"M","?","M","$","M","R"],"character_chosen":"DEFECT","items_purchased":["Capacitor","Coolheaded","Thread and Needle","Finesse","Static Discharge","Capacitor","Lantern"],"gold_per_floor":[111,12,22,22,22,22,52,64,64,17,317,328,345,361,361,464,464,482,482,7,7,0,0,35,8,34,34,34,50,60,71,71,171,171,190,190,206,52,66,66,66],"floor_reached":41,"campfire_rested":1,"playtime":2802,"current_hp_per_floor":[73,73,67,67,67,67,64,64,64,64,46,38,45,45,45,45,85,70,70,70,59,59,59,33,33,33,33,50,54,55,45,45,19,59,39,39,31,31,30,30,0],"items_purged":["Clumsy"],"gold":66,"score":536,"play_id":"8ec4d838-419f-4652-bdd9-43548d8a7348","local_time":"20180505154524","is_prod":false,"is_daily":false,"chose_seed":false,"is_ascension_mode":false,"campfire_upgraded":5,"timestamp":1525560324,"path_taken":["M","$","M","?","?","R","E","M","T","?","?","?","M","M","R","BOSS","M","?","?","?","?","R","E","$","T","?","R","?","?","?","R","BOSS","M","?","M","?","M","R","E"],"build_version":"2018-05-03","seed_source_timestamp":851941341468268,"purchased_purges":1,"victory":false,"master_deck":["Defend_B","Defend_B","Defend_B","Defend_B","Zap+1","Dualcast","Go for the Eyes","Capacitor","Cold Snap","Steam Power","Ball Lightning+1","White Noise+1","Coolheaded","Darkness+1","Hello World+1","BootSequence","Thunder Strike","Rebound+1","Sweeping Beam","Finesse","Static Discharge+1","Bite","Bite","Bite","Bite+1","Bite","Sunder+1","Capacitor","Axe Kick","Consume+1","Beam Cell+1","Echo Form","Ball Lightning","Nova","Capacitor","Go for the Eyes+1","Melter"],"max_hp_per_floor":[75,75,75,75,75,75,85,85,85,85,85,85,85,85,85,85,85,85,85,85,59,59,59,59,59,59,59,59,59,59,59,59,59,59,59,59,59,59,59,59,59],"relics":["Cracked Core","Ginger","Pear","Bronze Scales","Old Coin","Black Star","Thread and Needle","Bottled Lightning","Darkstone Periapt","Whetstone","Sozu","Lantern"],"card_choices":[{"not_picked":["Turbo","Streamline"],"picked":"Go for the Eyes","floor":1},{"not_picked":["Conserve Battery","Impulse"],"picked":"Cold Snap","floor":3},{"not_picked":["Coolheaded","Force Field"],"picked":"Ball Lightning","floor":7},{"not_picked":["Beam Cell","Rainbow"],"picked":"White Noise","floor":8},{"not_picked":["Lockon","Stack"],"picked":"Darkness","floor":12},{"not_picked":["Lockon","Barrage"],"picked":"Hello World","floor":13},{"not_picked":["Recycle","Skim"],"picked":"BootSequence","floor":14},{"not_picked":["Echo Form","Fission"],"picked":"Thunder Strike","floor":16},{"not_picked":["Cold Snap","Stack"],"picked":"Rebound","floor":18},{"not_picked":["Rebound","Beam Cell"],"picked":"Sunder","floor":24},{"not_picked":["Streamline","Rebound"],"picked":"Axe Kick","floor":29},{"not_picked":["Ball Lightning","Leap"],"picked":"Consume","floor":30},{"not_picked":["Consume","Gash"],"picked":"Beam Cell","floor":31},{"not_picked":["Fusion","Thunder Strike"],"picked":"Echo Form","floor":33},{"not_picked":["Conserve Battery","Consume"],"picked":"Ball Lightning","floor":35},{"not_picked":["Skim","Axe Kick"],"picked":"Go for the Eyes","floor":37},{"not_picked":["Axe Kick","Rip and Tear"],"picked":"Melter","floor":39}],"player_experience":24570,"potions_floor_usage":[13,16,16,24,31,33],"damage_taken":[{"damage":2,"enemies":"2 Louse","floor":1,"turns":3},{"damage":6,"enemies":"Jaw Worm","floor":3,"turns":3},{"damage":13,"enemies":"3 Sentries","floor":7,"turns":9},{"damage":0,"enemies":"Cultist","floor":8,"turns":2},{"damage":8,"enemies":"3 Louse","floor":12,"turns":2},{"damage":0,"enemies":"2 Fungi Beasts","floor":13,"turns":3},{"damage":0,"enemies":"Large Slime","floor":14,"turns":4},{"damage":0,"enemies":"Slime Boss","floor":16,"turns":6},{"damage":15,"enemies":"2 Thieves","floor":18,"turns":4},{"damage":28,"enemies":"Gremlin Leader","floor":24,"turns":8},{"damage":1,"enemies":"Spheric Guardian","floor":29,"turns":3},{"damage":1,"enemies":"Snecko","floor":30,"turns":5},{"damage":12,"enemies":"Cultist and Chosen","floor":31,"turns":5},{"damage":31,"enemies":"Collector","floor":33,"turns":9},{"damage":24,"enemies":"Flame Bruiser 1 Orb","floor":35,"turns":6},{"damage":8,"enemies":"Orb Walker","floor":37,"turns":3},{"damage":10,"enemies":"Flame Bruiser 2 Orb","floor":39,"turns":5},{"damage":42,"enemies":"Nemesis","floor":41,"turns":4}],"event_choices":[{"event_name":"Living Wall","player_choice":"Change","floor":4,"damage_taken":0},{"event_name":"The Cleric","player_choice":"Leave","floor":5,"damage_taken":0},{"event_name":"Scrap Ooze","player_choice":"success","floor":11,"damage_taken":18},{"event_name":"The Library","player_choice":"Read","floor":19,"damage_taken":0},{"event_name":"Vampires","player_choice":"Became a vampire","floor":21,"damage_taken":0},{"event_name":"Masked Bandits","player_choice":"Paid Bandits 7 gold","floor":22,"damage_taken":0},{"event_name":"Match and Keep!","player_choice":"2 cards matched","floor":36,"damage_taken":0}],"boss_relics":[{"not_picked":["Lizard Tail","White Beast Statue"],"picked":"Black Star"},{"not_picked":["Philosopher\u0027s Stone","Velvet Choker"],"picked":"Sozu"}],"potions_floor_spawned":[1,12,13,18,29,30,37],"seed_played":"-2288299192356672589","killed_by":"Nemesis","ascension_level":0,"is_trial":false}