{"gold_per_floor":[113,133,148,166,266,296,45,45,45,57,67,67,83,33,33,133,183,123,142,7,0,17,17],"floor_reached":23,"playtime":1506,"items_purged":["Defend_B","Strike_B"],"score":195,"play_id":"210540d4-1e9e-4040-b8f6-5a24717ae57c","local_time":"20190318214440","is_ascension_mode":false,"campfire_choices":[{"data":"Static Discharge","floor":8,"key":"SMITH"},{"data":"Capacitor","floor":12,"key":"SMITH"},{"floor":15,"key":"REST"}],"neow_cost":"NONE","seed_source_timestamp":1307895025426,"circlet_count":0,"master_deck":["Strike_B","Strike_B","Strike_B","Defend_B","Defend_B","Defend_B","Zap","Dualcast","Panacea","Conserve Battery+1","Genetic Algorithm","Go for the Eyes","Static Discharge+1","Sunder","Conserve Battery","Lockon","Capacitor+1","Leap","Machine Learning","Capacitor"],"relics":["Cracked Core","Dream Catcher","Strawberry","Bronze Scales","Tiny House"],"potions_floor_usage":[6,6,16,18,22,22,23,23],"damage_taken":[{"damage":1,"enemies":"Jaw Worm","floor":1,"turns":3},{"damage":1,"enemies":"Cultist","floor":2,"turns":3},{"damage":2,"enemies":"2 Louse","floor":3,"turns":3},{"damage":6,"enemies":"2 Fungi Beasts","floor":4,"turns":3},{"damage":11,"enemies":"Lagavulin","floor":6,"turns":7},{"damage":9,"enemies":"3 Louse","floor":10,"turns":3},{"damage":0,"enemies":"Blue Slaver","floor":11,"turns":3},{"damage":12,"enemies":"Gremlin Gang","floor":13,"turns":3},{"damage":41,"enemies":"Hexaghost","floor":16,"turns":9},{"damage":14,"enemies":"2 Thieves","floor":18,"turns":3},{"damage":1,"enemies":"Chosen","floor":19,"turns":6},{"damage":11,"enemies":"Centurion and Healer","floor":22,"turns":5},{"damage":65,"enemies":"Slavers","floor":23,"turns":4}],"seed_played":"2344463145914127678","potions_obtained":[{"floor":2,"key":"Weak Potion"},{"floor":3,"key":"Block Potion"},{"floor":10,"key":"SmokeBomb"},{"floor":13,"key":"Fire Potion"},{"floor":17,"key":"EntropicBrew"},{"floor":19,"key":"EssenceOfSteel"}],"is_trial":false,"path_per_floor":["?","$","?","?"],"character_chosen":"DEFECT","items_purchased":["Conserve Battery","Strawberry","Capacitor"],"campfire_rested":1,"item_purchase_floors":[7,7,20],"current_hp_per_floor":[74,73,71,65,65,54,61,61,61,52,52,52,40,40,64,23,87,73,72,72,72,61,0],"gold":17,"neow_bonus":"RANDOM_COLORLESS","is_prod":false,"is_daily":false,"chose_seed":false,"campfire_upgraded":2,"win_rate":0.0,"timestamp":1552920280,"path_taken":["M","M","M","M","?","E","?","R","T","M","M","R","M","?","R","BOSS","M","M","$","?","M","E"],"build_version":"2019-01-23","purchased_purges":2,"victory":false,"max_hp_per_floor":[75,75,75,75,75,75,82,82,82,82,82,82,82,82,82,82,87,87,87,87,87,87,87],"card_choices":[{"not_picked":["Leap","Auto Shields"],"picked":"Conserve Battery","floor":1},{"not_picked":["Self Repair","Defragment"],"picked":"Genetic Algorithm","floor":2},{"not_picked":["Compile Driver","Rip and Tear"],"picked":"Go for the Eyes","floor":3},{"not_picked":["BootSequence","Sweeping Beam"],"picked":"Static Discharge","floor":4},{"not_picked":["Compile Driver","Barrage"],"picked":"Sunder","floor":6},{"not_picked":["Stack","Genetic Algorithm"],"picked":"Lockon","floor":10},{"not_picked":["White Noise","Creative AI"],"picked":"Capacitor","floor":11},{"not_picked":["Rebound","Stack"],"picked":"Leap","floor":13},{"not_picked":["Multi-Cast","Fission"],"picked":"Machine Learning","floor":16},{"not_picked":["Sweeping Beam","Skim","Aggregate"],"picked":"SKIP","floor":19},{"not_picked":["Cold Snap","Conserve Battery","Sweeping Beam"],"picked":"SKIP","floor":22}],"player_experience":67004,"relics_obtained":[{"floor":6,"key":"Dream Catcher"},{"floor":9,"key":"Bronze Scales"}],"event_choices":[{"damage_healed":0,"gold_gain":100,"player_choice":"Pray","damage_taken":0,"max_hp_gain":0,"max_hp_loss":0,"event_name":"Golden Shrine","floor":5,"gold_loss":0},{"damage_healed":0,"gold_gain":0,"player_choice":"Left Gold","damage_taken":0,"max_hp_gain":0,"max_hp_loss":0,"event_name":"World of Goop","floor":14,"gold_loss":50},{"damage_healed":0,"gold_gain":0,"player_choice":"Paid Fearfully","damage_taken":0,"max_hp_gain":0,"max_hp_loss":0,"event_name":"Masked Bandits","floor":21,"gold_loss":7}],"is_beta":false,"boss_relics":[{"not_picked":["Coffee Dripper","Calling Bell"],"picked":"Tiny House"}],"items_purged_floors":[7,20],"is_endless":false,"potions_floor_spawned":[2,3,10,13,19,22],"killed_by":"Slavers","ascension_level":0}