{"gold_per_floor":[113,126,136,22,22,47,47,74,100,65,9,21,33,50,50,122,122,132,86,28,28,28],"floor_reached":22,"playtime":939,"items_purged":[],"score":363,"play_id":"d468c9a9-239a-42d9-82a3-7e1a9398d697","local_time":"20181121133839","is_ascension_mode":true,"campfire_choices":[{"floor":7,"key":"REST"},{"floor":15,"key":"REST"}],"neow_cost":"NONE","seed_source_timestamp":761977843373657,"circlet_count":0,"master_deck":["AscendersBane","Defend_G","Defend_G+1","Defend_G","Defend_G","Defend_G+1","Strike_G","Strike_G","Strike_G","Strike_G","Strike_G","Survivor","Neutralize+1","Dagger Spray","Backstab","Backstab","Blur+1","Caltrops","Blade Dance","PiercingWail","Backflip","Bouncing Flask","Adrenaline","Poisoned Stab"],"relics":["Ring of the Snake","NeowsBlessing","Centennial Puzzle","Strawberry","PreservedInsect","White Beast Statue","War Paint"],"potions_floor_usage":[6,8,18,18,19],"damage_taken":[{"damage":0,"enemies":"Cultist","floor":1,"turns":1},{"damage":0,"enemies":"Small Slimes","floor":2,"turns":1},{"damage":0,"enemies":"Jaw Worm","floor":3,"turns":1},{"damage":25,"enemies":"Lagavulin","floor":6,"turns":8},{"damage":28,"enemies":"Gremlin Nob","floor":8,"turns":5},{"damage":5,"enemies":"Gremlin Gang","floor":12,"turns":6},{"damage":0,"enemies":"Looter","floor":13,"turns":3},{"damage":0,"enemies":"Red Slaver","floor":14,"turns":3},{"damage":25,"enemies":"Hexaghost","floor":16,"turns":10},{"damage":11,"enemies":"Shell Parasite","floor":18,"turns":7},{"damage":8,"enemies":"2 Thieves","floor":19,"turns":5},{"damage":53,"enemies":"3 Cultists","floor":22,"turns":5}],"seed_played":"8689137588380637865","potions_obtained":[{"floor":2,"key":"EssenceOfSteel"},{"floor":6,"key":"Block Potion"},{"floor":12,"key":"SmokeBomb"},{"floor":13,"key":"LiquidBronze"},{"floor":18,"key":"Fruit Juice"},{"floor":19,"key":"Fruit Juice"}],"is_trial":false,"path_per_floor":["M","M","M","$","?","E","R","E","T","?","$","M","M","M","R","B",null,"M","M","$","?","M"],"character_chosen":"THE_SILENT","items_purchased":["Blur","Caltrops","PowerPotion","Poisoned Stab"],"campfire_rested":2,"item_purchase_floors":[4,4,11,20],"current_hp_per_floor":[59,59,59,59,39,14,33,12,12,30,30,25,25,25,46,21,60,54,51,51,51,0],"gold":28,"neow_bonus":"THREE_ENEMY_KILL","is_prod":false,"is_daily":false,"chose_seed":false,"campfire_upgraded":0,"win_rate":0,"timestamp":1542803919,"path_taken":["M","?","M","$","?","E","R","E","T","?","$","?","M","M","R","BOSS","M","?","$","?","M"],"build_version":"2018-11-15","purchased_purges":0,"victory":false,"max_hp_per_floor":[66,66,66,66,66,66,66,73,73,73,73,73,73,73,73,73,73,78,83,83,83,83],"card_choices":[{"not_picked":["Outmaneuver","PiercingWail"],"picked":"Dagger Spray","floor":1},{"not_picked":["Blade Dance","Well Laid Plans"],"picked":"Backstab","floor":2},{"not_picked":["Deadly Poison","Bane"],"picked":"Backstab","floor":3},{"not_picked":["Wraith Form v2","Concentrate"],"picked":"Blade Dance","floor":6},{"not_picked":["Sucker Punch","Skewer","Flying Knee"],"picked":"SKIP","floor":8},{"not_picked":["Prepared","Dodge and Roll"],"picked":"PiercingWail","floor":12},{"not_picked":["Prepared","Outmaneuver"],"picked":"Backflip","floor":13},{"not_picked":["Eviscerate","Choke"],"picked":"Bouncing Flask","floor":14},{"not_picked":["Burst","Unload"],"picked":"Adrenaline","floor":16},{"not_picked":["Backflip","Dagger Throw","PiercingWail+1"],"picked":"SKIP","floor":18},{"not_picked":["Blade Dance","Outmaneuver","Reflex"],"picked":"SKIP","floor":19}],"player_experience":841794,"relics_obtained":[{"floor":6,"key":"Centennial Puzzle"},{"floor":8,"key":"Strawberry"},{"floor":9,"key":"PreservedInsect"}],"event_choices":[{"damage_healed":0,"gold_gain":0,"player_choice":"Entered Light","damage_taken":20,"max_hp_gain":0,"max_hp_loss":0,"event_name":"Shining Light","floor":5,"gold_loss":0,"cards_upgraded":["Defend_G","Neutralize"]},{"damage_healed":18,"gold_gain":0,"player_choice":"Healed","damage_taken":0,"max_hp_gain":0,"max_hp_loss":0,"event_name":"The Cleric","floor":10,"gold_loss":35},{"damage_healed":0,"gold_gain":0,"player_choice":"Gave Potion","damage_taken":0,"relics_obtained":["War Paint"],"max_hp_gain":0,"max_hp_loss":0,"event_name":"WeMeetAgain","floor":21,"gold_loss":0}],"is_beta":false,"boss_relics":[{"not_picked":["Pandora\u0027s Box","Ring of the Serpent"],"picked":"White Beast Statue"}],"items_purged_floors":[],"is_endless":false,"potions_floor_spawned":[2,6,12,13,14,18,19],"killed_by":"3 Cultists","ascension_level":17}