{"gold_per_floor":[10,25,41,54,4,4,34,45,96,96,96,109,128,128,128,128],"floor_reached":16,"playtime":576,"items_purged":[],"score":161,"play_id":"e1d8b0bf-edb8-49b1-b6f5-85eda999c0ae","local_time":"20181017065729","is_ascension_mode":true,"campfire_choices":[{"data":"Dropkick","floor":6,"key":"SMITH"},{"data":"Searing Blow","floor":10,"key":"SMITH"},{"floor":15,"key":"REST"}],"neow_cost":"NO_GOLD","seed_source_timestamp":399512247024850,"circlet_count":0,"master_deck":["Strike_R","Strike_R","Defend_R","Defend_R","Defend_R","Bash","AscendersBane","Dropkick+1","Thunderclap","Battle Trance","Searing Blow+1","Bloodletting","Seeing Red"],"relics":["Burning Blood","Gremlin Horn","Regal Pillow","Meat on the Bone"],"potions_floor_usage":[3],"damage_taken":[{"damage":19,"enemies":"Small Slimes","floor":1,"turns":4},{"damage":7,"enemies":"Jaw Worm","floor":2,"turns":4},{"damage":1,"enemies":"2 Louse","floor":3,"turns":3},{"damage":22,"enemies":"Red Slaver","floor":4,"turns":4},{"damage":40,"enemies":"Lagavulin","floor":7,"turns":5},{"damage":5,"enemies":"3 Louse","floor":8,"turns":2},{"damage":2,"enemies":"Exordium Wildlife","floor":12,"turns":3},{"damage":12,"enemies":"Red Slaver","floor":13,"turns":5},{"damage":62,"enemies":"Slime Boss","floor":16,"turns":10}],"seed_played":"-1767151624678504456","potions_obtained":[{"floor":3,"key":"Fruit Juice"},{"floor":7,"key":"Poison Potion"},{"floor":12,"key":"Block Potion"},{"floor":13,"key":"LiquidBronze"}],"is_trial":false,"path_per_floor":["M","M","M","M","?","R","E","M","T","R","?","M","M","?","R"],"character_chosen":"IRONCLAD","items_purchased":[],"campfire_rested":1,"item_purchase_floors":[],"current_hp_per_floor":[59,58,68,52,52,52,18,19,19,19,19,23,17,17,57,0],"gold":128,"neow_bonus":"REMOVE_TWO","is_prod":false,"is_daily":false,"chose_seed":false,"campfire_upgraded":2,"win_rate":0,"timestamp":1539752249,"path_taken":["M","M","M","M","?","R","E","?","T","R","?","M","?","?","R","BOSS"],"build_version":"2018-10-11","purchased_purges":0,"victory":false,"max_hp_per_floor":[80,80,85,85,85,85,85,85,85,85,85,85,85,85,85,85],"card_choices":[{"not_picked":["Clash","Anger"],"picked":"Dropkick","floor":1},{"not_picked":["Sever Soul","Perfected Strike","Burning Pact"],"picked":"SKIP","floor":2},{"not_picked":["Perfected Strike","Searing Blow"],"picked":"Thunderclap","floor":3},{"not_picked":["Pummel","Anger"],"picked":"Battle Trance","floor":4},{"not_picked":["Flex","Heavy Blade"],"picked":"Searing Blow","floor":7},{"not_picked":["Whirlwind","Wild Strike","Pummel"],"picked":"SKIP","floor":8},{"not_picked":["Rupture","Perfected Strike","Carnage"],"picked":"SKIP","floor":12},{"not_picked":["True Grit","Sever Soul"],"picked":"Seeing Red","floor":13}],"player_experience":571474,"relics_obtained":[{"floor":7,"key":"Gremlin Horn"},{"floor":9,"key":"Regal Pillow"}],"event_choices":[{"event_name":"The Cleric","player_choice":"Card Removal","floor":5,"damage_taken":0},{"event_name":"Transmorgrifier","player_choice":"Transform","floor":11,"damage_taken":0},{"event_name":"WeMeetAgain","player_choice":"Potion","floor":14,"damage_taken":0}],"is_beta":false,"boss_relics":[],"items_purged_floors":[],"is_endless":false,"potions_floor_spawned":[3,7,12,13],"killed_by":"Slime Boss","ascension_level":11}