{"gold_per_floor":[113,21,21,21,21,21,47,47,47,73,84,113,113,113,113,213,213,228,244,244],"floor_reached":20,"playtime":1191,"items_purged":[],"score":263,"play_id":"a26e404a-c5e5-40e2-abc6-c6f1d1a75625","local_time":"20190310111550","is_ascension_mode":true,"campfire_choices":[{"data":"Zap","floor":6,"key":"SMITH"},{"floor":8,"key":"REST"},{"floor":13,"key":"REST"},{"floor":15,"key":"REST"}],"neow_cost":"NONE","seed_source_timestamp":1070015086683200,"circlet_count":0,"master_deck":["Strike_B","Strike_B","Strike_B","Defend_B","Defend_B","Defend_B","Defend_B","Zap+1","Dualcast","Undo","Flash of Steel","Barrage","Regret","Tempest","Parasite","Ball Lightning","Ball Lightning","Conserve Battery","Multi-Cast","Zap","Buffer","Hologram","Turbo"],"relics":["Cursed Key","DataDisk","Mango","Centennial Puzzle","Blue Candle","Dead Branch","Potion Belt","Black Star"],"potions_floor_usage":[12,16,19,19],"damage_taken":[{"damage":0,"enemies":"Cultist","floor":1,"turns":4},{"damage":44,"enemies":"3 Sentries","floor":7,"turns":11},{"damage":31,"enemies":"Lagavulin","floor":10,"turns":6},{"damage":1,"enemies":"Jaw Worm","floor":11,"turns":1},{"damage":9,"enemies":"3 Sentries","floor":12,"turns":3},{"damage":12,"enemies":"Hexaghost","floor":16,"turns":8},{"damage":1,"enemies":"Chosen","floor":18,"turns":5},{"damage":12,"enemies":"2 Thieves","floor":19,"turns":3},{"damage":76,"enemies":"3 Cultists","floor":20,"turns":6}],"seed_played":"-8312330317427610876","potions_obtained":[{"floor":7,"key":"SpeedPotion"},{"floor":10,"key":"Energy Potion"},{"floor":11,"key":"SpeedPotion"},{"floor":18,"key":"Energy Potion"}],"is_trial":false,"path_per_floor":["M","$","?","?","?","R","E","R","T","E","M","E","R","?","R","B",null,"M","M","M"],"character_chosen":"DEFECT","items_purchased":["Flash of Steel"],"campfire_rested":3,"item_purchase_floors":[2],"current_hp_per_floor":[68,68,68,65,79,79,35,61,61,30,29,20,46,46,72,60,82,81,69,0],"gold":244,"neow_bonus":"BOSS_RELIC","is_prod":false,"is_daily":false,"chose_seed":false,"campfire_upgraded":1,"win_rate":0,"timestamp":1552241750,"path_taken":["M","$","?","?","?","R","E","R","T","E","M","E","R","?","R","BOSS","M","M","M"],"build_version":"2019-02-06","purchased_purges":0,"victory":false,"max_hp_per_floor":[75,75,75,75,89,89,89,89,89,89,89,89,89,89,89,89,89,89,89,89],"card_choices":[{"not_picked":["Steam","Chaos"],"picked":"Undo","floor":1},{"not_picked":["Redo","Melter"],"picked":"Tempest","floor":7},{"not_picked":["Sweeping Beam","Turbo"],"picked":"Ball Lightning","floor":10},{"not_picked":["Sweeping Beam","Steam"],"picked":"Ball Lightning","floor":11},{"not_picked":["Ball Lightning","Gash"],"picked":"Conserve Battery","floor":12},{"not_picked":["Meteor Strike","Seek"],"picked":"Buffer","floor":16},{"not_picked":["Fusion+1","Reprogram"],"picked":"Hologram","floor":18},{"not_picked":["Gash+1","Rebound"],"picked":"Turbo","floor":19}],"player_experience":604665,"relics_obtained":[{"floor":7,"key":"Centennial Puzzle"},{"floor":9,"key":"Blue Candle"},{"floor":10,"key":"Dead Branch"},{"floor":12,"key":"Potion Belt"}],"event_choices":[{"damage_healed":0,"gold_gain":0,"cards_transformed":["Strike_B"],"player_choice":"Change","damage_taken":0,"max_hp_gain":0,"max_hp_loss":0,"event_name":"Living Wall","floor":3,"gold_loss":0,"cards_obtained":["Barrage"]},{"damage_healed":0,"gold_gain":0,"player_choice":"Success","damage_taken":3,"relics_obtained":["DataDisk"],"max_hp_gain":0,"max_hp_loss":0,"event_name":"Scrap Ooze","floor":4,"gold_loss":0},{"damage_healed":0,"gold_gain":0,"player_choice":"Box","damage_taken":0,"relics_obtained":["Mango"],"max_hp_gain":0,"max_hp_loss":0,"event_name":"Big Fish","floor":5,"gold_loss":0,"cards_obtained":["Regret"]},{"damage_healed":0,"gold_gain":0,"player_choice":"2 cards matched","damage_taken":0,"max_hp_gain":0,"max_hp_loss":0,"event_name":"Match and Keep!","floor":14,"gold_loss":0,"cards_obtained":["Multi-Cast","Zap"]}],"is_beta":true,"boss_relics":[{"not_picked":["Lizard Tail","Philosopher\u0027s Stone"],"picked":"Black Star"}],"items_purged_floors":[],"is_endless":false,"potions_floor_spawned":[7,10,11,18],"killed_by":"3 Cultists","ascension_level":8}