{"path_per_floor":["M","?","M","M","$","E","R","M","T","?","?","?","R","E","R","B",null,"M","M","$","M","?"],"character_chosen":"DEFECT","items_purchased":["Capacitor","Cold Snap","Doom and Gloom","Scrape","Static Discharge","Turbo","Flash of Steel","BootSequence"],"gold_per_floor":[118,193,212,224,27,53,53,67,92,92,114,289,289,320,320,424,424,444,462,36,48,48,48],"floor_reached":23,"campfire_rested":2,"playtime":1124,"item_purchase_floors":[5,5,20,20,20,20,20,20],"current_hp_per_floor":[73,62,59,59,59,35,35,28,28,28,12,12,49,39,75,65,75,47,32,32,13,13,0],"items_purged":["Strike_B"],"gold":48,"score":224,"play_id":"3243bb69-7733-4b12-9305-6b9819803a16","local_time":"20180529230945","is_prod":false,"is_daily":false,"chose_seed":false,"is_ascension_mode":false,"campfire_upgraded":1,"win_rate":0,"timestamp":1527660585,"campfire_choices":[{"data":"Zap","floor":7,"key":"SMITH"},{"floor":13,"key":"REST"},{"floor":15,"key":"REST"}],"path_taken":["M","?","?","M","?","E","R","M","T","?","?","?","R","E","R","BOSS","M","M","$","M","?","E"],"build_version":"2018-05-28","seed_source_timestamp":2953928605353002,"purchased_purges":1,"victory":false,"master_deck":["Defend_B","Defend_B","Defend_B","Defend_B","Zap+1","Dualcast","Ball Lightning","FTL","Ball Lightning+1","Capacitor","Cold Snap","Coolheaded","Go for the Eyes","Skim","Beam Cell","Doubt","FTL","All For One","Conserve Battery","BootSequence","Doom and Gloom","Scrape","Static Discharge","Turbo","Flash of Steel","BootSequence","Tempest+1","Bite","Bite","Bite","Bite","Bite"],"max_hp_per_floor":[75,75,75,75,75,75,75,75,75,75,75,75,75,75,75,75,75,75,75,75,75,52,52],"relics":["Cracked Core","Regal Pillow","Vajra","Odd Mushroom","Whetstone","Black Star"],"card_choices":[{"not_picked":["Leap","Hologram"],"picked":"Ball Lightning","floor":1},{"not_picked":["Redo","Conserve Battery"],"picked":"FTL","floor":3},{"not_picked":["Cold Snap","Seek"],"picked":"Ball Lightning","floor":4},{"not_picked":["Leap","Streamline"],"picked":"Coolheaded","floor":6},{"not_picked":["Undo","Redo"],"picked":"Go for the Eyes","floor":8},{"not_picked":["Redo","Rebound"],"picked":"Beam Cell","floor":11},{"not_picked":["Cold Snap","Hologram"],"picked":"FTL","floor":14},{"not_picked":["Seek","Meteor Strike"],"picked":"All For One","floor":16},{"not_picked":["Reinforced Body","Turbo"],"picked":"Conserve Battery","floor":18},{"not_picked":["Undo+1","Streamline"],"picked":"BootSequence","floor":19},{"not_picked":["Sweeping Beam+1","Leap"],"picked":"Tempest+1","floor":21}],"player_experience":129392,"potions_floor_usage":[11,14,16,23],"damage_taken":[{"damage":2,"enemies":"2 Louse","floor":1,"turns":3},{"damage":3,"enemies":"Small Slimes","floor":3,"turns":3},{"damage":0,"enemies":"Cultist","floor":4,"turns":2},{"damage":24,"enemies":"Gremlin Nob","floor":6,"turns":4},{"damage":7,"enemies":"Lots of Slimes","floor":8,"turns":4},{"damage":16,"enemies":"The Mushroom Lair","floor":11,"turns":3},{"damage":10,"enemies":"Lagavulin","floor":14,"turns":4},{"damage":10,"enemies":"Slime Boss","floor":16,"turns":7},{"damage":28,"enemies":"2 Thieves","floor":18,"turns":3},{"damage":15,"enemies":"Shell Parasite","floor":19,"turns":5},{"damage":19,"enemies":"Centurion and Healer","floor":21,"turns":9},{"damage":21,"enemies":"Slavers","floor":23,"turns":2}],"relics_obtained":[{"floor":6,"key":"Regal Pillow"},{"floor":9,"key":"Vajra"},{"floor":11,"key":"Odd Mushroom"},{"floor":14,"key":"Whetstone"}],"event_choices":[{"event_name":"World of Goop","player_choice":"Gather Gold","floor":2,"damage_taken":0},{"event_name":"Transmorgrifier","player_choice":"Transform","floor":10,"damage_taken":0},{"event_name":"Mushrooms","player_choice":"Fought Mushrooms","floor":11,"damage_taken":0},{"event_name":"Liars Game","player_choice":"agreed","floor":12,"damage_taken":0},{"event_name":"Vampires","player_choice":"Became a vampire","floor":22,"damage_taken":0}],"boss_relics":[{"not_picked":["Astrolabe","White Beast Statue"],"picked":"Black Star"}],"items_purged_floors":[5],"potions_floor_spawned":[4,6,14,18],"seed_played":"677578576257079452","killed_by":"Slavers","ascension_level":0,"potions_obtained":[{"floor":4,"key":"Swift Potion"},{"floor":6,"key":"FearPotion"},{"floor":14,"key":"EssenceOfSteel"},{"floor":18,"key":"FearPotion"}],"is_trial":false}