{"gold_per_floor":[116,191,191,210,160,160,174,214,214,257,257,276,276,291,291,420,420,443,542,467,467,490,523,547,547,572,612,635,33,33,33,33,153,153,178,178,193,318,25,69,69,94,94,134,157,200,4,27,27,27],"floor_reached":51,"playtime":3346,"items_purged":["Strike_B","Creative AI","Defend_B"],"score":856,"play_id":"c7331e8d-f3a1-467e-b5c0-1f1249df8307","local_time":"20190404030109","is_ascension_mode":true,"campfire_choices":[{"data":"Conserve Battery","floor":6,"key":"SMITH"},{"floor":11,"key":"REST"},{"data":"Zap","floor":13,"key":"SMITH"},{"data":"Go for the Eyes","floor":15,"key":"SMITH"},{"floor":25,"key":"REST"},{"data":"Creative AI","floor":32,"key":"SMITH"},{"data":"Turbo","floor":41,"key":"SMITH"},{"data":"Capacitor","floor":49,"key":"SMITH"}],"neow_cost":"PERCENT_DAMAGE","seed_source_timestamp":812390267804,"circlet_count":0,"master_deck":["Strike_B+1","Defend_B","Defend_B","Defend_B","Zap+1","Dualcast","Conserve Battery+1","Self Repair","Core Surge","Melter+1","Steam","Chaos","Go for the Eyes+1","Reboot","Genetic Algorithm+1","Doom and Gloom+1","Chaos+1","Glacier+1","Creative AI+1","Ball Lightning","Auto Shields","Chill","Defragment+1","Double Energy","Master of Strategy","Turbo+1","Conserve Battery+1","Defragment+1","Capacitor+1"],"relics":["FrozenCore","StoneCalendar","Golden Idol","Darkstone Periapt","Ancient Tea Set","Oddly Smooth Stone","Nuclear Battery","Whetstone","Omamori","Matryoshka","Bird Faced Urn","OrangePellets","Incense Burner","Centennial Puzzle","Dream Catcher","Singing Bowl","Gambling Chip","Ginger"],"potions_floor_usage":[10,10,16,27,27,42,50],"damage_taken":[{"damage":0,"enemies":"Small Slimes","floor":1,"turns":2},{"damage":3,"enemies":"2 Louse","floor":4,"turns":3},{"damage":2,"enemies":"Jaw Worm","floor":7,"turns":4},{"damage":16,"enemies":"Gremlin Nob","floor":8,"turns":4},{"damage":21,"enemies":"Lagavulin","floor":10,"turns":6},{"damage":0,"enemies":"Exordium Wildlife","floor":12,"turns":3},{"damage":0,"enemies":"2 Fungi Beasts","floor":14,"turns":3},{"damage":15,"enemies":"Hexaghost","floor":16,"turns":10},{"damage":0,"enemies":"Spheric Guardian","floor":18,"turns":2},{"damage":25,"enemies":"3 Byrds","floor":22,"turns":7},{"damage":44,"enemies":"Slavers","floor":23,"turns":6},{"damage":4,"enemies":"3 Cultists","floor":24,"turns":5},{"damage":8,"enemies":"Book of Stabbing","floor":27,"turns":6},{"damage":18,"enemies":"Chosen and Byrds","floor":28,"turns":4},{"damage":4,"enemies":"Champ","floor":33,"turns":10},{"damage":54,"enemies":"3 Darklings","floor":35,"turns":7},{"damage":3,"enemies":"3 Shapes","floor":37,"turns":7},{"damage":2,"enemies":"Mind Bloom Boss Battle","floor":38,"turns":7},{"damage":27,"enemies":"Giant Head","floor":40,"turns":12},{"damage":15,"enemies":"Writhing Mass","floor":42,"turns":6},{"damage":54,"enemies":"Reptomancer","floor":44,"turns":9},{"damage":0,"enemies":"Sphere and 2 Shapes","floor":45,"turns":4},{"damage":33,"enemies":"Giant Head","floor":46,"turns":11},{"damage":13,"enemies":"Transient","floor":48,"turns":5},{"damage":28,"enemies":"Donu and Deca","floor":50,"turns":12}],"seed_played":"-6726605354283331935","potions_obtained":[{"floor":4,"key":"Strength Potion"},{"floor":7,"key":"Energy Potion"},{"floor":10,"key":"FocusPotion"},{"floor":16,"key":"FairyPotion"},{"floor":22,"key":"SkillPotion"},{"floor":23,"key":"EssenceOfSteel"},{"floor":24,"key":"EssenceOfSteel"},{"floor":27,"key":"GamblersBrew"},{"floor":35,"key":"FearPotion"},{"floor":44,"key":"GamblersBrew"}],"is_trial":false,"path_per_floor":["?","?","?","?","?","?","M","?","?","?","M","?","$","M"],"character_chosen":"DEFECT","items_purchased":["Bird Faced Urn","OrangePellets","Auto Shields","Master of Strategy","Capacitor"],"campfire_rested":2,"item_purchase_floors":[29,29,29,39,47],"current_hp_per_floor":[54,43,43,40,40,40,45,29,29,15,35,42,42,49,49,41,69,69,69,69,69,51,7,10,30,30,29,18,18,41,41,41,69,69,30,30,40,69,69,63,63,67,67,32,32,69,69,69,69,64],"gold":27,"neow_bonus":"ONE_RARE_RELIC","is_prod":false,"is_daily":false,"chose_seed":false,"campfire_upgraded":6,"win_rate":0,"timestamp":1554321669,"path_taken":["M","?","?","M","?","R","M","E","T","E","R","M","R","M","R","BOSS","M","?","?","?","M","E","?","R","T","E","M","$","?","?","R","BOSS","M","?","?","?","?","E","R","?","T","E","M","E","$","M","R","BOSS"],"build_version":"2019-01-23","purchased_purges":3,"victory":true,"max_hp_per_floor":[75,75,69,69,69,69,69,69,69,69,69,69,69,69,69,69,69,69,69,69,69,69,69,69,69,69,69,69,69,69,69,69,69,69,69,69,69,69,69,69,69,69,69,71,71,71,71,73,73,73],"card_choices":[{"not_picked":["Turbo","Barrage"],"picked":"Conserve Battery","floor":1},{"not_picked":["Static Discharge","Cold Snap"],"picked":"Self Repair","floor":4},{"not_picked":["Leap","Hologram"],"picked":"Core Surge","floor":7},{"not_picked":["Steam Power","Barrage"],"picked":"Melter","floor":8},{"not_picked":["Lockon","Rip and Tear"],"picked":"Steam","floor":10},{"not_picked":["Sunder","Scrape"],"picked":"Chaos","floor":12},{"not_picked":["Heatsinks","Reprogram"],"picked":"Go for the Eyes","floor":14},{"not_picked":["Seek","All For One"],"picked":"Reboot","floor":16},{"not_picked":["Streamline","Steam+1"],"picked":"Genetic Algorithm+1","floor":18},{"not_picked":["Hologram+1","Rebound"],"picked":"Doom and Gloom+1","floor":22},{"not_picked":["Hologram","Consume+1"],"picked":"Chaos+1","floor":23},{"not_picked":["Stack","Steam"],"picked":"Glacier+1","floor":24},{"not_picked":["Barrage","Compile Driver+1"],"picked":"Creative AI","floor":27},{"not_picked":["Sunder","Darkness"],"picked":"Ball Lightning","floor":28},{"not_picked":["Meteor Strike","Buffer"],"picked":"Creative AI","floor":33},{"not_picked":["Undo","Steam"],"picked":"Chill","floor":35},{"not_picked":["Leap","Heatsinks"],"picked":"Defragment+1","floor":37},{"not_picked":["Rebound+1","Fusion"],"picked":"Double Energy","floor":38},{"not_picked":["Compile Driver","Gash+1"],"picked":"Turbo","floor":40},{"not_picked":["Ball Lightning+1","Go for the Eyes","Leap"],"picked":"SKIP","floor":42},{"not_picked":["Heatsinks","Reprogram","Hologram+1"],"picked":"Singing Bowl","floor":44},{"not_picked":["Beam Cell+1","Consume"],"picked":"Conserve Battery+1","floor":45},{"not_picked":["Amplify","Static Discharge"],"picked":"Defragment+1","floor":46},{"not_picked":["Turbo+1","Hologram+1","Sweeping Beam+1"],"picked":"Singing Bowl","floor":48}],"player_experience":163179,"relics_obtained":[{"floor":8,"key":"Darkstone Periapt"},{"floor":9,"key":"Ancient Tea Set"},{"floor":10,"key":"Oddly Smooth Stone"},{"floor":23,"key":"Whetstone"},{"floor":26,"key":"Omamori"},{"floor":27,"key":"Matryoshka"},{"floor":38,"key":"Incense Burner"},{"floor":40,"key":"Centennial Puzzle"},{"floor":43,"key":"Dream Catcher"},{"floor":43,"key":"Singing Bowl"},{"floor":44,"key":"Gambling Chip"},{"floor":46,"key":"Ginger"}],"event_choices":[{"damage_healed":0,"gold_gain":75,"player_choice":"Gather Gold","damage_taken":11,"max_hp_gain":0,"max_hp_loss":0,"event_name":"World of Goop","floor":2,"gold_loss":0},{"damage_healed":0,"gold_gain":0,"player_choice":"Lose Max HP","damage_taken":0,"relics_obtained":["Golden Idol"],"max_hp_gain":0,"max_hp_loss":6,"event_name":"Golden Idol","floor":3,"gold_loss":0},{"cards_removed":["Strike_B"],"damage_healed":0,"gold_gain":0,"player_choice":"Card Removal","damage_taken":0,"max_hp_gain":0,"max_hp_loss":0,"event_name":"The Cleric","floor":5,"gold_loss":50},{"damage_healed":0,"gold_gain":99,"player_choice":"Stole From Cult","damage_taken":0,"max_hp_gain":0,"max_hp_loss":0,"event_name":"Nest","floor":19,"gold_loss":0},{"cards_removed":["Strike_B"],"damage_healed":0,"gold_gain":0,"player_choice":"Gave Gold","damage_taken":0,"max_hp_gain":0,"max_hp_loss":0,"event_name":"Beggar","floor":20,"gold_loss":75},{"damage_healed":0,"gold_gain":0,"player_choice":"Ignored","damage_taken":0,"max_hp_gain":0,"max_hp_loss":0,"event_name":"N\u0027loth","floor":21,"gold_loss":0},{"damage_healed":23,"gold_gain":0,"player_choice":"Heal","damage_taken":0,"max_hp_gain":0,"max_hp_loss":0,"event_name":"The Library","floor":30,"gold_loss":0},{"damage_healed":0,"gold_gain":0,"player_choice":"Ignored","damage_taken":0,"max_hp_gain":0,"max_hp_loss":0,"event_name":"SecretPortal","floor":36,"gold_loss":0},{"damage_healed":0,"gold_gain":0,"player_choice":"Fight","damage_taken":0,"max_hp_gain":0,"max_hp_loss":0,"event_name":"MindBloom","floor":38,"gold_loss":0}],"is_beta":false,"boss_relics":[{"not_picked":["Empty Cage","Velvet Choker"],"picked":"Nuclear Battery"},{"not_picked":["Fusion Hammer","Snecko Eye"],"picked":"FrozenCore"}],"items_purged_floors":[29,39,47],"is_endless":false,"potions_floor_spawned":[4,7,10,16,22,23,24,27,35,38,44],"ascension_level":2}