{"gold_per_floor":[118,129,149,159,174,174,209,209,209,209,209,226,258,273,273,369,369,383,383,398,411,426,426,457,472,552,552,617,636,108,122,122,225,225,237,237,89,102,113,113,113,143,143,143,143],"floor_reached":45,"playtime":2232,"items_purged":["Strike_R","Bash"],"score":890,"play_id":"a259cdd0-fbfa-4fe7-9b37-dc7371efa864","local_time":"20181004142827","is_ascension_mode":true,"campfire_choices":[{"data":"Uppercut","floor":6,"key":"SMITH"},{"floor":8,"key":"REST"},{"data":"Inflame","floor":10,"key":"SMITH"},{"data":"Disarm","floor":15,"key":"SMITH"},{"floor":23,"key":"REST"},{"floor":32,"key":"REST"},{"floor":41,"key":"REST"},{"floor":44,"key":"REST"}],"neow_cost":"","seed_source_timestamp":0,"circlet_count":0,"master_deck":["Strike_R","Strike_R","Strike_R","Strike_R","Defend_R","Defend_R","Defend_R","Defend_R","Pommel Strike","Inflame+1","Bloodletting+1","Shrug It Off","Uppercut+1","Disarm+1","Dropkick","Cleave","Headbutt","Demon Form","Whirlwind+1","Shrug It Off+1","Battle Trance","Rupture+1","Offering","Limit Break","Dark Shackles","Bash","Warcry","Iron Wave+1"],"special_seed":0,"relics":["Burning Blood","Lantern","Mummified Hand","Orichalcum","Black Star","Paper Frog","Pear","Singing Bowl","Strawberry","Tiny Chest","Frozen Egg 2","Sozu","Dodecahedron","Bottled Lightning","Toxic Egg 2"],"potions_floor_usage":[13,16,24,28,28,40],"damage_taken":[{"damage":1,"enemies":"Cultist","floor":1,"turns":4},{"damage":6,"enemies":"Small Slimes","floor":2,"turns":5},{"damage":7,"enemies":"2 Louse","floor":3,"turns":3},{"damage":27,"enemies":"Lots of Slimes","floor":4,"turns":7},{"damage":14,"enemies":"3 Louse","floor":5,"turns":5},{"damage":31,"enemies":"3 Sentries","floor":7,"turns":10},{"damage":6,"enemies":"Exordium Thugs","floor":12,"turns":6},{"damage":11,"enemies":"Lagavulin","floor":13,"turns":5},{"damage":3,"enemies":"Red Slaver","floor":14,"turns":2},{"damage":8,"enemies":"The Guardian","floor":16,"turns":13},{"damage":18,"enemies":"Shell Parasite","floor":18,"turns":6},{"damage":5,"enemies":"Chosen","floor":20,"turns":5},{"damage":3,"enemies":"Snake Plant","floor":21,"turns":4},{"damage":48,"enemies":"Shelled Parasite and Fungi","floor":22,"turns":8},{"damage":3,"enemies":"Slavers","floor":24,"turns":1},{"damage":4,"enemies":"Centurion and Healer","floor":25,"turns":6},{"damage":3,"enemies":"Gremlin Leader","floor":28,"turns":6},{"damage":7,"enemies":"Snecko","floor":29,"turns":5},{"damage":18,"enemies":"Snake Plant","floor":31,"turns":5},{"damage":63,"enemies":"Champ","floor":33,"turns":9},{"damage":41,"enemies":"3 Darklings","floor":35,"turns":4},{"damage":9,"enemies":"Orb Walker","floor":38,"turns":4},{"damage":43,"enemies":"Reptomancer","floor":39,"turns":5},{"damage":10,"enemies":"2 Orb Walkers","floor":40,"turns":2},{"damage":43,"enemies":"Nemesis","floor":42,"turns":7},{"damage":47,"enemies":"3 Darklings","floor":45,"turns":2}],"seed_played":"-5963321993086919036","potions_obtained":[{"floor":4,"key":"SmokeBomb"},{"floor":12,"key":"FearPotion"},{"floor":14,"key":"Regen Potion"},{"floor":16,"key":"PowerPotion"},{"floor":18,"key":"SteroidPotion"},{"floor":24,"key":"Poison Potion"},{"floor":25,"key":"LiquidBronze"}],"is_trial":false,"path_per_floor":["M","M","M","M","M","R","E","R","T","R","?","M","E","M","R","B",null,"M","?","M","M","M","R","E","M","T","?","E","M","$","M","R","B",null,"M","?","$","M","M","E","R","E","T","R"],"character_chosen":"IRONCLAD","items_purchased":["Frozen Egg 2","Rupture+1","Offering","Warcry"],"campfire_rested":5,"item_purchase_floors":[30,30,30,37],"current_hp_per_floor":[77,77,76,55,47,47,22,46,46,46,46,46,41,44,44,57,74,62,47,48,51,9,34,47,49,49,49,61,62,62,52,84,27,88,55,55,55,54,17,13,46,11,11,45,0],"gold":143,"neow_bonus":"","is_prod":false,"is_daily":false,"chose_seed":false,"campfire_upgraded":3,"win_rate":0,"timestamp":1538656107,"path_taken":["M","?","M","M","M","R","E","R","T","R","?","M","E","M","R","BOSS","M","?","?","M","M","R","E","M","T","?","E","M","$","M","R","BOSS","M","?","$","M","M","E","R","E","T","R","M"],"build_version":"2018-09-27","purchased_purges":2,"victory":false,"max_hp_per_floor":[80,80,80,80,80,80,80,80,80,80,80,80,80,80,80,80,80,80,85,85,85,85,85,95,95,95,95,104,106,106,108,108,108,108,110,110,110,112,112,112,112,114,114,114,114],"card_choices":[{"not_picked":["Warcry","Body Slam"],"picked":"Pommel Strike","floor":1},{"not_picked":["Armaments","Thunderclap"],"picked":"Inflame","floor":2},{"not_picked":["Sever Soul","Feel No Pain"],"picked":"Bloodletting","floor":3},{"not_picked":["Headbutt","Warcry"],"picked":"Shrug It Off","floor":4},{"not_picked":["True Grit","Seeing Red"],"picked":"Uppercut","floor":5},{"not_picked":["Perfected Strike","True Grit"],"picked":"Disarm","floor":7},{"not_picked":["Bloodletting","Sword Boomerang"],"picked":"Dropkick","floor":12},{"not_picked":["Flex","Uppercut"],"picked":"Cleave","floor":13},{"not_picked":["Uppercut","Barricade"],"picked":"Headbutt","floor":14},{"not_picked":["Impervious","Double Tap"],"picked":"Demon Form","floor":16},{"not_picked":["Thunderclap","Inflame"],"picked":"Whirlwind+1","floor":18},{"not_picked":["Perfected Strike+1","Heavy Blade"],"picked":"Shrug It Off+1","floor":20},{"not_picked":["Rampage","Pummel","Burning Pact+1"],"picked":"SKIP","floor":21},{"not_picked":["Uppercut","Sever Soul","Clash"],"picked":"SKIP","floor":22},{"not_picked":["Spot Weakness","Entrench","Cleave"],"picked":"SKIP","floor":24},{"not_picked":["Shrug It Off+1","Iron Wave"],"picked":"Battle Trance","floor":25},{"not_picked":["True Grit+1","Rage+1","Pommel Strike"],"picked":"Singing Bowl","floor":28},{"not_picked":["Sword Boomerang","Cleave","Thunderclap"],"picked":"Singing Bowl","floor":29},{"not_picked":["Clash+1","Blood for Blood","Havoc"],"picked":"Singing Bowl","floor":31},{"not_picked":["Immolate","Fiend Fire"],"picked":"Limit Break","floor":33},{"not_picked":["Infernal Blade","Flame Barrier","True Grit"],"picked":"Singing Bowl","floor":35},{"not_picked":["Reckless Charge+1","Power Through","Thunderclap"],"picked":"Singing Bowl","floor":38},{"not_picked":["Corruption+1","Sentinel"],"picked":"Iron Wave+1","floor":39},{"not_picked":["Twin Strike","Clothesline","Rampage+1"],"picked":"Singing Bowl","floor":42}],"player_experience":497307,"relics_obtained":[{"floor":7,"key":"Lantern"},{"floor":9,"key":"Mummified Hand"},{"floor":13,"key":"Orichalcum"},{"floor":24,"key":"Paper Frog"},{"floor":24,"key":"Pear"},{"floor":26,"key":"Singing Bowl"},{"floor":28,"key":"Strawberry"},{"floor":28,"key":"Tiny Chest"},{"floor":42,"key":"Dodecahedron"},{"floor":42,"key":"Bottled Lightning"},{"floor":43,"key":"Toxic Egg 2"}],"event_choices":[{"event_name":"Accursed Blacksmith","player_choice":"Forge","floor":11,"damage_taken":0},{"event_name":"Forgotten Altar","player_choice":"Shed Blood","floor":19,"damage_taken":0},{"event_name":"FaceTrader","player_choice":"Leave","floor":27,"damage_taken":0},{"event_name":"Match and Keep!","player_choice":"2 cards matched","floor":36,"damage_taken":0}],"is_beta":false,"boss_relics":[{"not_picked":["White Beast Statue","Velvet Choker"],"picked":"Black Star"},{"not_picked":["Mark of Pain","Calling Bell"],"picked":"Sozu"}],"items_purged_floors":[30,37],"is_endless":false,"potions_floor_spawned":[4,12,14,16,18,20,24,25,35],"killed_by":"3 Darklings","ascension_level":9}