{"gold_per_floor":[112,130,141,157,46,46,75,75,75,75,110,60,60,78,78,78],"floor_reached":16,"playtime":1120,"items_purged":[],"score":110,"play_id":"9a93060c-d884-4d2d-bac6-fe7fe98c112f","local_time":"20190325230716","is_ascension_mode":false,"campfire_choices":[{"data":"Bullet Time","floor":6,"key":"SMITH"},{"data":"Neutralize","floor":8,"key":"SMITH"},{"data":"Wraith Form v2","floor":10,"key":"SMITH"},{"data":"Leg Sweep","floor":15,"key":"SMITH"}],"neow_cost":"NONE","seed_source_timestamp":0,"circlet_count":0,"master_deck":["Defend_G","Defend_G","Defend_G","Defend_G","Defend_G","Strike_G","Strike_G","Strike_G","Strike_G","Survivor","Neutralize+1","Wraith Form v2+1","Leg Sweep+1","Deflect","Bullet Time+1","Predator","Dash","Well Laid Plans","Burst","Backflip"],"special_seed":0,"relics":["Ring of the Snake","Potion Belt","Orichalcum","Ninja Scroll","WingedGreaves"],"potions_floor_usage":[7,16],"damage_taken":[{"damage":2,"enemies":"Small Slimes","floor":1,"turns":4},{"damage":1,"enemies":"Jaw Worm","floor":2,"turns":8},{"damage":2,"enemies":"Cultist","floor":3,"turns":4},{"damage":0,"enemies":"2 Fungi Beasts","floor":4,"turns":6},{"damage":5,"enemies":"Lagavulin","floor":7,"turns":9},{"damage":14,"enemies":"3 Sentries","floor":11,"turns":12},{"damage":0,"enemies":"Looter","floor":14,"turns":3},{"damage":64,"enemies":"Slime Boss","floor":16,"turns":18}],"seed_played":"-7118174171736681756","potions_obtained":[{"floor":4,"key":"AttackPotion"},{"floor":14,"key":"Regen Potion"}],"is_trial":false,"path_per_floor":["M","M","M","M","$","R","E","R","T","R","E","?","T","M","R","B"],"character_chosen":"THE_SILENT","items_purchased":["Dash","Well Laid Plans"],"campfire_rested":0,"item_purchase_floors":[5,5],"current_hp_per_floor":[68,67,65,65,65,65,60,60,60,60,46,46,46,46,46,0],"gold":78,"neow_bonus":"ONE_RANDOM_RARE_CARD","is_prod":false,"is_daily":false,"chose_seed":false,"campfire_upgraded":4,"win_rate":0,"timestamp":1553566036,"path_taken":["M","M","M","M","$","R","E","R","T","R","E","?","?","?","R","BOSS"],"build_version":"2019-01-23","purchased_purges":0,"victory":false,"max_hp_per_floor":[70,70,70,70,70,70,70,70,70,70,70,70,70,70,70,70],"card_choices":[{"not_picked":["Deadly Poison","Backflip"],"picked":"Leg Sweep","floor":1},{"not_picked":["Bane","Catalyst"],"picked":"Deflect","floor":2},{"not_picked":["Bane","Blade Dance"],"picked":"Bullet Time","floor":3},{"not_picked":["Dagger Throw","Underhanded Strike"],"picked":"Predator","floor":4},{"not_picked":["Night Terror","Deadly Poison","Prepared"],"picked":"SKIP","floor":7},{"not_picked":["Flying Knee","Concentrate"],"picked":"Burst","floor":11},{"not_picked":["Riddle With Holes","Tactician"],"picked":"Backflip","floor":14}],"player_experience":374747,"relics_obtained":[{"floor":7,"key":"Potion Belt"},{"floor":9,"key":"Orichalcum"},{"floor":11,"key":"Ninja Scroll"},{"floor":13,"key":"WingedGreaves"}],"event_choices":[{"cards_removed":["Strike_G"],"damage_healed":0,"gold_gain":0,"player_choice":"Card Removal","damage_taken":0,"max_hp_gain":0,"max_hp_loss":0,"event_name":"The Cleric","floor":12,"gold_loss":50}],"is_beta":false,"boss_relics":[],"items_purged_floors":[],"is_endless":false,"potions_floor_spawned":[4,14],"killed_by":"Slime Boss","ascension_level":0}