{"path_per_floor":["M","$","T","$","?","E","R","M","T","M","R","?","E","?","R","B",null,"M","?","?","M","T","R","M","R","T","?","?","T","M","M","R","B",null,"M","?","$","?","?","R","E","?","T","?","T","$","E","$","R"],"character_chosen":"IRONCLAD","items_purchased":["Intimidate","Fire Breathing","Offering","Panache","Blind","Flex","Pommel Strike"],"gold_per_floor":[139,33,33,33,33,63,63,78,102,118,118,193,220,220,220,318,318,328,328,328,347,374,374,393,393,393,308,233,233,249,263,263,365,365,378,378,28,28,28,28,54,54,80,135,186,37,67,22,22,22],"floor_reached":50,"campfire_rested":5,"playtime":3527,"current_hp_per_floor":[66,66,76,76,76,47,47,47,47,52,52,41,17,17,59,30,90,74,74,56,8,8,52,10,54,54,54,54,54,51,53,99,52,104,93,93,93,93,83,97,44,91,91,40,40,40,28,28,87,0],"items_purged":[],"gold":22,"score":598,"play_id":"721c41c1-9145-4396-8033-d349dd79c71c","local_time":"20180421160515","is_prod":false,"is_daily":false,"chose_seed":false,"is_ascension_mode":true,"campfire_upgraded":3,"timestamp":1524351915,"path_taken":["M","?","?","$","?","E","R","M","T","M","R","?","E","?","R","BOSS","M","?","?","M","?","R","M","R","T","?","?","?","M","M","R","BOSS","M","?","$","?","?","R","E","?","T","?","?","$","E","?","R","BOSS"],"build_version":"2018-04-19","seed_source_timestamp":311654743356849,"purchased_purges":0,"victory":false,"master_deck":["Strike_R","Strike_R","Strike_R","Strike_R","Strike_R","Defend_R","Defend_R","Defend_R","Defend_R","Bash","Cleave","Intimidate","Fire Breathing+1","Shrug It Off","Rampage+1","Rage","Sword Boomerang","Brutality+1","Dark Shackles","Feed","Iron Wave","Blood for Blood","Thunderclap","Shrug It Off+1","Warcry","Uppercut","Cleave+1","Reaper","Reckless Charge+1","Immolate","Uppercut","Offering","Panache","Apotheosis","Panacea","Secret Weapon","Thunderclap+1","Anger","Body Slam+1","Headbutt+1","Blind","Flex","Pommel Strike","Pommel Strike","Dual Wield+1"],"max_hp_per_floor":[80,80,90,90,90,90,90,90,90,90,90,90,90,90,90,90,90,93,93,98,98,98,98,98,98,98,98,98,98,101,104,104,104,104,104,104,104,104,104,104,104,91,91,94,94,94,94,94,94,94],"relics":["Burning Blood","Tiny Chest","Pear","Prayer Wheel","Juzu Bracelet","Regal Pillow","Orichalcum","Sozu","Blood Vial","Bird Faced Urn","Red Skull","Mercury Hourglass","Eternal Feather","Blue Candle","Dream Catcher","Thread and Needle","Happy Flower","Meat on the Bone"],"card_choices":[{"not_picked":["Perfected Strike","Heavy Blade"],"picked":"Cleave","floor":1},{"not_picked":["Dark Embrace","Cleave"],"picked":"Shrug It Off","floor":6},{"not_picked":["Flame Barrier","Sword Boomerang"],"picked":"Rampage","floor":8},{"not_picked":["Sword Boomerang","True Grit"],"picked":"Rage","floor":9},{"not_picked":["Warcry","Twin Strike"],"picked":"Flex","floor":10},{"not_picked":["Cleave","Heavy Blade"],"picked":"Sword Boomerang","floor":13},{"not_picked":["Dark Embrace","Fiend Fire"],"picked":"Feed","floor":16},{"not_picked":["Feel No Pain","Evolve"],"picked":"Iron Wave","floor":18},{"not_picked":["Clash","Havoc"],"picked":"Thunderclap","floor":21},{"not_picked":["Corruption","True Grit"],"picked":"Shrug It Off","floor":22},{"not_picked":["Evolve","Havoc"],"picked":"Warcry","floor":24},{"not_picked":["Hemokinesis","Wild Strike"],"picked":"Uppercut","floor":26},{"not_picked":["Pommel Strike","Perfected Strike"],"picked":"Cleave","floor":29},{"not_picked":["Body Slam","Flex"],"picked":"Reaper","floor":30},{"not_picked":["Anger","Ghostly Armor"],"picked":"Reckless Charge","floor":31},{"not_picked":["Brutality","Fiend Fire"],"picked":"Immolate","floor":33},{"not_picked":["Cleave","Wild Strike"],"picked":"Uppercut","floor":35},{"not_picked":["Jack Of All Trades","Deep Breath"],"picked":"Apotheosis","floor":39},{"not_picked":["Jack Of All Trades","Madness"],"picked":"Panacea","floor":39},{"not_picked":["Blind","Secret Technique"],"picked":"Secret Weapon","floor":39},{"not_picked":["Body Slam","Intimidate"],"picked":"Thunderclap","floor":41},{"not_picked":["Pommel Strike","Ghostly Armor"],"picked":"Anger","floor":43},{"not_picked":["Heavy Blade","Sword Boomerang"],"picked":"Body Slam","floor":44},{"not_picked":["Burning Pact","Flex"],"picked":"Headbutt","floor":45},{"not_picked":["Searing Blow","Thunderclap"],"picked":"Pommel Strike","floor":47},{"not_picked":["Wild Strike","Entrench"],"picked":"Dual Wield","floor":49}],"player_experience":288156,"potions_floor_usage":[13,18],"damage_taken":[{"damage":20,"enemies":"Cultist","floor":1,"turns":5},{"damage":35,"enemies":"3 Sentries","floor":6,"turns":7},{"damage":6,"enemies":"Jaw Worm","floor":8,"turns":5},{"damage":1,"enemies":"Small Slimes","floor":10,"turns":4},{"damage":30,"enemies":"Gremlin Nob","floor":13,"turns":4},{"damage":35,"enemies":"Slime Boss","floor":16,"turns":11},{"damage":25,"enemies":"Shell Parasite","floor":18,"turns":5},{"damage":54,"enemies":"Chosen","floor":21,"turns":6},{"damage":50,"enemies":"Sentry and Sphere","floor":24,"turns":7},{"damage":16,"enemies":"Slaver and Parasite","floor":30,"turns":4},{"damage":13,"enemies":"Centurion and Healer","floor":31,"turns":7},{"damage":63,"enemies":"Collector","floor":33,"turns":9},{"damage":21,"enemies":"3 Darklings","floor":35,"turns":5},{"damage":70,"enemies":"2 Orb Walkers","floor":41,"turns":5},{"damage":74,"enemies":"Mysterious Sphere","floor":44,"turns":4},{"damage":35,"enemies":"Giant Head","floor":47,"turns":7},{"damage":97,"enemies":"Time Eater","floor":50,"turns":8}],"event_choices":[{"event_name":"Big Fish","player_choice":"Box","floor":5,"damage_taken":0},{"event_name":"World of Goop","player_choice":"Gather Gold","floor":12,"damage_taken":0},{"event_name":"Match and Keep!","player_choice":"2 cards matched","floor":14,"damage_taken":0},{"event_name":"The Library","player_choice":"Read","floor":19,"damage_taken":0},{"event_name":"Forgotten Altar","player_choice":"Shed Blood","floor":20,"damage_taken":0},{"event_name":"Addict","player_choice":"Obtained Relic","floor":27,"damage_taken":0},{"event_name":"Beggar","player_choice":"Gave Gold","floor":28,"damage_taken":0},{"event_name":"Tomb of Lord Red Mask","player_choice":"Ignored","floor":36,"damage_taken":0},{"event_name":"SensoryStone","player_choice":"Memory 3","floor":39,"damage_taken":0},{"event_name":"The Moai Head","player_choice":"Heal","floor":42,"damage_taken":0},{"event_name":"Mysterious Sphere","player_choice":"Fight","floor":44,"damage_taken":0}],"boss_relics":[{"not_picked":["Astrolabe","Orrery"],"picked":"Sozu"},{"not_picked":["Runic Pyramid","Runic Dome"],"picked":"Eternal Feather"}],"potions_floor_spawned":[6,16,21,33,41,44,47],"seed_played":"-2922225423423736164","killed_by":"Time Eater","ascension_level":2,"is_trial":false}