{"gold_per_floor":[110,110,39,54,30,64,64,90,90,22,47,47,73,91,91,91],"floor_reached":16,"playtime":1189,"items_purged":[],"score":145,"play_id":"078e9649-a95c-4747-aa4d-5b2238f1ed28","local_time":"20190404190402","is_ascension_mode":true,"campfire_choices":[{"data":"Sucker Punch","floor":7,"key":"SMITH"},{"data":"Skewer","floor":15,"key":"SMITH"}],"neow_cost":"NONE","seed_source_timestamp":11879515196042,"circlet_count":0,"master_deck":["Defend_G","Defend_G","Defend_G","Defend_G","Defend_G","Strike_G","Strike_G","Strike_G","Survivor","Neutralize+1","Sucker Punch+1","Footwork","Flying Knee","Footwork","Blur","Well Laid Plans","Backflip","PiercingWail","Skewer+1"],"relics":["Ring of the Snake","Shovel","Unceasing Top","Gambling Chip","Juzu Bracelet","Blue Candle"],"potions_floor_usage":[8,16,16],"damage_taken":[{"damage":0,"enemies":"Small Slimes","floor":1,"turns":3},{"damage":0,"enemies":"Cultist","floor":4,"turns":4},{"damage":17,"enemies":"Gremlin Nob","floor":6,"turns":5},{"damage":8,"enemies":"3 Sentries","floor":8,"turns":11},{"damage":7,"enemies":"Lagavulin","floor":11,"turns":8},{"damage":3,"enemies":"3 Sentries","floor":13,"turns":13},{"damage":2,"enemies":"Jaw Worm","floor":14,"turns":4},{"damage":33,"enemies":"Slime Boss","floor":16,"turns":22}],"seed_played":"-4476042387101859516","potions_obtained":[{"floor":4,"key":"Fire Potion"},{"floor":6,"key":"Ancient Potion"},{"floor":11,"key":"GhostInAJar"},{"floor":14,"key":"EssenceOfSteel"}],"is_trial":false,"path_per_floor":["M","?","$","M","$","E","R","E","T","$","E","?","E","M","R","B"],"character_chosen":"THE_SILENT","items_purchased":["Footwork","Flying Knee","Well Laid Plans"],"campfire_rested":0,"item_purchase_floors":[3,5,10],"current_hp_per_floor":[70,70,70,70,70,53,53,45,45,45,38,31,28,26,26,0],"gold":91,"neow_bonus":"UPGRADE_CARD","is_prod":false,"is_daily":false,"chose_seed":false,"campfire_upgraded":2,"win_rate":0,"timestamp":1554415442,"path_taken":["M","?","?","M","$","E","R","E","T","$","E","?","E","M","R","BOSS"],"build_version":"2019-01-23","purchased_purges":0,"victory":false,"max_hp_per_floor":[70,70,70,70,70,70,70,70,70,70,70,70,70,70,70,70],"card_choices":[{"not_picked":["Backflip","Calculated Gamble"],"picked":"Sucker Punch","floor":1},{"not_picked":["Poisoned Stab","Heel Hook","Cloak And Dagger"],"picked":"SKIP","floor":4},{"not_picked":["Blur","Terror"],"picked":"Footwork","floor":6},{"not_picked":["Accuracy","Slice"],"picked":"Blur","floor":8},{"not_picked":["Reflex","A Thousand Cuts"],"picked":"Backflip","floor":11},{"not_picked":["Slice","Dagger Throw"],"picked":"PiercingWail","floor":13},{"not_picked":["Acrobatics","Masterful Stab"],"picked":"Skewer","floor":14}],"player_experience":515536,"relics_obtained":[{"floor":6,"key":"Shovel"},{"floor":8,"key":"Unceasing Top"},{"floor":9,"key":"Gambling Chip"},{"floor":11,"key":"Juzu Bracelet"},{"floor":13,"key":"Blue Candle"}],"event_choices":[{"cards_removed":["Strike_G"],"damage_healed":0,"gold_gain":0,"player_choice":"Card Removal","damage_taken":0,"max_hp_gain":0,"max_hp_loss":0,"event_name":"Wheel of Change","floor":2,"gold_loss":0},{"cards_removed":["Strike_G"],"damage_healed":0,"gold_gain":0,"player_choice":"Card Removal","damage_taken":7,"max_hp_gain":0,"max_hp_loss":0,"event_name":"Golden Wing","floor":12,"gold_loss":0}],"is_beta":false,"boss_relics":[],"items_purged_floors":[],"is_endless":false,"potions_floor_spawned":[4,6,11,14],"killed_by":"Slime Boss","ascension_level":3}