{"gold_per_floor":[119,130,149,160,175,200,200,228,254,254,234,251,251,29,29,131,131,147,157,174,174,184,209,209,239,239,239,271,97,97,112,112,112],"floor_reached":33,"playtime":1683,"items_purged":["Strike_R","Defend_R"],"score":412,"play_id":"4b9e4c11-44e6-45d0-9dc5-41d46f11c9aa","local_time":"20190322232908","is_ascension_mode":true,"campfire_choices":[{"data":"Whirlwind","floor":7,"key":"SMITH"},{"data":"Carnage","floor":10,"key":"SMITH"},{"data":"Bash","floor":13,"key":"SMITH"},{"data":"Infernal Blade","floor":15,"key":"SMITH"},{"data":"Bludgeon","floor":24,"key":"SMITH"},{"floor":27,"key":"REST"},{"data":"Feed","floor":30,"key":"SMITH"},{"floor":32,"key":"RECALL"}],"neow_cost":"NONE","seed_source_timestamp":78597113780393,"circlet_count":0,"master_deck":["Strike_R","Strike_R","Strike_R","Strike_R+1","Defend_R","Defend_R","Defend_R","Bash+1","Cleave","Infernal Blade+1","Whirlwind+1","Thunderclap+1","Shrug It Off","Twin Strike","Carnage+1","Bludgeon+1","Clash","Spot Weakness","Inflame+1","Uppercut+1","Disarm+1","Feed+1"],"relics":["Burning Blood","Orichalcum","Boot","Whetstone","Philosopher\u0027s Stone","Anchor","Dream Catcher","Toxic Egg 2","Omamori"],"potions_floor_usage":[5,6,6,22,22,23,28,33],"damage_taken":[{"damage":0,"enemies":"Small Slimes","floor":1,"turns":3},{"damage":1,"enemies":"Cultist","floor":2,"turns":3},{"damage":0,"enemies":"2 Louse","floor":3,"turns":1},{"damage":0,"enemies":"2 Fungi Beasts","floor":4,"turns":2},{"damage":4,"enemies":"Gremlin Gang","floor":5,"turns":2},{"damage":3,"enemies":"Lagavulin","floor":6,"turns":5},{"damage":16,"enemies":"Gremlin Nob","floor":8,"turns":4},{"damage":4,"enemies":"Blue Slaver","floor":12,"turns":3},{"damage":0,"enemies":"Slime Boss","floor":16,"turns":6},{"damage":4,"enemies":"3 Byrds","floor":18,"turns":3},{"damage":5,"enemies":"Spheric Guardian","floor":19,"turns":3},{"damage":7,"enemies":"Cultist and Chosen","floor":20,"turns":3},{"damage":6,"enemies":"Shelled Parasite and Fungi","floor":22,"turns":3},{"damage":43,"enemies":"Book of Stabbing","floor":23,"turns":4},{"damage":25,"enemies":"Gremlin Leader","floor":25,"turns":4},{"damage":0,"enemies":"Slavers","floor":28,"turns":1},{"damage":0,"enemies":"Centurion and Healer","floor":31,"turns":4},{"damage":66,"enemies":"Champ","floor":33,"turns":9}],"seed_played":"2610799456222464970","potions_obtained":[{"floor":2,"key":"SteroidPotion"},{"floor":3,"key":"AttackPotion"},{"floor":4,"key":"Swift Potion"},{"floor":11,"key":"Block Potion"},{"floor":16,"key":"Energy Potion"},{"floor":19,"key":"SpeedPotion"},{"floor":25,"key":"Energy Potion"},{"floor":31,"key":"Dexterity Potion"}],"is_trial":false,"path_per_floor":["?","M","?"],"character_chosen":"IRONCLAD","items_purchased":["Whetstone","Feed"],"campfire_rested":1,"item_purchase_floors":[14,29],"current_hp_per_floor":[80,80,80,80,80,80,80,70,70,70,70,72,72,72,72,78,80,80,80,79,79,79,42,42,23,23,47,53,53,53,59,59,0],"gold":112,"neow_bonus":"THREE_CARDS","is_prod":false,"is_daily":false,"chose_seed":false,"campfire_upgraded":6,"win_rate":0,"timestamp":1553272148,"path_taken":["M","M","M","M","M","E","R","E","T","R","?","?","R","$","R","BOSS","M","M","M","?","M","E","R","E","T","R","E","$","R","M","R","BOSS"],"build_version":"2019-01-23","purchased_purges":2,"victory":false,"max_hp_per_floor":[80,80,80,80,80,80,80,80,80,80,80,80,80,80,80,80,80,80,80,80,80,80,80,80,80,80,80,80,80,80,80,80,80],"card_choices":[{"not_picked":["Thunderclap","Clash"],"picked":"Cleave","floor":0},{"not_picked":["Pommel Strike","Clothesline"],"picked":"Infernal Blade","floor":1},{"not_picked":["Inflame","Shrug It Off"],"picked":"Whirlwind","floor":2},{"not_picked":["Armaments","Twin Strike"],"picked":"Thunderclap","floor":3},{"not_picked":["Cleave","Clothesline"],"picked":"Shrug It Off","floor":4},{"not_picked":["Clothesline","Sword Boomerang"],"picked":"Twin Strike","floor":5},{"not_picked":["Havoc","Thunderclap","Power Through"],"picked":"SKIP","floor":6},{"not_picked":["Limit Break","Flex"],"picked":"Carnage","floor":8},{"not_picked":["Corruption","Feel No Pain","Wild Strike"],"picked":"SKIP","floor":12},{"not_picked":["Dark Embrace","Juggernaut"],"picked":"Bludgeon","floor":16},{"not_picked":["Shrug It Off+1","Flame Barrier+1","Sword Boomerang+1"],"picked":"SKIP","floor":18},{"not_picked":["Sword Boomerang+1","Evolve","Shockwave"],"picked":"SKIP","floor":19},{"not_picked":["Havoc+1","Shrug It Off","Ghostly Armor"],"picked":"SKIP","floor":20},{"not_picked":["True Grit+1","Power Through"],"picked":"Spot Weakness","floor":22},{"not_picked":["True Grit","Immolate"],"picked":"Inflame+1","floor":23},{"not_picked":["Pummel","Heavy Blade"],"picked":"Uppercut+1","floor":25},{"not_picked":["Infernal Blade+1","Entrench+1"],"picked":"Disarm+1","floor":27},{"not_picked":["Clothesline+1","Fiend Fire","Body Slam"],"picked":"SKIP","floor":28},{"not_picked":["Anger+1","Rupture+1","Flame Barrier+1"],"picked":"SKIP","floor":31}],"player_experience":102348,"relics_obtained":[{"floor":6,"key":"Orichalcum"},{"floor":8,"key":"Boot"},{"floor":23,"key":"Anchor"},{"floor":25,"key":"Dream Catcher"},{"floor":26,"key":"Toxic Egg 2"},{"floor":28,"key":"Omamori"}],"event_choices":[{"damage_healed":0,"gold_gain":0,"player_choice":"Bought 1 Potion","damage_taken":0,"max_hp_gain":0,"max_hp_loss":0,"event_name":"The Woman in Blue","floor":11,"gold_loss":0},{"damage_healed":0,"gold_gain":0,"player_choice":"Read","damage_taken":0,"max_hp_gain":0,"max_hp_loss":0,"event_name":"The Library","floor":21,"gold_loss":0,"cards_obtained":["Clash"]}],"is_beta":false,"boss_relics":[{"not_picked":["Astrolabe","Tiny House"],"picked":"Philosopher\u0027s Stone"}],"items_purged_floors":[14,29],"is_endless":false,"potions_floor_spawned":[2,3,4,16,19,20,25,31],"killed_by":"Champ","ascension_level":1}