{"gold_per_floor":[110,285,295,315,23,58,58,76,99,112,112,132,132,151,151,252,252,268,268,268,268,281,309,309,322,322,322],"floor_reached":27,"playtime":1471,"items_purged":[],"score":270,"play_id":"70fa5f1d-61e3-49b9-bba1-bf6a6772e5b1","local_time":"20180815104605","is_ascension_mode":true,"campfire_choices":[{"data":"Zap","floor":11,"key":"SMITH"},{"floor":15,"key":"REST"},{"floor":24,"key":"REST"}],"neow_cost":"NONE","seed_source_timestamp":507942925447027,"circlet_count":0,"master_deck":["Strike_B","Strike_B","Strike_B","Strike_B","Defend_B","Defend_B","Defend_B","Defend_B","Zap+1","Dualcast","Go for the Eyes","Chill","Ball Lightning+1","Echo Form","Writhe","Double Energy+1"],"relics":["Busted Crown","Thread and Needle","Happy Flower","DataDisk","Boot","Empty Cage","Vajra","Incense Burner","Bottled Tornado"],"potions_floor_usage":[6,6,10,12,23],"damage_taken":[{"damage":0,"enemies":"Jaw Worm","floor":1,"turns":3},{"damage":4,"enemies":"Small Slimes","floor":3,"turns":4},{"damage":2,"enemies":"Cultist","floor":4,"turns":4},{"damage":21,"enemies":"Gremlin Nob","floor":6,"turns":5},{"damage":3,"enemies":"Large Slime","floor":8,"turns":6},{"damage":7,"enemies":"3 Louse","floor":10,"turns":4},{"damage":0,"enemies":"Blue Slaver","floor":12,"turns":3},{"damage":27,"enemies":"Gremlin Gang","floor":14,"turns":5},{"damage":26,"enemies":"The Guardian","floor":16,"turns":12},{"damage":2,"enemies":"3 Byrds","floor":18,"turns":4},{"damage":0,"enemies":"Chosen","floor":22,"turns":4},{"damage":62,"enemies":"Slavers","floor":23,"turns":8},{"damage":14,"enemies":"Centurion and Healer","floor":25,"turns":7},{"damage":29,"enemies":"Book of Stabbing","floor":27,"turns":5}],"seed_played":"8579351485929996307","potions_obtained":[{"floor":1,"key":"Explosive Potion"},{"floor":4,"key":"Explosive Potion"},{"floor":8,"key":"Regen Potion"},{"floor":10,"key":"GamblersBrew"},{"floor":22,"key":"PowerPotion"}],"is_trial":false,"path_per_floor":["M","?","M","M","$","E","?","M","T","M","R","M","?","M","R","B",null,"M","?","?","?","M","E","R","M","T"],"character_chosen":"DEFECT","items_purchased":["Thread and Needle"],"campfire_rested":2,"item_purchase_floors":[5],"current_hp_per_floor":[75,75,71,69,69,48,48,45,45,50,50,50,50,23,45,19,75,73,73,59,80,80,18,42,28,28,0],"gold":322,"neow_bonus":"BOSS_RELIC","is_prod":false,"is_daily":false,"chose_seed":false,"campfire_upgraded":1,"win_rate":0,"timestamp":1534322765,"path_taken":["M","?","?","M","$","E","?","M","T","M","R","?","?","M","R","BOSS","M","?","?","?","M","E","R","M","T","E"],"build_version":"2018-08-09","purchased_purges":0,"victory":false,"max_hp_per_floor":[75,75,75,75,75,75,75,75,75,75,75,75,75,75,75,75,75,75,75,80,80,80,80,80,80,80,80],"card_choices":[{"not_picked":["Darkness"],"picked":"SKIP","floor":1},{"not_picked":[],"picked":"Go for the Eyes","floor":3},{"not_picked":[],"picked":"Chill","floor":4},{"not_picked":["Recycle"],"picked":"SKIP","floor":6},{"not_picked":["Stack"],"picked":"SKIP","floor":8},{"not_picked":[],"picked":"Ball Lightning","floor":10},{"not_picked":["Compile Driver"],"picked":"SKIP","floor":12},{"not_picked":["Rip and Tear"],"picked":"SKIP","floor":14},{"not_picked":[],"picked":"Echo Form","floor":16},{"not_picked":["Undo"],"picked":"SKIP","floor":18},{"not_picked":[],"picked":"Double Energy+1","floor":22},{"not_picked":["Loop"],"picked":"SKIP","floor":23},{"not_picked":["Coolheaded"],"picked":"SKIP","floor":25}],"player_experience":267975,"relics_obtained":[{"floor":6,"key":"Happy Flower"},{"floor":9,"key":"Boot"},{"floor":23,"key":"Incense Burner"},{"floor":26,"key":"Bottled Tornado"}],"event_choices":[{"event_name":"Liars Game","player_choice":"agreed","floor":2,"damage_taken":0},{"event_name":"Big Fish","player_choice":"Box","floor":7,"damage_taken":0},{"event_name":"Accursed Blacksmith","player_choice":"Forge","floor":13,"damage_taken":0},{"event_name":"The Mausoleum","player_choice":"Yes","floor":19,"damage_taken":0},{"event_name":"Forgotten Altar","player_choice":"Shed Blood","floor":20,"damage_taken":0},{"event_name":"The Library","player_choice":"Heal","floor":21,"damage_taken":0}],"is_beta":false,"boss_relics":[{"not_picked":["Orrery","Nuclear Battery"],"picked":"Empty Cage"}],"items_purged_floors":[],"is_endless":false,"potions_floor_spawned":[1,4,8,10,22],"killed_by":"Book of Stabbing","ascension_level":3}