{"gold_per_floor":[114,114,114,1,1,1,1,17,41,54,81,96,116,116],"floor_reached":14,"playtime":1084,"items_purged":["Defend_G"],"score":104,"play_id":"606b43e5-7596-4698-a2b2-773764e8929e","local_time":"20180825190342","is_ascension_mode":true,"campfire_choices":[{"floor":6,"key":"REST"}],"neow_cost":"","seed_source_timestamp":551217933187719,"circlet_count":0,"master_deck":["Defend_G+1","Defend_G","Defend_G","Defend_G","Strike_G","Strike_G","Strike_G","Strike_G","Survivor","Neutralize","Footwork","Infinite Blades","Outmaneuver","Well Laid Plans","Catalyst"],"relics":["Ring of the Snake","Gremlin Horn","Vajra","Ancient Tea Set","Snake Skull"],"potions_floor_usage":[13],"damage_taken":[{"damage":4,"enemies":"Jaw Worm","floor":1,"turns":6},{"damage":0,"enemies":"Small Slimes","floor":8,"turns":3},{"damage":0,"enemies":"2 Louse","floor":10,"turns":2},{"damage":24,"enemies":"Lagavulin","floor":11,"turns":9},{"damage":20,"enemies":"Gremlin Gang","floor":12,"turns":5},{"damage":2,"enemies":"Exordium Thugs","floor":13,"turns":4},{"damage":16,"enemies":"Gremlin Nob","floor":14,"turns":2}],"seed_played":"-8502517770741317118","potions_obtained":[{"floor":1,"key":"Dexterity Potion"},{"floor":10,"key":"GhostInAJar"},{"floor":13,"key":"Energy Potion"}],"is_trial":false,"path_per_floor":["M","?","?","$","T","R","?","M","T","M","E","M","M"],"character_chosen":"THE_SILENT","items_purchased":["Infinite Blades"],"campfire_rested":1,"item_purchase_floors":[4],"current_hp_per_floor":[66,52,45,45,45,66,59,59,59,59,35,15,13,0],"gold":116,"neow_bonus":"","is_prod":false,"is_daily":false,"chose_seed":false,"campfire_upgraded":0,"win_rate":0,"timestamp":1535249022,"path_taken":["M","?","?","$","?","R","?","M","T","M","E","M","?","E"],"build_version":"2018-08-23v2","purchased_purges":1,"victory":false,"max_hp_per_floor":[70,70,70,70,70,70,70,70,70,70,70,70,70,70],"card_choices":[{"not_picked":["Poisoned Stab","Crippling Poison"],"picked":"Footwork","floor":1},{"not_picked":["Poisoned Stab","Underhanded Strike","Dagger Throw"],"picked":"SKIP","floor":8},{"not_picked":["Poisoned Stab","Dagger Throw"],"picked":"Outmaneuver","floor":10},{"not_picked":["Reflex","Bane","Flying Knee"],"picked":"SKIP","floor":11},{"not_picked":["Backstab","Distraction"],"picked":"Well Laid Plans","floor":12},{"not_picked":["Caltrops","Dagger Throw"],"picked":"Catalyst","floor":13}],"player_experience":728488,"relics_obtained":[{"floor":5,"key":"Gremlin Horn"},{"floor":9,"key":"Ancient Tea Set"},{"floor":11,"key":"Snake Skull"}],"event_choices":[{"event_name":"Shining Light","player_choice":"Entered Light","floor":2,"damage_taken":0},{"event_name":"Golden Wing","player_choice":"Card Removal","floor":3,"damage_taken":0},{"event_name":"Scrap Ooze","player_choice":"success","floor":7,"damage_taken":7}],"is_beta":false,"boss_relics":[],"items_purged_floors":[4],"is_endless":false,"potions_floor_spawned":[1,10,13],"killed_by":"Gremlin Nob","ascension_level":3}