{"path_per_floor":["M","M","$","?","?","R","M","M","T","R","M","E","M","T","R","B",null,"M","?","?","$","?","R","M","E","T"],"character_chosen":"IRONCLAD","items_purchased":["Seeing Red","Rupture","Transmutation"],"gold_per_floor":[116,128,19,19,19,19,32,48,74,74,85,113,123,196,196,298,298,298,298,298,62,0,0,16,42,66,66],"floor_reached":27,"campfire_rested":2,"playtime":2745,"current_hp_per_floor":[80,77,77,77,82,82,84,84,84,84,61,28,20,20,45,29,85,85,59,49,49,49,64,62,28,28,0],"items_purged":["Defend_R"],"gold":66,"score":268,"play_id":"c618dd94-b097-4717-8e0f-13e1e5029fb0","local_time":"20180524144110","is_prod":false,"is_daily":false,"chose_seed":false,"is_ascension_mode":true,"campfire_upgraded":2,"timestamp":1527198070,"campfire_choices":[{"data":"Combust","floor":6.0,"key":"SMITH"},{"data":"Entrench","floor":10.0,"key":"SMITH"},{"floor":15.0,"key":"REST"},{"floor":23.0,"key":"REST"}],"path_taken":["M","?","?","?","?","R","M","M","T","R","M","E","M","?","R","BOSS","M","?","?","$","?","R","M","E","T","E"],"build_version":"2018-05-17","seed_source_timestamp":0,"purchased_purges":2,"victory":false,"master_deck":["Defend_R","Defend_R","Defend_R","Bash","Combust+1","Entrench+1","Seeing Red","Seeing Red","Intimidate","Ghostly Armor","Feel No Pain","Anger","Fiend Fire","Bite","Bite","Bite","Bite","Bite","Rupture+1","Transmutation"],"max_hp_per_floor":[80,80,80,80,85,85,85,85,85,85,85,85,85,85,85,85,85,85,59,64,64,64,64,64,74,74,74],"relics":["Burning Blood","Ancient Tea Set","Potion Belt","Frozen Egg 2","Runic Cube","Pear","Bag of Preparation"],"card_choices":[{"not_picked":["Clash","Sentinel"],"picked":"Entrench","floor":1.0},{"not_picked":["Dropkick","Sword Boomerang"],"picked":"Seeing Red","floor":2.0},{"not_picked":["Flex","Pummel"],"picked":"Intimidate","floor":7.0},{"not_picked":["Clash","Clothesline","Cleave"],"picked":"SKIP","floor":8.0},{"not_picked":["Sword Boomerang","Rage"],"picked":"Ghostly Armor","floor":11.0},{"not_picked":["Rage","Twin Strike"],"picked":"Feel No Pain","floor":12.0},{"not_picked":["Havoc","Uppercut"],"picked":"Anger","floor":13.0},{"not_picked":["Offering","Reaper"],"picked":"Fiend Fire","floor":16.0},{"not_picked":["Warcry","Anger","Cleave"],"picked":"SKIP","floor":24.0},{"not_picked":["Feel No Pain+1","Perfected Strike+1","Cleave"],"picked":"SKIP","floor":25.0}],"player_experience":423680,"potions_floor_usage":[27,27],"damage_taken":[{"damage":3.0,"enemies":"Cultist","floor":1.0,"turns":4.0},{"damage":9.0,"enemies":"2 Louse","floor":2.0,"turns":3.0},{"damage":4.0,"enemies":"Small Slimes","floor":7.0,"turns":4.0},{"damage":6.0,"enemies":"3 Louse","floor":8.0,"turns":2.0},{"damage":29.0,"enemies":"Large Slime","floor":11.0,"turns":7.0},{"damage":39.0,"enemies":"Lagavulin","floor":12.0,"turns":8.0},{"damage":14.0,"enemies":"Exordium Thugs","floor":13.0,"turns":5.0},{"damage":22.0,"enemies":"Slime Boss","floor":16.0,"turns":8.0},{"damage":0.0,"enemies":"Shell Parasite","floor":18.0,"turns":2.0},{"damage":17.0,"enemies":"3 Byrds","floor":24.0,"turns":3.0},{"damage":85.0,"enemies":"Gremlin Leader","floor":25.0,"turns":10.0},{"damage":38,"enemies":"Book of Stabbing","floor":27,"turns":4}],"relics_obtained":[{"floor":9.0,"key":"Ancient Tea Set"},{"floor":12.0,"key":"Potion Belt"},{"floor":14.0,"key":"Frozen Egg 2"},{"floor":25.0,"key":"Pear"},{"floor":26.0,"key":"Bag of Preparation"}],"event_choices":[{"event_name":"The Lab","player_choice":"Got Potions","floor":4.0,"damage_taken":0.0},{"event_name":"Big Fish","player_choice":"Donut","floor":5.0,"damage_taken":0.0},{"event_name":"Vampires","player_choice":"Became a vampire","floor":19.0,"damage_taken":0.0},{"event_name":"Forgotten Altar","player_choice":"Shed Blood","floor":20.0,"damage_taken":0.0},{"event_name":"Masked Bandits","player_choice":"Paid Bandits 62 gold","floor":22.0,"damage_taken":0.0}],"boss_relics":[],"potions_floor_spawned":[1,12,24,25],"seed_played":"2360695577896998235","killed_by":"Book of Stabbing","ascension_level":1,"potions_obtained":[{"floor":1.0,"key":"Weak Potion"},{"floor":4.0,"key":"GamblersBrew"},{"floor":4.0,"key":"SmokeBomb"},{"floor":4.0,"key":"SteroidPotion"},{"floor":12.0,"key":"Ancient Potion"},{"floor":24.0,"key":"Regen Potion"},{"floor":25.0,"key":"FearPotion"}],"is_trial":false}