{"gold_per_floor":[116,41,41,116,136,136,167,167,167,192,192,219,369,369,369,443,443,455,481,481,481,12,12,12],"floor_reached":24,"playtime":776,"items_purged":[],"score":462,"play_id":"d58e0075-1dab-4cc5-bd01-392c2fb8efdb","local_time":"20190115132704","is_ascension_mode":true,"campfire_choices":[{"data":"Deadly Poison","floor":6.0,"key":"SMITH"},{"data":"Noxious Fumes","floor":8.0,"key":"SMITH"},{"data":"Neutralize","floor":11.0,"key":"SMITH"},{"floor":15.0,"key":"REST"},{"data":"Malaise","floor":23.0,"key":"SMITH"}],"neow_cost":"NONE","seed_source_timestamp":0,"circlet_count":0,"master_deck":["AscendersBane","Defend_G","Defend_G","Defend_G","Defend_G","Defend_G","Strike_G","Strike_G","Survivor","Neutralize+1","Deadly Poison+1","Terror","Noxious Fumes+1","Calculated Gamble","Footwork+1","Malaise+1","Deadly Poison","Backstab","Finisher","Escape Plan","Skewer"],"special_seed":0,"relics":["Ring of the Snake","NeowsBlessing","Omamori","Mummified Hand","Paper Crane","Meat on the Bone","Lizard Tail","Red Mask","Snake Skull","Sling"],"potions_floor_usage":[24],"damage_taken":[{"damage":0.0,"enemies":"Small Slimes","floor":1.0,"turns":1.0},{"damage":0.0,"enemies":"2 Louse","floor":5.0,"turns":1.0},{"damage":0.0,"enemies":"Gremlin Nob","floor":7.0,"turns":1.0},{"damage":21.0,"enemies":"3 Sentries","floor":10.0,"turns":7.0},{"damage":15.0,"enemies":"Lagavulin","floor":12.0,"turns":5.0},{"damage":6.0,"enemies":"Slime Boss","floor":16.0,"turns":9.0},{"damage":13.0,"enemies":"3 Byrds","floor":18.0,"turns":5.0},{"damage":76.0,"enemies":"Masked Bandits","floor":19.0,"turns":8.0},{"damage":39,"enemies":"Gremlin Leader","floor":24,"turns":5}],"seed_played":"924256184956622623","potions_obtained":[{"floor":1.0,"key":"Strength Potion"},{"floor":12.0,"key":"Dexterity Potion"},{"floor":18.0,"key":"Regen Potion"},{"floor":19.0,"key":"SteroidPotion"}],"is_trial":false,"path_per_floor":["M","?","$","?","M","R","E","R","T","E","R","E","?","?","R","B",null,"M","?","?","?","$","R","E"],"character_chosen":"THE_SILENT","items_purchased":["Snake Skull","Sling","Skewer"],"campfire_rested":1,"item_purchase_floors":[22,22,22],"current_hp_per_floor":[59,59,59,48,48,48,48,48,48,27,27,12,12,12,31,37,59,46,37,37,37,37,37,0],"gold":12,"neow_bonus":"THREE_ENEMY_KILL","is_prod":false,"is_daily":false,"chose_seed":false,"campfire_upgraded":4,"win_rate":0,"timestamp":1547555224,"path_taken":["M","?","$","?","M","R","E","R","T","E","R","E","?","?","R","BOSS","M","?","?","?","$","R","E"],"build_version":"2019-01-10","purchased_purges":0,"victory":false,"max_hp_per_floor":[66,66,66,66,66,66,66,66,66,66,66,66,66,66,66,66,66,66,66,66,66,66,66,66],"card_choices":[{"not_picked":["Riddle With Holes","Infinite Blades"],"picked":"Deadly Poison","floor":1.0},{"not_picked":["Riddle With Holes","Choke"],"picked":"Terror","floor":5.0},{"not_picked":["Dash","Masterful Stab"],"picked":"Noxious Fumes","floor":7.0},{"not_picked":["Cloak And Dagger","Blade Dance"],"picked":"Calculated Gamble","floor":10.0},{"not_picked":["Leg Sweep","Backstab"],"picked":"Footwork","floor":12.0},{"not_picked":["Die Die Die","Storm of Steel"],"picked":"Malaise","floor":16.0},{"not_picked":["Distraction","Dagger Throw"],"picked":"Deadly Poison","floor":18.0},{"not_picked":["Cloak And Dagger","Dagger Spray"],"picked":"Backstab","floor":19.0}],"player_experience":1204178,"relics_obtained":[{"floor":7.0,"key":"Omamori"},{"floor":9.0,"key":"Mummified Hand"},{"floor":10.0,"key":"Paper Crane"},{"floor":12.0,"key":"Meat on the Bone"},{"floor":19.0,"key":"Red Mask"}],"event_choices":[{"cards_removed":["Strike_G"],"damage_healed":0.0,"max_hp_gain":0.0,"max_hp_loss":0.0,"gold_gain":0.0,"event_name":"The Cleric","player_choice":"Card Removal","floor":2.0,"gold_loss":75.0,"damage_taken":0.0},{"damage_healed":0.0,"max_hp_gain":0.0,"max_hp_loss":0.0,"gold_gain":75.0,"event_name":"World of Goop","player_choice":"Gather Gold","floor":4.0,"gold_loss":0.0,"damage_taken":11.0},{"damage_healed":0.0,"max_hp_gain":0.0,"max_hp_loss":0.0,"gold_gain":150.0,"event_name":"Liars Game","player_choice":"AGREE","floor":13.0,"gold_loss":0.0,"damage_taken":0.0,"cards_obtained":["Doubt"]},{"damage_healed":0.0,"max_hp_gain":0.0,"max_hp_loss":0.0,"gold_gain":0.0,"event_name":"Living Wall","player_choice":"Grow","floor":14.0,"gold_loss":0.0,"damage_taken":0.0,"cards_upgraded":["Footwork"]},{"damage_healed":0.0,"max_hp_gain":0.0,"max_hp_loss":0.0,"gold_gain":0.0,"event_name":"Masked Bandits","player_choice":"Fought Bandits","floor":19.0,"gold_loss":0.0,"damage_taken":0.0},{"damage_healed":0.0,"max_hp_gain":0.0,"max_hp_loss":0.0,"gold_gain":0.0,"cards_transformed":["Strike_G","Strike_G"],"event_name":"Drug Dealer","player_choice":"Became Test Subject","floor":20.0,"gold_loss":0.0,"damage_taken":0.0,"cards_obtained":["Grand Finale","Finisher"]},{"damage_healed":0.0,"max_hp_gain":0.0,"max_hp_loss":0.0,"gold_gain":0.0,"cards_transformed":["Grand Finale"],"event_name":"Transmorgrifier","player_choice":"Transformed","floor":21.0,"gold_loss":0.0,"damage_taken":0.0,"cards_obtained":["Escape Plan"]}],"is_beta":false,"boss_relics":[{"not_picked":["Runic Dome","Coffee Dripper"],"picked":"Lizard Tail"}],"items_purged_floors":[],"is_endless":false,"potions_floor_spawned":[1,12,18,19],"killed_by":"Gremlin Leader","ascension_level":20}