{"gold_per_floor":[116,116,130,144,155,180,180,180,180,206,171,206,38,38,38,139,139,149,149,1,1,1,1,35,35,35,62,82,82,96,127,127,227,227,238,166,266,226,241,241,275,295,295,295,343,378,378,412,412,412,412,412,19,45,45],"floor_reached":55,"playtime":4616,"items_purged":["Strike_B"],"score":1363,"play_id":"a6ac85b1-2e94-43f2-961b-d9cc8fb6ec66","local_time":"20190324222711","is_ascension_mode":true,"campfire_choices":[{"floor":7,"key":"REST"},{"data":"Defragment","floor":15,"key":"SMITH"},{"data":"Coolheaded","floor":23,"key":"SMITH"},{"data":"Sunder","floor":25,"key":"SMITH"},{"data":"Hologram","floor":32,"key":"SMITH"},{"data":"Coolheaded","floor":40,"key":"SMITH"},{"floor":49,"key":"RECALL"},{"data":"Deep Breath","floor":52,"key":"SMITH"}],"neow_cost":"NONE","seed_source_timestamp":594698304583600,"circlet_count":0,"master_deck":["AscendersBane","Strike_B","Defend_B","Defend_B","Defend_B","Defend_B","Zap","Dualcast","Zap","Barrage+1","Defragment+1","Ball Lightning+1","Sunder+1","Coolheaded+1","Capacitor+1","Capacitor+1","Steam","Machine Learning+1","Chill+1","Heatsinks+1","Hologram+1","Conserve Battery","Aggregate","Self Repair+1","Go for the Eyes+1","Biased Cognition+1","Barrage+1","Coolheaded+1","Ball Lightning+1","Core Surge+1","Coolheaded+1","Loop+1","Glacier+1","Hologram","Hologram","Double Energy+1","Steam+1","Core Surge+1","Discovery","Panacea","Deep Breath+1","Thinking Ahead","Turbo"],"relics":["Cracked Core","Blue Candle","Mummified Hand","Frozen Egg 2","Anchor","Eternal Feather","Omamori","Ancient Tea Set","Molten Egg 2","Whetstone","Coffee Dripper","Thread and Needle","The Courier","Symbiotic Virus","Girya","Bronze Scales","Lantern","Incense Burner","Shuriken"],"potions_floor_usage":[6,10,16,24,28,31,37,45,45,45,50],"damage_taken":[{"damage":2,"enemies":"Small Slimes","floor":1,"turns":4},{"damage":0,"enemies":"Cultist","floor":3,"turns":4},{"damage":7,"enemies":"2 Louse","floor":4,"turns":2},{"damage":14,"enemies":"Blue Slaver","floor":5,"turns":4},{"damage":34,"enemies":"Gremlin Nob","floor":6,"turns":4},{"damage":39,"enemies":"Lagavulin","floor":10,"turns":6},{"damage":33,"enemies":"Gremlin Nob","floor":12,"turns":4},{"damage":0,"enemies":"Slime Boss","floor":16,"turns":6},{"damage":28,"enemies":"2 Thieves","floor":18,"turns":4},{"damage":25,"enemies":"Slavers","floor":24,"turns":6},{"damage":36,"enemies":"Gremlin Leader","floor":27,"turns":8},{"damage":0,"enemies":"Chosen","floor":28,"turns":5},{"damage":0,"enemies":"Shelled Parasite and Fungi","floor":30,"turns":4},{"damage":0,"enemies":"Slavers","floor":31,"turns":5},{"damage":33,"enemies":"Collector","floor":33,"turns":11},{"damage":0,"enemies":"3 Shapes","floor":35,"turns":2},{"damage":18,"enemies":"Mind Bloom Boss Battle","floor":37,"turns":6},{"damage":0,"enemies":"Orb Walker","floor":39,"turns":4},{"damage":35,"enemies":"Reptomancer","floor":41,"turns":7},{"damage":13,"enemies":"3 Darklings","floor":42,"turns":4},{"damage":0,"enemies":"2 Orb Walkers","floor":45,"turns":5},{"damage":6,"enemies":"Giant Head","floor":46,"turns":11},{"damage":0,"enemies":"Reptomancer","floor":48,"turns":6},{"damage":77,"enemies":"Awakened One","floor":50,"turns":16},{"damage":12,"enemies":"Shield and Spear","floor":54,"turns":8},{"damage":80,"enemies":"The Heart","floor":55,"turns":8}],"seed_played":"3808392187992482637","potions_obtained":[{"floor":1,"key":"Poison Potion"},{"floor":6,"key":"Dexterity Potion"},{"floor":10,"key":"LiquidBronze"},{"floor":12,"key":"FocusPotion"},{"floor":16,"key":"Ancient Potion"},{"floor":30,"key":"SkillPotion"},{"floor":33,"key":"Weak Potion"},{"floor":38,"key":"Poison Potion"},{"floor":38,"key":"GamblersBrew"},{"floor":38,"key":"SneckoOil"},{"floor":48,"key":"Swift Potion"}],"is_trial":false,"path_per_floor":["M","?","M","M","M","E","R","?","T","E","?","E","$","?","R","B",null,"M","T","$","?","?","R","E","R","T","E","M","?","M","E","R","B",null,"M","$","?","?","M","R","E","M","T","?","?","E","?","E","R","B",null,"R","$","E","B"],"character_chosen":"DEFECT","items_purchased":["Capacitor+1","Steam","Heatsinks+1","Hologram","Conserve Battery","Loop+1","Incense Burner","Thinking Ahead"],"campfire_rested":1,"item_purchase_floors":[13,13,20,20,20,36,53,53],"current_hp_per_floor":[73,73,73,66,52,18,42,69,69,30,50,17,17,82,82,82,82,54,54,54,54,54,66,51,66,66,40,50,50,60,70,82,59,76,76,76,68,68,78,82,57,54,54,75,75,79,69,79,82,15,65,82,82,80,0],"gold":45,"neow_bonus":"TEN_PERCENT_HP_BONUS","is_prod":false,"is_daily":false,"chose_seed":false,"campfire_upgraded":6,"win_rate":0,"timestamp":1553491631,"path_taken":["M","?","?","M","M","E","R","?","T","E","?","E","$","?","R","BOSS","M","?","$","?","?","R","E","R","T","E","M","?","?","E","R","BOSS","M","$","?","?","?","R","E","M","T","?","?","E","?","E","R","BOSS","R","$","E","BOSS"],"build_version":"2019-03-15","purchased_purges":1,"victory":false,"max_hp_per_floor":[82,82,82,82,82,82,82,82,82,82,82,82,82,82,82,82,82,82,82,82,82,82,82,82,82,82,82,82,82,82,82,82,82,82,82,82,82,82,82,82,82,82,82,82,82,82,82,82,82,82,82,82,82,82,82],"card_choices":[{"not_picked":["Barrage","Compile Driver"],"picked":"Capacitor","floor":1},{"not_picked":["Go for the Eyes","Beam Cell"],"picked":"Barrage","floor":3},{"not_picked":["Consume","Streamline"],"picked":"Defragment","floor":4},{"not_picked":["Steam","Redo"],"picked":"Ball Lightning","floor":5},{"not_picked":["BootSequence","Beam Cell"],"picked":"Sunder","floor":6},{"not_picked":["Compile Driver","Gash"],"picked":"Coolheaded","floor":10},{"not_picked":["Streamline","Doom and Gloom"],"picked":"Capacitor+1","floor":12},{"not_picked":["Seek","Biased Cognition+1"],"picked":"Machine Learning+1","floor":16},{"not_picked":["Beam Cell","Hologram"],"picked":"Chill+1","floor":18},{"not_picked":["Hologram","Scrape"],"picked":"Go for the Eyes+1","floor":24},{"not_picked":["Hologram","Rebound"],"picked":"Biased Cognition+1","floor":27},{"not_picked":["Leap","Turbo"],"picked":"Barrage+1","floor":28},{"not_picked":["Barrage+1","Go for the Eyes+1"],"picked":"Coolheaded","floor":30},{"not_picked":["Beam Cell+1","Sunder+1"],"picked":"Ball Lightning+1","floor":31},{"not_picked":["Rainbow","Thunder Strike+1"],"picked":"Core Surge+1","floor":33},{"not_picked":["Ball Lightning+1","Compile Driver+1"],"picked":"Coolheaded+1","floor":35},{"not_picked":["Aggregate","Undo"],"picked":"Glacier+1","floor":37},{"not_picked":["Steam","Go for the Eyes+1"],"picked":"Hologram","floor":39},{"not_picked":["Storm+1","Auto Shields+1"],"picked":"Hologram","floor":41},{"not_picked":["Go for the Eyes+1","Genetic Algorithm"],"picked":"Double Energy+1","floor":42},{"not_picked":["Lockon+1","Redo"],"picked":"Steam+1","floor":45},{"not_picked":["Sweeping Beam+1","Hello World+1"],"picked":"Core Surge+1","floor":46},{"not_picked":["Good Instincts","Finesse"],"picked":"Discovery","floor":47},{"not_picked":["Finesse","Deep Breath"],"picked":"Panacea","floor":47},{"not_picked":["Chrysalis","Blind"],"picked":"Deep Breath","floor":47},{"not_picked":["Go for the Eyes+1","Hello World+1","Double Energy"],"picked":"SKIP","floor":48},{"not_picked":["Scrape+1","Stack"],"picked":"Turbo","floor":54}],"player_experience":634721,"relics_obtained":[{"floor":6,"key":"Blue Candle"},{"floor":9,"key":"Mummified Hand"},{"floor":10,"key":"Frozen Egg 2"},{"floor":12,"key":"Anchor"},{"floor":19,"key":"Omamori"},{"floor":24,"key":"Ancient Tea Set"},{"floor":27,"key":"Molten Egg 2"},{"floor":31,"key":"Whetstone"},{"floor":37,"key":"Thread and Needle"},{"floor":41,"key":"The Courier"},{"floor":43,"key":"Symbiotic Virus"},{"floor":45,"key":"Girya"},{"floor":46,"key":"Bronze Scales"},{"floor":48,"key":"Lantern"},{"floor":54,"key":"Shuriken"}],"event_choices":[{"damage_healed":0,"gold_gain":0,"player_choice":"1 cards matched","damage_taken":0,"max_hp_gain":0,"max_hp_loss":0,"event_name":"Match and Keep!","floor":2,"gold_loss":0,"cards_obtained":["Zap"]},{"damage_healed":27,"gold_gain":0,"player_choice":"Banana","damage_taken":0,"max_hp_gain":0,"max_hp_loss":0,"event_name":"Big Fish","floor":8,"gold_loss":0},{"damage_healed":20,"gold_gain":0,"player_choice":"Healed","damage_taken":0,"max_hp_gain":0,"max_hp_loss":0,"event_name":"The Cleric","floor":11,"gold_loss":35},{"cards_removed":["Capacitor"],"damage_healed":65,"gold_gain":0,"player_choice":"Offered Uncommon","damage_taken":0,"max_hp_gain":0,"max_hp_loss":0,"event_name":"Bonfire Elementals","floor":14,"gold_loss":0},{"damage_healed":0,"gold_gain":0,"cards_transformed":["Strike_B","Strike_B"],"player_choice":"Became Test Subject","damage_taken":0,"max_hp_gain":0,"max_hp_loss":0,"event_name":"Drug Dealer","floor":21,"gold_loss":0,"cards_obtained":["Aggregate","Self Repair"]},{"damage_healed":0,"gold_gain":0,"player_choice":"Ignored","damage_taken":0,"max_hp_gain":0,"max_hp_loss":0,"event_name":"Beggar","floor":22,"gold_loss":0},{"damage_healed":0,"gold_gain":0,"player_choice":"Ignored","damage_taken":0,"max_hp_gain":0,"max_hp_loss":0,"event_name":"Vampires","floor":29,"gold_loss":0},{"damage_healed":0,"gold_gain":0,"player_choice":"Fight","damage_taken":0,"max_hp_gain":0,"max_hp_loss":0,"event_name":"MindBloom","floor":37,"gold_loss":0},{"damage_healed":0,"gold_gain":0,"player_choice":"Bought 3 Potions","damage_taken":0,"max_hp_gain":0,"max_hp_loss":0,"event_name":"The Woman in Blue","floor":38,"gold_loss":0},{"damage_healed":21,"gold_gain":0,"player_choice":"Writhe","damage_taken":0,"max_hp_gain":0,"max_hp_loss":0,"event_name":"Winding Halls","floor":44,"gold_loss":0,"cards_obtained":["Writhe"]},{"damage_healed":0,"gold_gain":0,"player_choice":"Fight","damage_taken":0,"max_hp_gain":0,"max_hp_loss":0,"event_name":"Mysterious Sphere","floor":45,"gold_loss":0},{"damage_healed":0,"gold_gain":0,"player_choice":"Memory 3","damage_taken":10,"max_hp_gain":0,"max_hp_loss":0,"event_name":"SensoryStone","floor":47,"gold_loss":0}],"is_beta":true,"boss_relics":[{"not_picked":["Inserter","Lizard Tail"],"picked":"Eternal Feather"},{"not_picked":["Orrery","Astrolabe"],"picked":"Coffee Dripper"}],"items_purged_floors":[13],"is_endless":false,"potions_floor_spawned":[1,6,10,12,16,30,33,39,41,48],"killed_by":"The Heart","ascension_level":10}