{"gold_per_floor":[363,381,130,130,145,186,86,86,111,111,152,152,227,227,227,350,350,374,223,223,223,246,282,40,55,55,55,55,55,55,88,88,219,219,238,0,333,347,347,381,401,401,401,94,109,109,142,154,154,154,154,154,5,37,37],"floor_reached":55,"playtime":2149,"items_purged":["Strike_R","Strike_R","Strike_R","Defend_R"],"score":854,"play_id":"7e8fe87f-0873-4243-badb-32f80f7f3ab3","local_time":"20190310173332","is_ascension_mode":true,"campfire_choices":[{"data":"Apotheosis","floor":8,"key":"SMITH"},{"floor":15,"key":"REST"},{"data":"Demon Form","floor":28,"key":"SMITH"},{"floor":30,"key":"RECALL"},{"data":"Offering","floor":32,"key":"SMITH"},{"floor":46,"key":"REST"},{"data":"Pommel Strike","floor":49,"key":"SMITH"},{"data":"Warcry","floor":52,"key":"SMITH"}],"neow_cost":"PERCENT_DAMAGE","seed_source_timestamp":5342546624681,"circlet_count":0,"master_deck":["Defend_R","Defend_R","Defend_R","Bash","Apotheosis+1","Shrug It Off","Feed","Swift Strike","Pommel Strike+1","Demon Form+1","Shrug It Off","Double Tap","Warcry+1","Offering+1","Flash of Steel","Flame Barrier","True Grit+1","Shrug It Off+1","Heavy Blade+1","Rampage+1"],"relics":["Black Blood","Juzu Bracelet","Anchor","Prayer Wheel","Mercury Hourglass","Velvet Choker","Sundial","Orichalcum","Self Forming Clay","Dodecahedron","Red Mask","Du-Vu Doll","Gambling Chip","Nunchaku","Lantern","Bag of Marbles"],"potions_floor_usage":[13,18,23,23,31,38,45,47,55,55],"damage_taken":[{"damage":4,"enemies":"Jaw Worm","floor":1,"turns":5},{"damage":2,"enemies":"Small Slimes","floor":2,"turns":4},{"damage":1,"enemies":"Cultist","floor":5,"turns":5},{"damage":17,"enemies":"Lagavulin","floor":6,"turns":11},{"damage":23,"enemies":"Gremlin Nob","floor":11,"turns":4},{"damage":8,"enemies":"Lagavulin Event","floor":13,"turns":5},{"damage":21,"enemies":"The Guardian","floor":16,"turns":14},{"damage":9,"enemies":"3 Byrds","floor":18,"turns":5},{"damage":0,"enemies":"Chosen","floor":22,"turns":4},{"damage":4,"enemies":"Slavers","floor":23,"turns":6},{"damage":8,"enemies":"Shelled Parasite and Fungi","floor":25,"turns":4},{"damage":4,"enemies":"Book of Stabbing","floor":31,"turns":5},{"damage":10,"enemies":"Champ","floor":33,"turns":9},{"damage":0,"enemies":"Orb Walker","floor":35,"turns":3},{"damage":7,"enemies":"3 Darklings","floor":38,"turns":6},{"damage":36,"enemies":"Nemesis","floor":40,"turns":7},{"damage":8,"enemies":"Transient","floor":41,"turns":5},{"damage":6,"enemies":"Spire Growth","floor":45,"turns":4},{"damage":13,"enemies":"Giant Head","floor":47,"turns":6},{"damage":0,"enemies":"3 Darklings","floor":48,"turns":4},{"damage":16,"enemies":"Awakened One","floor":50,"turns":10},{"damage":81,"enemies":"Shield and Spear","floor":54,"turns":7},{"damage":53,"enemies":"The Heart","floor":55,"turns":3}],"seed_played":"9151077520777389368","potions_obtained":[{"floor":11,"key":"Poison Potion"},{"floor":13,"key":"Energy Potion"},{"floor":14,"key":"SteroidPotion"},{"floor":14,"key":"SteroidPotion"},{"floor":22,"key":"Energy Potion"},{"floor":31,"key":"Swift Potion"},{"floor":33,"key":"Strength Potion"},{"floor":35,"key":"Explosive Potion"},{"floor":41,"key":"FearPotion"},{"floor":47,"key":"EssenceOfSteel"},{"floor":54,"key":"Dexterity Potion"}],"is_trial":false,"path_per_floor":["M","M","$","?","M","E","$","R","T","$","E","?","?","?","R","B",null,"M","$","?","T","M","E","$","M","T","?","R","$","R","E","R","B",null,"M","?","?","M","?","E","M","$","T","$","M","R","E","M","R","B",null,"R","$","E","B"],"character_chosen":"IRONCLAD","items_purchased":["Apotheosis","Shrug It Off","Flash of Steel","Gambling Chip","Lantern"],"campfire_rested":2,"item_purchase_floors":[3,19,24,44,53],"current_hp_per_floor":[58,62,62,42,47,36,36,36,36,36,23,23,25,25,51,40,92,93,93,93,93,100,104,104,106,106,106,106,106,106,112,112,108,112,112,112,112,116,110,84,86,86,86,86,94,114,111,118,118,116,122,122,122,51,0],"gold":37,"neow_bonus":"TWO_FIFTY_GOLD","is_prod":false,"is_daily":false,"chose_seed":false,"campfire_upgraded":5,"win_rate":0,"timestamp":1552264412,"path_taken":["M","M","$","?","M","E","$","R","T","$","E","?","?","?","R","BOSS","M","?","?","?","M","E","$","M","T","?","R","$","R","E","R","BOSS","M","?","?","M","?","E","M","$","T","$","M","R","E","M","R","BOSS","R","$","E","BOSS"],"build_version":"2019-01-23","purchased_purges":4,"victory":false,"max_hp_per_floor":[80,80,80,80,80,80,80,80,80,80,84,84,88,88,88,92,92,96,96,96,96,100,104,104,108,108,108,108,108,108,112,112,112,112,112,112,112,116,110,110,110,110,110,110,114,114,114,118,118,122,122,122,122,122,122],"card_choices":[{"not_picked":["Headbutt","Ghostly Armor","Blood for Blood"],"picked":"SKIP","floor":1},{"not_picked":["Flex","Iron Wave","Seeing Red"],"picked":"SKIP","floor":2},{"not_picked":["Seeing Red","Infernal Blade"],"picked":"Shrug It Off","floor":5},{"not_picked":["Warcry","Fire Breathing"],"picked":"Feed","floor":6},{"not_picked":["Sever Soul","Wild Strike","Perfected Strike"],"picked":"SKIP","floor":11},{"not_picked":["Spot Weakness","Limit Break"],"picked":"Pommel Strike","floor":13},{"not_picked":["Dark Embrace","Barricade"],"picked":"Demon Form","floor":16},{"not_picked":["Ghostly Armor+1","Sword Boomerang+1","Heavy Blade"],"picked":"SKIP","floor":18},{"not_picked":["Sever Soul","Inflame","Power Through"],"picked":"SKIP","floor":18},{"not_picked":["Sever Soul","Ghostly Armor","Twin Strike+1"],"picked":"SKIP","floor":22},{"not_picked":["Flex","Wild Strike","Dual Wield+1"],"picked":"SKIP","floor":22},{"not_picked":["Sentinel","Ghostly Armor+1"],"picked":"Offering","floor":23},{"not_picked":["Disarm","Evolve"],"picked":"Flame Barrier","floor":25},{"not_picked":["Rupture","Armaments","Anger"],"picked":"SKIP","floor":25},{"not_picked":["Evolve+1","Warcry","Exhume"],"picked":"SKIP","floor":31},{"not_picked":["Flex","Clash+1","Warcry+1"],"picked":"SKIP","floor":35},{"not_picked":["Sever Soul","Sword Boomerang+1","Perfected Strike+1"],"picked":"SKIP","floor":35},{"not_picked":["Intimidate+1","Pommel Strike","Heavy Blade+1"],"picked":"SKIP","floor":38},{"not_picked":["Sentinel","Anger+1","Perfected Strike+1"],"picked":"SKIP","floor":38},{"not_picked":["Twin Strike+1","Flex+1","Infernal Blade"],"picked":"SKIP","floor":40},{"not_picked":["Clothesline","Havoc+1"],"picked":"True Grit+1","floor":41},{"not_picked":["Offering","Dual Wield","Thunderclap+1"],"picked":"SKIP","floor":41},{"not_picked":["Heavy Blade","Warcry"],"picked":"Shrug It Off+1","floor":45},{"not_picked":["Corruption","Cleave","Power Through+1"],"picked":"SKIP","floor":45},{"not_picked":["Perfected Strike","True Grit"],"picked":"Heavy Blade+1","floor":47},{"not_picked":["Iron Wave","Armaments","Thunderclap+1"],"picked":"SKIP","floor":48},{"not_picked":["Seeing Red","Sword Boomerang","Blood for Blood+1"],"picked":"SKIP","floor":48},{"not_picked":["Whirlwind+1","Shockwave+1"],"picked":"Rampage+1","floor":54}],"player_experience":800572,"relics_obtained":[{"floor":6,"key":"Juzu Bracelet"},{"floor":9,"key":"Anchor"},{"floor":11,"key":"Prayer Wheel"},{"floor":13,"key":"Mercury Hourglass"},{"floor":21,"key":"Sundial"},{"floor":23,"key":"Orichalcum"},{"floor":26,"key":"Self Forming Clay"},{"floor":31,"key":"Dodecahedron"},{"floor":40,"key":"Du-Vu Doll"},{"floor":47,"key":"Nunchaku"},{"floor":54,"key":"Bag of Marbles"}],"event_choices":[{"damage_healed":0,"gold_gain":0,"player_choice":"Take Damage","damage_taken":20,"relics_obtained":["Golden Idol"],"max_hp_gain":0,"max_hp_loss":0,"event_name":"Golden Idol","floor":4,"gold_loss":0},{"damage_healed":0,"gold_gain":0,"player_choice":"1 cards matched","damage_taken":0,"max_hp_gain":0,"max_hp_loss":0,"event_name":"Match and Keep!","floor":12,"gold_loss":0,"cards_obtained":["Swift Strike"]},{"damage_healed":0,"gold_gain":0,"player_choice":"Searched \u00271\u0027 times","damage_taken":0,"max_hp_gain":0,"max_hp_loss":0,"event_name":"Dead Adventurer","floor":13,"gold_loss":0},{"damage_healed":0,"gold_gain":0,"player_choice":"Got Potions","damage_taken":0,"max_hp_gain":0,"max_hp_loss":0,"event_name":"Lab","floor":14,"gold_loss":0},{"damage_healed":0,"gold_gain":0,"cards_transformed":["Strike_R","Strike_R"],"player_choice":"Became Test Subject","damage_taken":0,"max_hp_gain":0,"max_hp_loss":0,"event_name":"Drug Dealer","floor":20,"gold_loss":0,"cards_obtained":["Double Tap","Warcry"]},{"damage_healed":0,"gold_gain":0,"player_choice":"Ignored","damage_taken":0,"max_hp_gain":0,"max_hp_loss":0,"event_name":"Ghosts","floor":27,"gold_loss":0},{"damage_healed":0,"gold_gain":0,"player_choice":"Paid","damage_taken":0,"relics_obtained":["Red Mask"],"max_hp_gain":0,"max_hp_loss":0,"event_name":"Tomb of Lord Red Mask","floor":36,"gold_loss":238},{"damage_healed":0,"gold_gain":333,"player_choice":"Gave Idol","damage_taken":0,"max_hp_gain":0,"max_hp_loss":0,"event_name":"The Moai Head","floor":37,"relics_lost":["Golden Idol"],"gold_loss":0},{"damage_healed":0,"gold_gain":0,"player_choice":"Max HP","damage_taken":0,"max_hp_gain":0,"max_hp_loss":6,"event_name":"Winding Halls","floor":39,"gold_loss":0}],"is_beta":false,"boss_relics":[{"not_picked":["White Beast Statue","Runic Cube"],"picked":"Velvet Choker"},{"not_picked":["Orrery","Eternal Feather"],"picked":"Black Blood"}],"items_purged_floors":[3,7,19,24],"is_endless":false,"potions_floor_spawned":[11,13,16,22,31,33,35,41,47,54],"killed_by":"The Heart","ascension_level":1}