{"gold_per_floor":[14,34,209,209,222,249,269,269,269,286,286],"floor_reached":11,"playtime":475,"items_purged":[],"score":120,"play_id":"351b57c0-92dd-4ad4-a31d-63738c746613","local_time":"20181023133034","is_ascension_mode":true,"campfire_choices":[{"data":"True Grit","floor":8,"key":"SMITH"}],"neow_cost":"NO_GOLD","seed_source_timestamp":357983673798554,"circlet_count":0,"master_deck":["Strike_R","Strike_R","Strike_R","Strike_R","Strike_R","Defend_R","Defend_R","Defend_R","Defend_R","Bash","AscendersBane","Thunderclap","Metallicize","Doubt","Disarm","True Grit+1","Sword Boomerang"],"relics":["Burning Blood","Bird Faced Urn","Gambling Chip","Girya"],"potions_floor_usage":[6,10],"damage_taken":[{"damage":9,"enemies":"Jaw Worm","floor":1,"turns":4},{"damage":5,"enemies":"Small Slimes","floor":2,"turns":3},{"damage":2,"enemies":"Cultist","floor":5,"turns":4},{"damage":48,"enemies":"Gremlin Nob","floor":6,"turns":7},{"damage":9,"enemies":"Red Slaver","floor":7,"turns":6},{"damage":18,"enemies":"Large Slime","floor":10,"turns":11},{"damage":35,"enemies":"Lagavulin","floor":11,"turns":7}],"seed_played":"-2538307229897936168","potions_obtained":[{"floor":1,"key":"Ancient Potion"},{"floor":2,"key":"Block Potion"},{"floor":7,"key":"SkillPotion"}],"is_trial":false,"path_per_floor":["M","M","?","?","M","E","M","R","T","M"],"character_chosen":"IRONCLAD","items_purchased":[],"campfire_rested":0,"item_purchase_floors":[],"current_hp_per_floor":[69,70,70,75,81,41,40,40,40,30,0],"gold":286,"neow_bonus":"ONE_RARE_RELIC","is_prod":false,"is_daily":false,"chose_seed":false,"campfire_upgraded":1,"win_rate":0,"timestamp":1540294234,"path_taken":["M","M","?","?","M","E","M","R","T","M","E"],"build_version":"2018-10-18","purchased_purges":0,"victory":false,"max_hp_per_floor":[80,80,80,85,85,85,85,85,85,85,85],"card_choices":[{"not_picked":["Dropkick","Iron Wave"],"picked":"Thunderclap","floor":1},{"not_picked":["Thunderclap","Heavy Blade"],"picked":"Metallicize","floor":2},{"not_picked":["Bloodletting","Heavy Blade"],"picked":"Disarm","floor":5},{"not_picked":["Whirlwind","Sever Soul","Headbutt"],"picked":"SKIP","floor":6},{"not_picked":["Thunderclap","Ghostly Armor"],"picked":"True Grit","floor":7},{"not_picked":["Shockwave","Reckless Charge"],"picked":"Sword Boomerang","floor":10}],"player_experience":604228,"relics_obtained":[{"floor":6,"key":"Gambling Chip"},{"floor":9,"key":"Girya"}],"event_choices":[{"damage_healed":0,"gold_gain":175,"player_choice":"AGREE","damage_taken":0,"max_hp_gain":0,"max_hp_loss":0,"event_name":"Liars Game","floor":3,"gold_loss":0,"cards_obtained":["Doubt"]},{"damage_healed":0,"gold_gain":0,"player_choice":"Donut","damage_taken":0,"max_hp_gain":5,"max_hp_loss":0,"event_name":"Big Fish","floor":4,"gold_loss":0}],"is_beta":false,"boss_relics":[],"items_purged_floors":[],"is_endless":false,"potions_floor_spawned":[1,2,7],"killed_by":"Lagavulin","ascension_level":12}