{"gold_per_floor":[117,128,128,146,3,38,38,38,338,359,373,387,11,60,60,159,159,177,177,87,87,107,107],"floor_reached":23,"playtime":3235,"items_purged":[],"score":236,"play_id":"2d8f7c97-a1d1-45d7-a6ea-71a4d5cfe0fa","local_time":"20190427001918","is_ascension_mode":true,"campfire_choices":[{"floor":8,"key":"REST"},{"floor":15,"key":"REST"}],"neow_cost":"NONE","seed_source_timestamp":282969788116300,"circlet_count":0,"master_deck":["Defend_G","Defend_G","Defend_G","Defend_G","Defend_G","Strike_G","Strike_G","Survivor","Neutralize","Dagger Spray","Dodge and Roll","Wraith Form v2","Caltrops","PiercingWail","Footwork","Blur","Envenom","Expertise+1","Acrobatics+1","Backstab+1"],"relics":["Empty Cage","Shovel","Old Coin","Odd Mushroom","Thread and Needle","Boot","Cursed Key"],"potions_floor_usage":[11,12,12,16,16,22],"damage_taken":[{"damage":1,"enemies":"Jaw Worm","floor":1,"turns":10},{"damage":1,"enemies":"Cultist","floor":2,"turns":5},{"damage":0,"enemies":"Small Slimes","floor":4,"turns":6},{"damage":57,"enemies":"Gremlin Nob","floor":6,"turns":8},{"damage":19,"enemies":"The Mushroom Lair","floor":10,"turns":5},{"damage":5,"enemies":"2 Fungi Beasts","floor":11,"turns":4},{"damage":3,"enemies":"Exordium Wildlife","floor":12,"turns":6},{"damage":25,"enemies":"The Guardian","floor":16,"turns":22},{"damage":12,"enemies":"Spheric Guardian","floor":18,"turns":15},{"damage":11,"enemies":"2 Thieves","floor":20,"turns":5},{"damage":1,"enemies":"Centurion and Healer","floor":22,"turns":19},{"damage":67,"enemies":"Book of Stabbing","floor":23,"turns":8}],"seed_played":"2716734695130724175","potions_obtained":[{"floor":10,"key":"SkillPotion"},{"floor":11,"key":"Weak Potion"},{"floor":12,"key":"Strength Potion"},{"floor":16,"key":"FairyPotion"},{"floor":18,"key":"Energy Potion"},{"floor":19,"key":"Weak Potion"}],"is_trial":false,"path_per_floor":["M","M","?","M","$","E","?","R","T","?","M","M","$","T","R","B",null,"M","?","M","?","M","E"],"character_chosen":"THE_SILENT","items_purchased":["Caltrops","LiquidBronze","Thread and Needle","Regen Potion"],"campfire_rested":2,"item_purchase_floors":[5,5,13,13],"current_hp_per_floor":[69,68,68,68,68,11,11,32,32,13,8,5,5,5,26,16,57,45,45,34,57,56,0],"gold":107,"neow_bonus":"BOSS_RELIC","is_prod":false,"is_daily":false,"chose_seed":false,"campfire_upgraded":0,"win_rate":0,"timestamp":1556338758,"path_taken":["M","M","?","?","$","E","?","R","T","?","M","M","?","?","R","BOSS","M","?","?","?","M","E"],"build_version":"2019-01-23","purchased_purges":0,"victory":false,"max_hp_per_floor":[70,70,70,70,70,70,70,70,70,70,70,70,70,70,70,70,70,70,70,70,70,70,70],"card_choices":[{"not_picked":["Dodge and Roll","Deflect"],"picked":"Dagger Spray","floor":1},{"not_picked":["Tactician","Riddle With Holes"],"picked":"Dodge and Roll","floor":2},{"not_picked":["Dagger Throw","Noxious Fumes"],"picked":"Wraith Form v2","floor":4},{"not_picked":["Quick Slash","Setup"],"picked":"PiercingWail","floor":6},{"not_picked":["Sucker Punch","Quick Slash"],"picked":"Footwork","floor":10},{"not_picked":["Backstab","Dagger Spray"],"picked":"Blur","floor":11},{"not_picked":["PiercingWail","Deadly Poison","Concentrate"],"picked":"SKIP","floor":12},{"not_picked":["Grand Finale","Unload"],"picked":"Envenom","floor":16},{"not_picked":["Setup","Quick Slash"],"picked":"Expertise+1","floor":18},{"not_picked":["Choke","Finisher+1"],"picked":"Acrobatics+1","floor":20},{"not_picked":["Poisoned Stab","Accuracy"],"picked":"Backstab+1","floor":22}],"player_experience":225498,"relics_obtained":[{"floor":6,"key":"Shovel"},{"floor":9,"key":"Old Coin"},{"floor":10,"key":"Odd Mushroom"},{"floor":14,"key":"Boot"}],"event_choices":[{"cards_removed":["Strike_G"],"damage_healed":0,"gold_gain":0,"player_choice":"Offered Basic","damage_taken":0,"max_hp_gain":0,"max_hp_loss":0,"event_name":"Bonfire Elementals","floor":3,"gold_loss":0},{"damage_healed":0,"gold_gain":0,"player_choice":"Ignored","damage_taken":0,"max_hp_gain":0,"max_hp_loss":0,"event_name":"Liars Game","floor":7,"gold_loss":0},{"damage_healed":0,"gold_gain":0,"player_choice":"Fought Mushrooms","damage_taken":0,"max_hp_gain":0,"max_hp_loss":0,"event_name":"Mushrooms","floor":10,"gold_loss":0},{"damage_healed":0,"gold_gain":0,"player_choice":"Got Potions","damage_taken":0,"max_hp_gain":0,"max_hp_loss":0,"event_name":"Lab","floor":19,"gold_loss":0},{"damage_healed":23,"gold_gain":0,"player_choice":"Heal","damage_taken":0,"max_hp_gain":0,"max_hp_loss":0,"event_name":"The Library","floor":21,"gold_loss":0}],"is_beta":false,"boss_relics":[{"not_picked":["Runic Pyramid","Astrolabe"],"picked":"Cursed Key"}],"items_purged_floors":[],"is_endless":false,"potions_floor_spawned":[10,11,12,16,18],"killed_by":"Book of Stabbing","ascension_level":5}