{"gold_per_floor":[109,12,12,27,38,65,65,93,116,163,175,218,50,50,50,124,124,34,49,49,49,61,3,3],"floor_reached":24,"playtime":2143,"items_purged":[],"score":347,"play_id":"6ad54959-0da8-4c19-b1ae-6bdb9c1d05ce","local_time":"20190420220307","is_ascension_mode":true,"campfire_choices":[{"floor":7,"key":"REST"},{"floor":11,"key":"REST"},{"data":"Neutralize","floor":15,"key":"SMITH"}],"neow_cost":"NONE","seed_source_timestamp":28663508532953,"circlet_count":0,"master_deck":["AscendersBane","Defend_G","Defend_G","Defend_G","Defend_G","Defend_G","Strike_G","Strike_G","Strike_G","Strike_G","Strike_G","Survivor","Neutralize+1","Quick Slash","Poisoned Stab","Predator","Dodge and Roll","Dagger Spray","Blur","PiercingWail","Backflip","Footwork+1","Well Laid Plans","Dodge and Roll","Backflip","Malaise","Noxious Fumes","PiercingWail","Skewer"],"relics":["Ring of the Serpent","Ancient Tea Set","Odd Mushroom","MawBank","The Courier","Shuriken"],"potions_floor_usage":[8,16,24],"damage_taken":[{"damage":0,"enemies":"Small Slimes","floor":1,"turns":3},{"damage":0,"enemies":"Jaw Worm","floor":4,"turns":3},{"damage":0,"enemies":"2 Louse","floor":5,"turns":2},{"damage":34,"enemies":"3 Sentries","floor":6,"turns":9},{"damage":1,"enemies":"The Mushroom Lair","floor":8,"turns":2},{"damage":32,"enemies":"Gremlin Nob","floor":10,"turns":5},{"damage":15,"enemies":"3 Sentries","floor":12,"turns":12},{"damage":12,"enemies":"Hexaghost","floor":16,"turns":21},{"damage":2,"enemies":"2 Thieves","floor":18,"turns":5},{"damage":2,"enemies":"Spheric Guardian","floor":19,"turns":7},{"damage":22,"enemies":"Shelled Parasite and Fungi","floor":22,"turns":12},{"damage":16,"enemies":"Gremlin Leader","floor":24,"turns":5}],"seed_played":"5224780732840190746","potions_obtained":[{"floor":4,"key":"SteroidPotion"},{"floor":5,"key":"GamblersBrew"},{"floor":10,"key":"FearPotion"},{"floor":19,"key":"Explosive Potion"}],"is_trial":false,"path_per_floor":["M","$","?","M","M","E","R","?","T","E","R","E","$","?","R","B",null,"M","M","?","?","M","$","E"],"character_chosen":"THE_SILENT","items_purchased":["Predator","Dodge and Roll","Footwork","Well Laid Plans","Dodge and Roll","Backflip","Skewer"],"campfire_rested":2,"item_purchase_floors":[2,2,13,13,13,13,23],"current_hp_per_floor":[63,63,68,68,68,34,56,55,55,23,45,30,30,30,30,18,61,59,57,57,43,21,21,5],"gold":3,"neow_bonus":"THREE_CARDS","is_prod":false,"is_daily":false,"chose_seed":false,"campfire_upgraded":1,"win_rate":0,"timestamp":1555808587,"path_taken":["M","$","?","M","M","E","R","?","T","E","R","E","$","?","R","BOSS","M","M","?","?","M","$","E"],"build_version":"2019-01-23","purchased_purges":0,"victory":false,"max_hp_per_floor":[70,70,75,75,75,75,75,75,75,75,75,75,75,75,75,75,75,75,75,75,80,80,80,80],"card_choices":[{"not_picked":["Outmaneuver","Prepared"],"picked":"Quick Slash","floor":0},{"not_picked":["Catalyst","Terror"],"picked":"Poisoned Stab","floor":1},{"not_picked":["Underhanded Strike","PiercingWail"],"picked":"Dagger Spray","floor":4},{"not_picked":["Outmaneuver","A Thousand Cuts","Sucker Punch"],"picked":"SKIP","floor":5},{"not_picked":["Deflect","Acrobatics","Finisher"],"picked":"SKIP","floor":6},{"not_picked":["Caltrops","Outmaneuver"],"picked":"Blur","floor":8},{"not_picked":["Choke","Heel Hook"],"picked":"PiercingWail","floor":10},{"not_picked":["Sucker Punch","Wraith Form v2"],"picked":"Backflip","floor":12},{"not_picked":["Storm of Steel","Doppelganger"],"picked":"Malaise","floor":16},{"not_picked":["PiercingWail","Blur"],"picked":"Noxious Fumes","floor":18},{"not_picked":["Escape Plan","Blade Dance"],"picked":"PiercingWail","floor":19},{"not_picked":["Eviscerate","Dagger Spray","Deflect"],"picked":"SKIP","floor":22}],"player_experience":700453,"relics_obtained":[{"floor":6,"key":"Ancient Tea Set"},{"floor":8,"key":"Odd Mushroom"},{"floor":9,"key":"MawBank"},{"floor":10,"key":"The Courier"},{"floor":12,"key":"Shuriken"}],"event_choices":[{"damage_healed":0,"gold_gain":0,"player_choice":"Donut","damage_taken":0,"max_hp_gain":5,"max_hp_loss":0,"event_name":"Big Fish","floor":3,"gold_loss":0},{"damage_healed":0,"gold_gain":0,"player_choice":"Fought Mushrooms","damage_taken":0,"max_hp_gain":0,"max_hp_loss":0,"event_name":"Mushrooms","floor":8,"gold_loss":0},{"damage_healed":0,"gold_gain":0,"player_choice":"Grow","damage_taken":0,"max_hp_gain":0,"max_hp_loss":0,"event_name":"Living Wall","floor":14,"gold_loss":0,"cards_upgraded":["Footwork"]},{"damage_healed":0,"gold_gain":0,"player_choice":"Ignored","damage_taken":0,"max_hp_gain":0,"max_hp_loss":0,"event_name":"Vampires","floor":20,"gold_loss":0},{"damage_healed":0,"gold_gain":0,"player_choice":"Shed Blood","damage_taken":19,"max_hp_gain":5,"max_hp_loss":0,"event_name":"Forgotten Altar","floor":21,"gold_loss":0}],"is_beta":false,"boss_relics":[{"not_picked":["White Beast Statue","Calling Bell"],"picked":"Ring of the Serpent"}],"items_purged_floors":[],"is_endless":false,"potions_floor_spawned":[4,5,10,19],"killed_by":"Gremlin Leader","ascension_level":13}