{"gold_per_floor":[111,111,126,41,41,80,96,96,120,153,118,168,182,218,218,218],"floor_reached":16,"playtime":527,"items_purged":[],"score":207,"play_id":"48633dc8-3027-4bd8-985a-a1adb533006f","local_time":"20190406020000","is_ascension_mode":true,"campfire_choices":[{"data":"Sword Boomerang","floor":8,"key":"SMITH"},{"data":"Whirlwind","floor":15,"key":"SMITH"}],"neow_cost":"NONE","seed_source_timestamp":2109386364627,"circlet_count":0,"master_deck":["AscendersBane","Strike_R","Strike_R+1","Strike_R","Strike_R","Strike_R","Defend_R","Defend_R","Defend_R","Defend_R","Bash+1","Sword Boomerang+1","Pummel","Iron Wave+1","Shrug It Off","Whirlwind+1"],"relics":["Burning Blood","Golden Idol","Regal Pillow","Whetstone","Incense Burner","Dream Catcher"],"potions_floor_usage":[14,14],"damage_taken":[{"damage":7,"enemies":"Jaw Worm","floor":1,"turns":3},{"damage":6,"enemies":"2 Louse","floor":3,"turns":3},{"damage":35,"enemies":"Gremlin Nob","floor":6,"turns":5},{"damage":3,"enemies":"Small Slimes","floor":7,"turns":3},{"damage":33,"enemies":"3 Sentries","floor":10,"turns":11},{"damage":7,"enemies":"Exordium Thugs","floor":13,"turns":3},{"damage":5,"enemies":"Gremlin Nob","floor":14,"turns":3},{"damage":41,"enemies":"The Guardian","floor":16,"turns":11}],"seed_played":"3416843342684927537","potions_obtained":[{"floor":3,"key":"SpeedPotion"},{"floor":7,"key":"FearPotion"},{"floor":10,"key":"EssenceOfSteel"}],"is_trial":false,"path_per_floor":["M","?","M","$","?","E","M","R","T","E","?","?","M","E","R","B"],"character_chosen":"IRONCLAD","items_purchased":["Pummel","Iron Wave"],"campfire_rested":0,"item_purchase_floors":[4,4],"current_hp_per_floor":[67,67,67,67,72,43,46,46,46,19,37,37,36,37,37,0],"gold":218,"neow_bonus":"UPGRADE_CARD","is_prod":false,"is_daily":false,"chose_seed":false,"campfire_upgraded":2,"win_rate":0,"timestamp":1554526800,"path_taken":["M","?","M","$","?","E","M","R","T","E","?","?","?","E","R","BOSS"],"build_version":"2019-01-23","purchased_purges":0,"victory":false,"max_hp_per_floor":[75,68,68,68,73,73,73,73,73,73,73,73,73,73,73,73],"card_choices":[{"not_picked":["Blood for Blood","Shockwave"],"picked":"Sword Boomerang","floor":1},{"not_picked":["Intimidate","Fire Breathing","Wild Strike"],"picked":"SKIP","floor":3},{"not_picked":["Heavy Blade","Perfected Strike","Clash"],"picked":"SKIP","floor":6},{"not_picked":["Thunderclap","Cleave"],"picked":"Shrug It Off","floor":7},{"not_picked":["Twin Strike","Limit Break"],"picked":"Whirlwind","floor":10},{"not_picked":["Thunderclap","Twin Strike","Perfected Strike"],"picked":"SKIP","floor":13},{"not_picked":["Wild Strike","Carnage","Pommel Strike"],"picked":"SKIP","floor":14}],"player_experience":521050,"relics_obtained":[{"floor":6,"key":"Regal Pillow"},{"floor":9,"key":"Whetstone"},{"floor":10,"key":"Incense Burner"},{"floor":14,"key":"Dream Catcher"}],"event_choices":[{"damage_healed":0,"gold_gain":0,"player_choice":"Lose Max HP","damage_taken":0,"relics_obtained":["Golden Idol"],"max_hp_gain":0,"max_hp_loss":7,"event_name":"Golden Idol","floor":2,"gold_loss":0},{"damage_healed":0,"gold_gain":0,"player_choice":"Donut","damage_taken":0,"max_hp_gain":5,"max_hp_loss":0,"event_name":"Big Fish","floor":5,"gold_loss":0},{"damage_healed":18,"gold_gain":0,"player_choice":"Healed","damage_taken":0,"max_hp_gain":0,"max_hp_loss":0,"event_name":"The Cleric","floor":11,"gold_loss":35},{"damage_healed":0,"gold_gain":50,"player_choice":"Pray","damage_taken":0,"max_hp_gain":0,"max_hp_loss":0,"event_name":"Golden Shrine","floor":12,"gold_loss":0}],"is_beta":false,"boss_relics":[],"items_purged_floors":[],"is_endless":false,"potions_floor_spawned":[3,7,10],"killed_by":"The Guardian","ascension_level":15}