{"gold_per_floor":[111,128,1,1,15,49,49,75,75,105,121,48,80,30,30,125,125,125,125,125,125,65,65,65,65,65,65],"floor_reached":27,"playtime":741,"items_purged":["Decay"],"score":337,"play_id":"8d1af133-a000-498b-9841-75f4c07872f1","local_time":"20190331012833","is_ascension_mode":true,"campfire_choices":[{"floor":7,"key":"REST"},{"floor":15,"key":"REST"},{"floor":23,"key":"REST"}],"neow_cost":"NONE","seed_source_timestamp":35855239705230,"circlet_count":0,"master_deck":["Strike_R","Strike_R","Strike_R","Defend_R","Defend_R","Defend_R","Defend_R","Bash","Combust","Spot Weakness","Headbutt","Shrug It Off","Rupture+1","Clothesline","Spot Weakness","Shrug It Off+1","Armaments+1","Limit Break+1","Double Tap+1","Entrench+1","Writhe","Pummel+1","Rupture","Shrug It Off+1"],"relics":["Burning Blood","Red Skull","Matryoshka","Self Forming Clay","Toxic Egg 2","Dead Branch","Vajra","Ectoplasm","The Courier","Question Card","Bag of Marbles","Magic Flower"],"potions_floor_usage":[],"damage_taken":[{"damage":2,"enemies":"Small Slimes","floor":1,"turns":3},{"damage":3,"enemies":"Cultist","floor":2,"turns":3},{"damage":10,"enemies":"Jaw Worm","floor":5,"turns":4},{"damage":49,"enemies":"Lagavulin","floor":6,"turns":9},{"damage":23,"enemies":"Gremlin Nob","floor":8,"turns":5},{"damage":28,"enemies":"Lagavulin","floor":10,"turns":6},{"damage":4,"enemies":"Blue Slaver","floor":11,"turns":3},{"damage":15,"enemies":"Gremlin Nob","floor":13,"turns":3},{"damage":8,"enemies":"Hexaghost","floor":16,"turns":7},{"damage":24,"enemies":"Spheric Guardian","floor":18,"turns":6},{"damage":19,"enemies":"Shell Parasite","floor":21,"turns":4},{"damage":22,"enemies":"Book of Stabbing","floor":24,"turns":4},{"damage":26,"enemies":"Shelled Parasite and Fungi","floor":25,"turns":4},{"damage":34,"enemies":"Slavers","floor":27,"turns":1}],"seed_played":"5219486597157040011","potions_obtained":[{"floor":1,"key":"SpeedPotion"},{"floor":6,"key":"Swift Potion"},{"floor":10,"key":"Explosive Potion"},{"floor":13,"key":"AttackPotion"},{"floor":25,"key":"Dexterity Potion"}],"is_trial":false,"path_per_floor":["M","M","$","?","M","E","R","E","T","E","M","$","E","?","R","B",null,"M","?","?","M","$","R","E","M","T","E"],"character_chosen":"IRONCLAD","items_purchased":["Shrug It Off","Rupture","Limit Break+1"],"campfire_rested":3,"item_purchase_floors":[3,3,12],"current_hp_per_floor":[76,79,79,79,75,32,56,39,39,17,19,19,10,10,34,32,68,50,50,50,37,37,61,45,25,25,0],"gold":65,"neow_bonus":"TRANSFORM_CARD","is_prod":false,"is_daily":false,"chose_seed":false,"campfire_upgraded":0,"win_rate":0,"timestamp":1554006513,"path_taken":["M","M","$","?","M","E","R","E","T","E","?","$","E","?","R","BOSS","M","?","?","?","$","R","E","M","T","E"],"build_version":"2019-01-23","purchased_purges":1,"victory":false,"max_hp_per_floor":[80,80,80,80,80,80,80,80,80,80,80,80,80,80,80,80,80,80,80,80,80,80,80,80,80,80,80],"card_choices":[{"not_picked":["Seeing Red","Warcry"],"picked":"Spot Weakness","floor":1},{"not_picked":["Searing Blow","Rampage"],"picked":"Headbutt","floor":2},{"not_picked":["Clash","Searing Blow"],"picked":"Clothesline","floor":5},{"not_picked":["Headbutt","Havoc"],"picked":"Spot Weakness","floor":6},{"not_picked":["Searing Blow","Barricade","Inflame"],"picked":"SKIP","floor":8},{"not_picked":["Evolve","Clothesline"],"picked":"Shrug It Off+1","floor":10},{"not_picked":["Headbutt","Intimidate+1"],"picked":"Armaments+1","floor":11},{"not_picked":["Thunderclap","Rampage","Wild Strike"],"picked":"SKIP","floor":13},{"not_picked":["Immolate","Bludgeon"],"picked":"Double Tap+1","floor":16},{"not_picked":["Fire Breathing","Perfected Strike"],"picked":"Entrench+1","floor":18},{"not_picked":["Armaments+1","Hemokinesis"],"picked":"Pummel+1","floor":21},{"not_picked":["Warcry+1","Body Slam"],"picked":"Rupture","floor":24},{"not_picked":["Cleave","True Grit+1","Clash"],"picked":"Shrug It Off+1","floor":25}],"player_experience":431964,"relics_obtained":[{"floor":6,"key":"Red Skull"},{"floor":8,"key":"Matryoshka"},{"floor":9,"key":"Self Forming Clay"},{"floor":9,"key":"Toxic Egg 2"},{"floor":10,"key":"Dead Branch"},{"floor":13,"key":"Vajra"},{"floor":24,"key":"Question Card"},{"floor":26,"key":"Bag of Marbles"},{"floor":26,"key":"Magic Flower"}],"event_choices":[{"damage_healed":0,"gold_gain":0,"player_choice":"Upgraded","damage_taken":0,"max_hp_gain":0,"max_hp_loss":0,"event_name":"Upgrade Shrine","floor":4,"gold_loss":0,"cards_upgraded":["Rupture"]},{"cards_removed":["Strike_R"],"damage_healed":0,"gold_gain":0,"player_choice":"Card Removal","damage_taken":0,"max_hp_gain":0,"max_hp_loss":0,"event_name":"The Cleric","floor":14,"gold_loss":50},{"damage_healed":0,"gold_gain":0,"player_choice":"Opened","damage_taken":0,"relics_obtained":["The Courier"],"max_hp_gain":0,"max_hp_loss":0,"event_name":"The Mausoleum","floor":19,"gold_loss":0,"cards_obtained":["Writhe"]},{"damage_healed":0,"gold_gain":0,"player_choice":"Cursed","damage_taken":0,"max_hp_gain":0,"max_hp_loss":0,"event_name":"Wheel of Change","floor":20,"gold_loss":0,"cards_obtained":["Decay"]}],"is_beta":false,"boss_relics":[{"not_picked":["Runic Dome","Busted Crown"],"picked":"Ectoplasm"}],"items_purged_floors":[22],"is_endless":false,"potions_floor_spawned":[1,6,10,13,24,25],"killed_by":"Slavers","ascension_level":6}