{"gold_per_floor":[109,119,119,136,147,172,172,204,230,244,257,63,63,82,82,160,160,179,21,221,232,249,278,278,304,330,68,102,118,153,163,163,163],"floor_reached":33,"playtime":1856,"items_purged":["Strike_R","Strike_R"],"score":590,"play_id":"21ec4f8a-ec51-46f0-a3f6-273bbbf638f5","local_time":"20190412165005","is_ascension_mode":true,"campfire_choices":[{"floor":7,"key":"REST"},{"data":"Whirlwind","floor":13,"key":"SMITH"},{"data":"Inflame","floor":15,"key":"SMITH"},{"floor":24,"key":"REST"},{"floor":32,"key":"REST"}],"neow_cost":"NONE","seed_source_timestamp":4088415442595,"circlet_count":0,"master_deck":["AscendersBane","Strike_R","Strike_R","Strike_R","Defend_R+1","Defend_R","Defend_R","Defend_R","Bash+1","Anger","Shrug It Off","Clothesline","Inflame+1","Pummel","Headbutt","Flame Barrier","Whirlwind+1","Shockwave","Pummel","Shrug It Off+1","Evolve+1","Entrench+1","Pommel Strike+1"],"relics":["Burning Blood","Lantern","Bag of Marbles","Anchor","Fusion Hammer","Ancient Tea Set","War Paint","Art of War","Frozen Egg 2","Toxic Egg 2","Red Mask"],"potions_floor_usage":[18,33,33],"damage_taken":[{"damage":13,"enemies":"Cultist","floor":1,"turns":5},{"damage":4,"enemies":"Jaw Worm","floor":2,"turns":5},{"damage":0,"enemies":"2 Louse","floor":4,"turns":2},{"damage":33,"enemies":"Large Slime","floor":5,"turns":9},{"damage":27,"enemies":"3 Sentries","floor":6,"turns":9},{"damage":17,"enemies":"Lagavulin","floor":8,"turns":6},{"damage":1,"enemies":"Blue Slaver","floor":10,"turns":3},{"damage":0,"enemies":"Lots of Slimes","floor":11,"turns":4},{"damage":0,"enemies":"3 Louse","floor":14,"turns":2},{"damage":32,"enemies":"Hexaghost","floor":16,"turns":9},{"damage":14,"enemies":"Shell Parasite","floor":18,"turns":3},{"damage":4,"enemies":"2 Thieves","floor":21,"turns":3},{"damage":0,"enemies":"Centurion and Healer","floor":22,"turns":5},{"damage":26,"enemies":"Slavers","floor":23,"turns":5},{"damage":35,"enemies":"Gremlin Leader","floor":25,"turns":6},{"damage":15,"enemies":"Book of Stabbing","floor":28,"turns":5},{"damage":14,"enemies":"Snake Plant","floor":29,"turns":2},{"damage":0,"enemies":"Masked Bandits","floor":30,"turns":2},{"damage":0,"enemies":"Cultist and Chosen","floor":31,"turns":3},{"damage":100,"enemies":"Automaton","floor":33,"turns":12}],"seed_played":"3743299056532697593","potions_obtained":[{"floor":5,"key":"SpeedPotion"},{"floor":6,"key":"FearPotion"},{"floor":18,"key":"GamblersBrew"},{"floor":29,"key":"Weak Potion"}],"is_trial":false,"path_per_floor":["M","M","?","M","M","E","R","E","T","M","M","$","R","M","R","B",null,"M","$","?","M","M","E","R","E","T","$","E","M","?","M","R","B"],"character_chosen":"IRONCLAD","items_purchased":["Whirlwind","Shockwave","Shrug It Off","Frozen Egg 2"],"campfire_rested":3,"item_purchase_floors":[12,12,19,27],"current_hp_per_floor":[68,70,70,76,49,28,52,41,41,46,52,52,52,58,58,32,70,62,62,62,64,70,50,74,45,45,45,36,28,34,40,64,0],"gold":163,"neow_bonus":"TEN_PERCENT_HP_BONUS","is_prod":false,"is_daily":false,"chose_seed":false,"campfire_upgraded":2,"win_rate":0,"timestamp":1555098605,"path_taken":["M","?","?","M","M","E","R","E","T","?","M","?","R","M","R","BOSS","M","$","?","M","M","E","R","E","T","?","E","?","?","M","R","BOSS"],"build_version":"2019-01-23","purchased_purges":2,"victory":false,"max_hp_per_floor":[82,82,82,82,82,82,82,82,82,82,82,82,82,82,82,82,82,82,82,82,82,82,82,82,82,82,82,82,82,82,82,82,82],"card_choices":[{"not_picked":["Shrug It Off","Cleave"],"picked":"Anger","floor":1},{"not_picked":["Havoc","Flex"],"picked":"Shrug It Off","floor":2},{"not_picked":["Anger","Warcry","Iron Wave"],"picked":"SKIP","floor":4},{"not_picked":["Ghostly Armor","Pommel Strike"],"picked":"Clothesline","floor":5},{"not_picked":["Burning Pact","Infernal Blade"],"picked":"Inflame","floor":6},{"not_picked":["Spot Weakness","Searing Blow"],"picked":"Pummel","floor":8},{"not_picked":["Thunderclap","Clash"],"picked":"Headbutt","floor":10},{"not_picked":["Twin Strike","Reaper"],"picked":"Flame Barrier","floor":11},{"not_picked":["Clothesline","Dropkick","Evolve"],"picked":"SKIP","floor":14},{"not_picked":["Second Wind","Sever Soul"],"picked":"Pummel","floor":18},{"not_picked":["Heavy Blade","Iron Wave","Carnage"],"picked":"SKIP","floor":21},{"not_picked":["Anger","Body Slam","Corruption"],"picked":"SKIP","floor":22},{"not_picked":["Rupture","Intimidate","Bludgeon"],"picked":"SKIP","floor":23},{"not_picked":["Searing Blow","Evolve","Headbutt"],"picked":"SKIP","floor":25},{"not_picked":["Blood for Blood","Warcry"],"picked":"Evolve+1","floor":28},{"not_picked":["Bloodletting+1","Sword Boomerang","Twin Strike"],"picked":"SKIP","floor":29},{"not_picked":["Sword Boomerang","Body Slam"],"picked":"Entrench+1","floor":30},{"not_picked":["Cleave","Fire Breathing+1"],"picked":"Pommel Strike+1","floor":31}],"player_experience":618848,"relics_obtained":[{"floor":6,"key":"Lantern"},{"floor":8,"key":"Bag of Marbles"},{"floor":9,"key":"Anchor"},{"floor":23,"key":"Ancient Tea Set"},{"floor":25,"key":"War Paint"},{"floor":26,"key":"Art of War"},{"floor":28,"key":"Toxic Egg 2"},{"floor":30,"key":"Red Mask"}],"event_choices":[{"damage_healed":0,"gold_gain":0,"player_choice":"Upgraded","damage_taken":0,"max_hp_gain":0,"max_hp_loss":0,"event_name":"Upgrade Shrine","floor":3,"gold_loss":0,"cards_upgraded":["Bash"]},{"damage_healed":0,"gold_gain":200,"player_choice":"Gold","damage_taken":0,"max_hp_gain":0,"max_hp_loss":0,"event_name":"Wheel of Change","floor":20,"gold_loss":0},{"damage_healed":0,"gold_gain":0,"player_choice":"Fought Bandits","damage_taken":0,"max_hp_gain":0,"max_hp_loss":0,"event_name":"Masked Bandits","floor":30,"gold_loss":0}],"is_beta":false,"boss_relics":[{"not_picked":["Orrery","Lizard Tail"],"picked":"Fusion Hammer"}],"items_purged_floors":[12,19],"is_endless":false,"potions_floor_spawned":[5,6,10,16,18,23,28,29],"killed_by":"Automaton","ascension_level":17}