{"gold_per_floor":[118,133,144,163,163,163,194,213,213,213,224,224,3,36,36,113,113,125,125,40,40,40,40,40,40,92,125,144,144,144,162,162,162],"floor_reached":33,"playtime":1356,"items_purged":["Strike_R"],"score":491,"play_id":"3dc98d4f-2799-4a41-b6d8-ef81813e68e9","local_time":"20181213150225","is_ascension_mode":true,"campfire_choices":[{"data":"Clothesline","floor":6,"key":"SMITH"},{"data":"Havoc","floor":10,"key":"SMITH"},{"floor":12,"key":"REST"},{"floor":15,"key":"REST"},{"data":"Rampage","floor":23,"key":"SMITH"},{"floor":25,"key":"REST"},{"data":"Juggernaut","floor":29,"key":"SMITH"},{"floor":32,"key":"REST"}],"neow_cost":"NONE","seed_source_timestamp":272384212932221,"circlet_count":0,"master_deck":["AscendersBane","Strike_R","Strike_R","Strike_R","Defend_R","Defend_R","Defend_R+1","Defend_R","Bash","Brutality","Infernal Blade+1","Flex","Clothesline+1","Rampage+1","Blood for Blood","Havoc+1","Shrug It Off","Metallicize","Flame Barrier","Offering","Warcry+1","Writhe","Uppercut","Juggernaut+1","Whirlwind","True Grit"],"relics":["Burning Blood","War Paint","Torii","Gremlin Horn","Sozu","FossilizedHelix","Oddly Smooth Stone","Regal Pillow","Pen Nib"],"potions_floor_usage":[7,16,16,31],"damage_taken":[{"damage":14,"enemies":"Jaw Worm","floor":1,"turns":3},{"damage":10,"enemies":"2 Louse","floor":2,"turns":3},{"damage":6,"enemies":"Small Slimes","floor":3,"turns":2},{"damage":11,"enemies":"2 Fungi Beasts","floor":4,"turns":4},{"damage":21,"enemies":"Gremlin Nob","floor":7,"turns":4},{"damage":21,"enemies":"Lots of Slimes","floor":8,"turns":5},{"damage":23,"enemies":"Exordium Wildlife","floor":11,"turns":4},{"damage":21,"enemies":"3 Sentries","floor":14,"turns":8},{"damage":20,"enemies":"The Guardian","floor":16,"turns":11},{"damage":8,"enemies":"Chosen","floor":18,"turns":3},{"damage":34,"enemies":"Gremlin Leader","floor":27,"turns":9},{"damage":18,"enemies":"2 Thieves","floor":28,"turns":4},{"damage":22,"enemies":"3 Cultists","floor":31,"turns":4},{"damage":68,"enemies":"Collector","floor":33,"turns":7}],"seed_played":"-8966799846121793524","potions_obtained":[{"floor":1,"key":"Regen Potion"},{"floor":7,"key":"Weak Potion"},{"floor":11,"key":"Dexterity Potion"},{"floor":14,"key":"Fire Potion"},{"floor":16,"key":"Regen Potion"}],"is_trial":false,"path_per_floor":["M","M","M","M","?","R","E","M","T","R","M","R","$","E","R","B",null,"M","?","?","$","?","R","$","R","T","E","M","R","?","M","R","B"],"character_chosen":"IRONCLAD","items_purchased":["Shrug It Off","Metallicize"],"campfire_rested":4,"item_purchase_floors":[13,13],"current_hp_per_floor":[60,56,56,51,56,56,53,38,38,38,21,45,45,30,54,40,70,68,45,45,45,45,45,45,70,70,42,30,30,30,26,66,0],"gold":162,"neow_bonus":"ONE_RANDOM_RARE_CARD","is_prod":false,"is_daily":false,"chose_seed":false,"campfire_upgraded":4,"win_rate":0,"timestamp":1544709745,"path_taken":["M","M","M","M","?","R","E","M","T","R","M","R","$","E","R","BOSS","M","?","?","$","?","R","$","R","T","E","M","R","?","?","R","BOSS"],"build_version":"2018-12-06","purchased_purges":1,"victory":false,"max_hp_per_floor":[75,75,75,75,80,80,80,80,80,80,80,80,80,80,80,80,80,80,85,85,85,85,85,85,85,85,85,85,85,85,85,85,85],"card_choices":[{"not_picked":["Clash","Anger"],"picked":"Infernal Blade","floor":1},{"not_picked":["Body Slam","Wild Strike"],"picked":"Flex","floor":2},{"not_picked":["Sever Soul","Warcry"],"picked":"Clothesline","floor":3},{"not_picked":["Anger","Clothesline"],"picked":"Rampage","floor":4},{"not_picked":["Dropkick","Berserk"],"picked":"Blood for Blood","floor":7},{"not_picked":["Dropkick","Rampage"],"picked":"Havoc","floor":8},{"not_picked":["Iron Wave","Clothesline","Burning Pact"],"picked":"SKIP","floor":11},{"not_picked":["Iron Wave","Infernal Blade"],"picked":"Flame Barrier","floor":14},{"not_picked":["Fiend Fire","Brutality"],"picked":"Offering","floor":16},{"not_picked":["Fire Breathing","Seeing Red"],"picked":"Warcry+1","floor":18},{"not_picked":["Carnage","Clothesline"],"picked":"Uppercut","floor":27},{"not_picked":["Armaments","Fire Breathing"],"picked":"Juggernaut","floor":28},{"not_picked":["Headbutt","Clothesline"],"picked":"True Grit","floor":31}],"player_experience":949524,"relics_obtained":[{"floor":7,"key":"War Paint"},{"floor":9,"key":"Torii"},{"floor":14,"key":"Gremlin Horn"},{"floor":26,"key":"Regal Pillow"},{"floor":27,"key":"Pen Nib"}],"event_choices":[{"damage_healed":0,"gold_gain":0,"player_choice":"Donut","damage_taken":0,"max_hp_gain":5,"max_hp_loss":0,"event_name":"Big Fish","floor":5,"gold_loss":0},{"damage_healed":0,"gold_gain":0,"player_choice":"Shed Blood","damage_taken":28,"max_hp_gain":5,"max_hp_loss":0,"event_name":"Forgotten Altar","floor":19,"gold_loss":0},{"damage_healed":0,"gold_gain":0,"player_choice":"Obtained Relic","damage_taken":0,"relics_obtained":["FossilizedHelix"],"max_hp_gain":0,"max_hp_loss":0,"event_name":"Addict","floor":20,"gold_loss":85},{"damage_healed":0,"gold_gain":0,"player_choice":"Opened","damage_taken":0,"relics_obtained":["Oddly Smooth Stone"],"max_hp_gain":0,"max_hp_loss":0,"event_name":"The Mausoleum","floor":22,"gold_loss":0,"cards_obtained":["Writhe"]},{"damage_healed":0,"gold_gain":0,"cards_transformed":["Strike_R"],"player_choice":"Transformed","damage_taken":0,"max_hp_gain":0,"max_hp_loss":0,"event_name":"Transmorgrifier","floor":30,"gold_loss":0,"cards_obtained":["Whirlwind"]}],"is_beta":false,"boss_relics":[{"not_picked":["Runic Pyramid","Velvet Choker"],"picked":"Sozu"}],"items_purged_floors":[13],"is_endless":false,"potions_floor_spawned":[1,7,11,14,16,18,28,31],"killed_by":"Collector","ascension_level":16}