{"gold_per_floor":[115,115,127,157,157,157,192,192,192,210,210,235,247,267,267,364,364,376,276,296,315,328,328,328],"floor_reached":24,"playtime":1122,"items_purged":["Strike_B"],"score":373,"play_id":"e2792aa7-af5a-4690-8451-bea04908ca84","local_time":"20190419184549","is_ascension_mode":true,"campfire_choices":[{"data":"Zap","floor":6,"key":"SMITH"},{"data":"Genetic Algorithm","floor":15,"key":"SMITH"},{"floor":23,"key":"REST"}],"neow_cost":"NONE","seed_source_timestamp":20353787693068,"circlet_count":0,"master_deck":["AscendersBane","Strike_B","Strike_B","Defend_B","Defend_B","Defend_B","Defend_B","Zap+1","Dualcast","Rip and Tear","BootSequence","Leap","Melter","Ball Lightning","Genetic Algorithm+1","Echo Form","Fusion","Go for the Eyes","Hologram","Steam","Capacitor+1"],"relics":["Cracked Core","NeowsBlessing","Tiny Chest","Du-Vu Doll","Meat on the Bone","Singing Bowl","Anchor","Fusion Hammer"],"potions_floor_usage":[16,16],"damage_taken":[{"damage":0,"enemies":"2 Louse","floor":1,"turns":1},{"damage":0,"enemies":"Small Slimes","floor":3,"turns":1},{"damage":0,"enemies":"Lagavulin","floor":7,"turns":1},{"damage":1,"enemies":"Cultist","floor":10,"turns":3},{"damage":32,"enemies":"Gremlin Nob","floor":12,"turns":4},{"damage":0,"enemies":"3 Louse","floor":13,"turns":3},{"damage":0,"enemies":"Red Slaver","floor":14,"turns":3},{"damage":29,"enemies":"Hexaghost","floor":16,"turns":9},{"damage":32,"enemies":"3 Byrds","floor":18,"turns":5},{"damage":0,"enemies":"Spheric Guardian","floor":20,"turns":3},{"damage":0,"enemies":"Shelled Parasite and Fungi","floor":21,"turns":6},{"damage":5,"enemies":"Centurion and Healer","floor":22,"turns":5},{"damage":65,"enemies":"Slavers","floor":24,"turns":5}],"seed_played":"-5469254558579603431","potions_obtained":[{"floor":1,"key":"GamblersBrew"},{"floor":3,"key":"EssenceOfSteel"},{"floor":14,"key":"Fire Potion"},{"floor":20,"key":"Ancient Potion"}],"is_trial":false,"path_per_floor":["M","?","M","?","?","R","E","T","T","M","?","E","M","M","R","B",null,"M","$","M","M","M","R","E"],"character_chosen":"DEFECT","items_purchased":["Go for the Eyes"],"campfire_rested":1,"item_purchase_floors":[19],"current_hp_per_floor":[68,68,68,65,65,65,65,65,65,64,64,44,46,46,46,29,65,45,45,45,45,40,63,0],"gold":328,"neow_bonus":"THREE_ENEMY_KILL","is_prod":false,"is_daily":false,"chose_seed":false,"campfire_upgraded":2,"win_rate":0,"timestamp":1555710349,"path_taken":["M","?","M","?","?","R","E","?","T","M","?","E","M","M","R","BOSS","M","$","M","M","?","R","E"],"build_version":"2019-01-23","purchased_purges":1,"victory":false,"max_hp_per_floor":[75,75,75,75,75,75,75,75,75,75,75,75,77,77,77,77,77,77,77,77,77,77,77,77],"card_choices":[{"not_picked":["Streamline","Redo"],"picked":"Rip and Tear","floor":1},{"not_picked":["Compile Driver","Steam"],"picked":"BootSequence","floor":3},{"not_picked":["Buffer","Compile Driver"],"picked":"Leap","floor":7},{"not_picked":["Turbo","Sweeping Beam"],"picked":"Melter","floor":10},{"not_picked":["Sweeping Beam","Barrage"],"picked":"Ball Lightning","floor":12},{"not_picked":["Melter","Turbo","Aggregate"],"picked":"Singing Bowl","floor":13},{"not_picked":["Rebound","Gash"],"picked":"Genetic Algorithm","floor":14},{"not_picked":["Amplify","Meteor Strike"],"picked":"Echo Form","floor":16},{"not_picked":["Beam Cell+1","Rebound"],"picked":"Fusion","floor":18},{"not_picked":["Beam Cell","Redo"],"picked":"Hologram","floor":20},{"not_picked":["Double Energy","Leap"],"picked":"Steam","floor":21},{"not_picked":["Scrape","Steam"],"picked":"Capacitor+1","floor":22}],"player_experience":677307,"relics_obtained":[{"floor":7,"key":"Du-Vu Doll"},{"floor":8,"key":"Meat on the Bone"},{"floor":9,"key":"Singing Bowl"},{"floor":12,"key":"Anchor"}],"event_choices":[{"damage_healed":0,"gold_gain":0,"player_choice":"Ignored","damage_taken":0,"max_hp_gain":0,"max_hp_loss":0,"event_name":"Liars Game","floor":2,"gold_loss":0},{"damage_healed":0,"gold_gain":0,"player_choice":"Success","damage_taken":3,"relics_obtained":["Tiny Chest"],"max_hp_gain":0,"max_hp_loss":0,"event_name":"Scrap Ooze","floor":4,"gold_loss":0},{"cards_removed":["Strike_B"],"damage_healed":0,"gold_gain":0,"player_choice":"Forget","damage_taken":0,"max_hp_gain":0,"max_hp_loss":0,"event_name":"Living Wall","floor":5,"gold_loss":0},{"damage_healed":0,"gold_gain":0,"player_choice":"Bought 0 Potions","damage_taken":0,"max_hp_gain":0,"max_hp_loss":0,"event_name":"The Woman in Blue","floor":11,"gold_loss":0}],"is_beta":false,"boss_relics":[{"not_picked":["Eternal Feather","Pandora\u0027s Box"],"picked":"Fusion Hammer"}],"items_purged_floors":[19],"is_endless":false,"potions_floor_spawned":[1,3,13,14,20],"killed_by":"Slavers","ascension_level":12}