{"gold_per_floor":[369,369,386,405,138,168,42,56,56,81,81,42,42,75,75,175,175,192,211,211,228,153,153,83,83,129,145,42,42,57,73,73,171,171,189,208,15,32,46,46,46,46,120,132,10,20,20,20],"floor_reached":48,"playtime":4504,"items_purged":["Strike_G","Strike_G","Defend_G","Defend_G","Defend_G"],"score":599,"play_id":"165f5639-2233-494f-9d54-a1393d361c8d","local_time":"20180908080023","is_ascension_mode":true,"campfire_choices":[{"floor":11.0,"key":"REST"},{"floor":13.0,"key":"REST"},{"data":"Apotheosis","floor":15.0,"key":"SMITH"},{"floor":23.0,"key":"REST"},{"floor":25.0,"key":"REST"},{"floor":29.0,"key":"REST"},{"data":"Infinite Blades","floor":32.0,"key":"SMITH"},{"floor":40.0,"key":"REST"},{"floor":42.0,"key":"REST"}],"neow_cost":"TEN_PERCENT_HP_LOSS","seed_source_timestamp":0,"circlet_count":0,"master_deck":["Defend_G","Strike_G","Survivor","Neutralize+1","Outmaneuver","Accuracy","Backflip","Infinite Blades+1","Blade Dance","Apotheosis+1","Accuracy","After Image","Corpse Explosion","Backflip","Noxious Fumes","Noxious Fumes","Accuracy","After Image","Blade Dance","Noxious Fumes","Blade Dance+1","Accuracy"],"special_seed":0,"relics":["Ring of the Serpent","Membership Card","Juzu Bracelet","Potion Belt","Singing Bowl","Ancient Tea Set","Empty Cage","Anchor","Orichalcum","TheAbacus","Unceasing Top","Pear"],"potions_floor_usage":[48,48,48],"damage_taken":[{"damage":5.0,"enemies":"2 Louse","floor":1.0,"turns":3.0},{"damage":0.0,"enemies":"Cultist","floor":3.0,"turns":5.0},{"damage":1.0,"enemies":"Jaw Worm","floor":4.0,"turns":6.0},{"damage":17.0,"enemies":"Lagavulin","floor":6.0,"turns":11.0},{"damage":2.0,"enemies":"Blue Slaver","floor":8.0,"turns":4.0},{"damage":24.0,"enemies":"Gremlin Nob","floor":10.0,"turns":4.0},{"damage":0.0,"enemies":"Lagavulin","floor":14.0,"turns":5.0},{"damage":25.0,"enemies":"The Guardian","floor":16.0,"turns":7.0},{"damage":15.0,"enemies":"Spheric Guardian","floor":18.0,"turns":4.0},{"damage":27.0,"enemies":"3 Byrds","floor":19.0,"turns":4.0},{"damage":22.0,"enemies":"Sentry and Sphere","floor":21.0,"turns":8.0},{"damage":0.0,"enemies":"Cultist and Chosen","floor":27.0,"turns":4.0},{"damage":0.0,"enemies":"3 Cultists","floor":30.0,"turns":3.0},{"damage":8.0,"enemies":"Snake Plant","floor":31.0,"turns":5.0},{"damage":19.0,"enemies":"Champ","floor":33.0,"turns":8.0},{"damage":14.0,"enemies":"Orb Walker","floor":35.0,"turns":5.0},{"damage":18.0,"enemies":"3 Shapes","floor":36.0,"turns":5.0},{"damage":23.0,"enemies":"Spire Growth","floor":38.0,"turns":4.0},{"damage":0.0,"enemies":"Maw","floor":39.0,"turns":6.0},{"damage":0.0,"enemies":"Mind Bloom Boss Battle","floor":41.0,"turns":3.0},{"damage":26.0,"enemies":"Sphere and 2 Shapes","floor":44.0,"turns":5.0},{"damage":30.0,"enemies":"4 Shapes","floor":46.0,"turns":5.0},{"damage":32,"enemies":"2 Orb Walkers","floor":48,"turns":5}],"seed_played":"2684369542281512365","potions_obtained":[{"floor":4.0,"key":"Swift Potion"},{"floor":6.0,"key":"Swift Potion"},{"floor":8.0,"key":"Swift Potion"},{"floor":14.0,"key":"SkillPotion"},{"floor":19.0,"key":"Energy Potion"},{"floor":27.0,"key":"SkillPotion"},{"floor":31.0,"key":"Energy Potion"},{"floor":36.0,"key":"FearPotion"},{"floor":38.0,"key":"Weak Potion"},{"floor":39.0,"key":"SkillPotion"},{"floor":44.0,"key":"SteroidPotion"}],"is_trial":false,"path_per_floor":["M","?","M","M","$","E","$","M","T","E","R","$","R","E","R","B",null,"M","M","?","M","?","R","$","R","T","M","$","R","M","M","R","B",null,"M","M","$","M","M","R","?","R","T","M","$","M","$"],"character_chosen":"THE_SILENT","items_purchased":["Infinite Blades","Membership Card","Apotheosis","Accuracy","After Image","Noxious Fumes","Noxious Fumes","Noxious Fumes","TheAbacus","Accuracy"],"campfire_rested":7,"item_purchase_floors":[5,5,7,7,12,24,28,37,37,45],"current_hp_per_floor":[58,58,58,57,57,40,40,38,38,16,35,35,54,56,56,31,67,54,29,29,7,7,28,28,49,49,51,51,72,74,66,66,47,75,61,45,45,22,24,47,49,73,83,59,59,31,31,0],"gold":20,"neow_bonus":"TWO_FIFTY_GOLD","is_prod":false,"is_daily":false,"chose_seed":false,"campfire_upgraded":2,"win_rate":0,"timestamp":1536418823,"path_taken":["M","?","M","M","$","E","$","M","T","E","R","$","R","E","R","BOSS","M","M","?","M","?","R","$","R","T","M","$","R","M","M","R","BOSS","M","M","$","M","M","R","?","R","T","M","$","M","$","E"],"build_version":"2018-09-06","purchased_purges":5,"victory":false,"max_hp_per_floor":[63,63,63,63,63,63,63,63,63,65,65,65,65,67,67,67,67,69,71,71,71,71,71,71,71,71,73,73,73,75,75,75,75,75,75,77,77,77,79,79,81,81,91,93,93,95,95,95],"card_choices":[{"not_picked":["Slice","PiercingWail"],"picked":"Outmaneuver","floor":1.0},{"not_picked":["Quick Slash","Predator"],"picked":"Accuracy","floor":3.0},{"not_picked":["Reflex","Expertise"],"picked":"Backflip","floor":4.0},{"not_picked":["Masterful Stab","Eviscerate"],"picked":"Blade Dance","floor":6.0},{"not_picked":["Acrobatics","Dodge and Roll","Reflex"],"picked":"SKIP","floor":8.0},{"not_picked":["Expertise","Riddle With Holes","Skewer"],"picked":"Singing Bowl","floor":10.0},{"not_picked":["Bane","Quick Slash","Slice"],"picked":"Singing Bowl","floor":14.0},{"not_picked":["Tools of the Trade","Wraith Form v2"],"picked":"Corpse Explosion","floor":16.0},{"not_picked":["Dagger Throw+1","Sucker Punch+1","Quick Slash"],"picked":"Singing Bowl","floor":18.0},{"not_picked":["Slice","Quick Slash","Deflect"],"picked":"Singing Bowl","floor":19.0},{"not_picked":["Leg Sweep","Underhanded Strike"],"picked":"Backflip","floor":21.0},{"not_picked":["Sucker Punch","Dagger Spray","Setup"],"picked":"Singing Bowl","floor":27.0},{"not_picked":["Deflect","Sucker Punch","Dodge and Roll"],"picked":"Singing Bowl","floor":30.0},{"not_picked":["Tactician","Deflect+1"],"picked":"Accuracy","floor":31.0},{"not_picked":["Phantasmal Killer","Corpse Explosion"],"picked":"After Image","floor":33.0},{"not_picked":["Backstab+1","PiercingWail+1"],"picked":"Blade Dance","floor":35.0},{"not_picked":["Dodge and Roll+1","Reflex+1","Underhanded Strike"],"picked":"Singing Bowl","floor":36.0},{"not_picked":["Distraction+1","Dagger Spray+1"],"picked":"Blade Dance+1","floor":38.0},{"not_picked":["Blade Dance","Sucker Punch+1","Choke"],"picked":"Singing Bowl","floor":39.0},{"not_picked":["Blade Dance+1","Setup+1","Dodge and Roll+1"],"picked":"Singing Bowl","floor":41.0},{"not_picked":["Prepared","Outmaneuver","Quick Slash+1"],"picked":"Singing Bowl","floor":44.0},{"not_picked":["Eviscerate+1","Deflect+1","Blade Dance+1"],"picked":"Singing Bowl","floor":46.0}],"player_experience":760671,"relics_obtained":[{"floor":6.0,"key":"Juzu Bracelet"},{"floor":9.0,"key":"Potion Belt"},{"floor":10.0,"key":"Singing Bowl"},{"floor":14.0,"key":"Ancient Tea Set"},{"floor":26.0,"key":"Orichalcum"},{"floor":41.0,"key":"Unceasing Top"},{"floor":43.0,"key":"Pear"}],"event_choices":[{"event_name":"Upgrade Shrine","player_choice":"Upgraded","floor":2.0,"damage_taken":0.0},{"event_name":"WeMeetAgain","player_choice":"Potion","floor":20.0,"damage_taken":0.0},{"event_name":"Beggar","player_choice":"Gave Gold","floor":22.0,"damage_taken":0.0},{"event_name":"MindBloom","player_choice":"Fight","floor":41.0,"damage_taken":0.0}],"is_beta":false,"boss_relics":[{"not_picked":["Snecko Eye","Coffee Dripper"],"picked":"Empty Cage"},{"not_picked":["Philosopher\u0027s Stone","Eternal Feather"],"picked":"Ring of the Serpent"}],"items_purged_floors":[5,24,28,37,45],"is_endless":false,"potions_floor_spawned":[4,6,8,14,19,27,31,36,38,39,44],"killed_by":"2 Orb Walkers","ascension_level":3}