{"gold_per_floor":[218,236,247,422,437,437,472,472,523,116,147,147,2,13,13,116,116,130,130,130,149,24,24,24,24,24,49,27,27,27,40,40,145,145,157,35,54,54,66,66,101,101,101,1,101,130,142,152,152,152],"floor_reached":51,"playtime":3373,"items_purged":["Doubt","Strike_B","Strike_B","Strike_B"],"score":912,"play_id":"fbb91513-923f-4c8b-8cd9-e2ad7604c5c5","local_time":"20190404163333","is_ascension_mode":true,"campfire_choices":[{"data":"Zap","floor":6,"key":"SMITH"},{"data":"Defragment","floor":12,"key":"SMITH"},{"data":"Capacitor","floor":15,"key":"SMITH"},{"data":"Echo Form","floor":23,"key":"SMITH"},{"data":"Capacitor","floor":25,"key":"SMITH"},{"data":"Chill","floor":32,"key":"SMITH"},{"data":"Defragment","floor":40,"key":"SMITH"},{"data":"Barrage","floor":42,"key":"SMITH"},{"floor":49,"key":"REST"}],"neow_cost":"NONE","seed_source_timestamp":651911882569,"circlet_count":0,"master_deck":["Defend_B","Defend_B","Defend_B","Defend_B","Zap+1","Dualcast","Chill+1","Go for the Eyes+1","Capacitor+1","Capacitor+1","Ball Lightning","Barrage+1","Undo","Defragment+1","Leap","Steam","Echo Form+1","Glacier","Hologram+1","Force Field+1","Steam","Steam","Defragment+1","Conserve Battery","Undo","Ball Lightning","Hologram","Stack+1","Undo"],"relics":["Cracked Core","Mummified Hand","Boot","Oddly Smooth Stone","Juzu Bracelet","Nuclear Battery","Matryoshka","DataDisk","Busted Crown","Smiling Mask","Potion Belt","Mercury Hourglass","Shovel","Bag of Marbles"],"potions_floor_usage":[1,7],"damage_taken":[{"damage":1,"enemies":"Cultist","floor":1,"turns":3},{"damage":0,"enemies":"2 Louse","floor":2,"turns":2},{"damage":3,"enemies":"Small Slimes","floor":3,"turns":3},{"damage":6,"enemies":"2 Fungi Beasts","floor":5,"turns":5},{"damage":9,"enemies":"3 Sentries","floor":7,"turns":10},{"damage":26,"enemies":"Gremlin Nob","floor":11,"turns":4},{"damage":0,"enemies":"Red Slaver","floor":14,"turns":4},{"damage":0,"enemies":"Hexaghost","floor":16,"turns":9},{"damage":0,"enemies":"Chosen","floor":18,"turns":5},{"damage":16,"enemies":"3 Byrds","floor":21,"turns":5},{"damage":15,"enemies":"Slavers","floor":27,"turns":7},{"damage":0,"enemies":"Cultist and Chosen","floor":31,"turns":5},{"damage":0,"enemies":"Champ","floor":33,"turns":13},{"damage":0,"enemies":"3 Darklings","floor":35,"turns":7},{"damage":23,"enemies":"3 Shapes","floor":37,"turns":8},{"damage":5,"enemies":"Transient","floor":39,"turns":5},{"damage":0,"enemies":"Giant Head","floor":41,"turns":11},{"damage":0,"enemies":"Mind Bloom Boss Battle","floor":45,"turns":8},{"damage":4,"enemies":"Nemesis","floor":46,"turns":7},{"damage":0,"enemies":"Jaw Worm Horde","floor":47,"turns":5},{"damage":15,"enemies":"4 Shapes","floor":48,"turns":5},{"damage":12,"enemies":"Time Eater","floor":50,"turns":21}],"seed_played":"-1152900181192272059","potions_obtained":[{"floor":1,"key":"Fruit Juice"},{"floor":2,"key":"Energy Potion"},{"floor":5,"key":"Strength Potion"},{"floor":11,"key":"Weak Potion"},{"floor":18,"key":"Explosive Potion"},{"floor":35,"key":"PowerPotion"},{"floor":45,"key":"SkillPotion"}],"is_trial":false,"path_per_floor":["M","M","M","?","M","R","E","?","T","$","E","R","$","M","R","B",null,"M","?","?","M","$","R","?","R","T","E","$","?","?","M","R","B",null,"M","$","M","?","M","R","E","R","T","$","?","E","M","M","R","B",null],"character_chosen":"DEFECT","items_purchased":["Ball Lightning","Barrage","Undo","Oddly Smooth Stone","Leap","Steam","Defragment","Conserve Battery","Ball Lightning"],"campfire_rested":1,"item_purchase_floors":[10,10,10,10,13,28,36,36,44],"current_hp_per_floor":[79,79,76,76,70,70,61,54,54,54,28,28,28,28,28,28,80,80,80,80,64,64,64,64,64,64,49,49,49,49,49,49,49,80,80,80,57,57,52,52,52,52,52,52,52,48,48,33,55,43],"gold":152,"neow_bonus":"HUNDRED_GOLD","is_prod":false,"is_daily":false,"chose_seed":false,"campfire_upgraded":8,"win_rate":0,"timestamp":1554406413,"path_taken":["M","M","?","?","M","R","E","?","T","$","E","R","$","M","R","BOSS","M","?","?","M","$","R","?","R","T","E","?","?","?","M","R","BOSS","M","$","M","?","M","R","E","R","T","$","?","E","M","M","R","BOSS"],"build_version":"2019-01-23","purchased_purges":4,"victory":true,"max_hp_per_floor":[80,80,80,80,80,80,80,80,80,80,80,80,80,80,80,80,80,80,80,80,80,80,80,80,80,80,80,80,80,80,80,80,80,80,80,80,80,76,76,76,76,76,76,76,76,76,76,76,76,76],"card_choices":[{"not_picked":["Doom and Gloom","Redo"],"picked":"Chill","floor":1},{"not_picked":["Darkness","Sweeping Beam","Turbo"],"picked":"SKIP","floor":2},{"not_picked":["Sweeping Beam","Redo"],"picked":"Go for the Eyes","floor":3},{"not_picked":["Turbo","White Noise"],"picked":"Capacitor","floor":5},{"not_picked":["Turbo","Static Discharge"],"picked":"Capacitor","floor":7},{"not_picked":["Rip and Tear","Barrage"],"picked":"Defragment","floor":11},{"not_picked":["Barrage","Turbo"],"picked":"Steam","floor":14},{"not_picked":["Fission","All For One"],"picked":"Echo Form","floor":16},{"not_picked":["Auto Shields","Steam"],"picked":"Glacier","floor":18},{"not_picked":["Conserve Battery","Fusion+1"],"picked":"Hologram+1","floor":21},{"not_picked":["Sweeping Beam","Aggregate"],"picked":"Force Field+1","floor":27},{"not_picked":["Coolheaded","Hologram"],"picked":"Steam","floor":31},{"not_picked":["Barrage"],"picked":"SKIP","floor":35},{"not_picked":["Hologram"],"picked":"SKIP","floor":37},{"not_picked":["Sunder+1"],"picked":"SKIP","floor":39},{"not_picked":[],"picked":"Undo","floor":41},{"not_picked":[],"picked":"Hologram","floor":46},{"not_picked":[],"picked":"Stack+1","floor":47},{"not_picked":[],"picked":"Undo","floor":48}],"player_experience":508592,"relics_obtained":[{"floor":7,"key":"Mummified Hand"},{"floor":9,"key":"Boot"},{"floor":11,"key":"Juzu Bracelet"},{"floor":26,"key":"Matryoshka"},{"floor":27,"key":"DataDisk"},{"floor":41,"key":"Smiling Mask"},{"floor":43,"key":"Potion Belt"},{"floor":43,"key":"Mercury Hourglass"},{"floor":45,"key":"Shovel"},{"floor":46,"key":"Bag of Marbles"}],"event_choices":[{"damage_healed":0,"gold_gain":175,"player_choice":"AGREE","damage_taken":0,"max_hp_gain":0,"max_hp_loss":0,"event_name":"Liars Game","floor":4,"gold_loss":0,"cards_obtained":["Doubt"]},{"cards_removed":["Strike_B"],"damage_healed":0,"gold_gain":0,"player_choice":"Card Removal","damage_taken":7,"max_hp_gain":0,"max_hp_loss":0,"event_name":"Golden Wing","floor":8,"gold_loss":0},{"damage_healed":0,"gold_gain":0,"player_choice":"Ignored","damage_taken":0,"max_hp_gain":0,"max_hp_loss":0,"event_name":"N\u0027loth","floor":19,"gold_loss":0},{"damage_healed":0,"gold_gain":0,"player_choice":"Ignored","damage_taken":0,"max_hp_gain":0,"max_hp_loss":0,"event_name":"Ghosts","floor":20,"gold_loss":0},{"damage_healed":0,"gold_gain":0,"player_choice":"Ignored","damage_taken":0,"max_hp_gain":0,"max_hp_loss":0,"event_name":"Beggar","floor":29,"gold_loss":0},{"damage_healed":0,"gold_gain":0,"player_choice":"Forge","damage_taken":0,"max_hp_gain":0,"max_hp_loss":0,"event_name":"Accursed Blacksmith","floor":30,"gold_loss":0,"cards_upgraded":["Go for the Eyes"]},{"damage_healed":0,"gold_gain":0,"player_choice":"Max HP","damage_taken":0,"max_hp_gain":0,"max_hp_loss":4,"event_name":"Winding Halls","floor":38,"gold_loss":0},{"damage_healed":0,"gold_gain":0,"player_choice":"Fight","damage_taken":0,"max_hp_gain":0,"max_hp_loss":0,"event_name":"MindBloom","floor":45,"gold_loss":0}],"is_beta":false,"boss_relics":[{"not_picked":["Inserter","Calling Bell"],"picked":"Nuclear Battery"},{"not_picked":["Eternal Feather","Philosopher\u0027s Stone"],"picked":"Busted Crown"}],"items_purged_floors":[10,13,22,44],"is_endless":false,"potions_floor_spawned":[1,2,5,11,18,27,31,35,37,45],"ascension_level":2}