{"gold_per_floor":[115,130,147,147,147,173,23,23,23,23,49,68,83,98,98,194,194,212,212,212,228,240,240,18,18],"floor_reached":25,"playtime":1143,"items_purged":["Writhe"],"score":288,"play_id":"3be994ef-0348-4458-92a5-5f865a38f171","local_time":"20180927134538","is_ascension_mode":true,"campfire_choices":[{"floor":8,"key":"REST"},{"floor":15,"key":"REST"},{"floor":23,"key":"REST"}],"neow_cost":"","seed_source_timestamp":255158819680988,"circlet_count":0,"master_deck":["Strike_B","Strike_B","Strike_B","Defend_B+1","Defend_B","Defend_B","Defend_B","Zap+1","Dualcast","Loop","Leap","Rebound","Zap+1","Meteor Strike","Streamline+1","Sunder+1","Rebound+1","Cold Snap+1","Buffer","Go for the Eyes+1","Steam","Stack"],"relics":["Cracked Core","Sundial","War Paint","Question Card","Molten Egg 2","Cursed Key","Omamori","Orichalcum"],"potions_floor_usage":[13,14,16,16,21,25],"damage_taken":[{"damage":0,"enemies":"Small Slimes","floor":1,"turns":2},{"damage":10,"enemies":"2 Louse","floor":2,"turns":4},{"damage":0,"enemies":"Cultist","floor":3,"turns":3},{"damage":40,"enemies":"Gremlin Nob","floor":6,"turns":4},{"damage":15,"enemies":"Lagavulin","floor":11,"turns":7},{"damage":3,"enemies":"Looter","floor":12,"turns":2},{"damage":4,"enemies":"Large Slime","floor":13,"turns":4},{"damage":8,"enemies":"Blue Slaver","floor":14,"turns":2},{"damage":17,"enemies":"Hexaghost","floor":16,"turns":8},{"damage":18,"enemies":"3 Byrds","floor":18,"turns":4},{"damage":7,"enemies":"Colosseum Slavers","floor":19,"turns":6},{"damage":13,"enemies":"2 Thieves","floor":21,"turns":3},{"damage":17,"enemies":"Centurion and Healer","floor":22,"turns":7},{"damage":41,"enemies":"Gremlin Leader","floor":25,"turns":6}],"seed_played":"2386242990094982461","potions_obtained":[{"floor":1,"key":"Dexterity Potion"},{"floor":11,"key":"GamblersBrew"},{"floor":12,"key":"SkillPotion"},{"floor":13,"key":"Fire Potion"},{"floor":18,"key":"Strength Potion"},{"floor":21,"key":"Fire Potion"}],"is_trial":false,"path_per_floor":["M","M","M","?","?","E","$","R","T","?","E","M","M","M","R","B",null,"M","?","?","M","M","R","$"],"character_chosen":"DEFECT","items_purchased":["War Paint","Orichalcum"],"campfire_rested":3,"item_purchase_floors":[7,24],"current_hp_per_floor":[68,58,58,51,51,11,11,33,33,33,18,15,11,3,25,8,58,40,33,33,20,3,25,25,0],"gold":18,"neow_bonus":"","is_prod":false,"is_daily":false,"chose_seed":false,"campfire_upgraded":0,"win_rate":0,"timestamp":1538048738,"path_taken":["M","M","M","?","?","E","$","R","T","?","E","M","M","M","R","BOSS","M","?","?","M","M","R","$","E"],"build_version":"2018-09-20","purchased_purges":1,"victory":false,"max_hp_per_floor":[75,75,75,75,75,75,75,75,75,75,75,75,75,75,75,75,75,75,75,75,75,75,75,75,75],"card_choices":[{"not_picked":["Stack","Hologram"],"picked":"Loop","floor":1},{"not_picked":["BootSequence","Reinforced Body"],"picked":"Leap","floor":2},{"not_picked":["Force Field","Coolheaded"],"picked":"Rebound","floor":3},{"not_picked":["Compile Driver","Steam Power","FTL"],"picked":"SKIP","floor":6},{"not_picked":["Hologram","Force Field","Chaos"],"picked":"Streamline","floor":11},{"not_picked":["Coolheaded","Machine Learning","Compile Driver+1"],"picked":"Sunder+1","floor":12},{"not_picked":["Chaos","Lockon+1","Streamline+1"],"picked":"Rebound+1","floor":13},{"not_picked":["Ball Lightning+1","Sweeping Beam+1","Meteor Strike+1"],"picked":"Cold Snap+1","floor":14},{"not_picked":["Echo Form","All For One+1","Creative AI"],"picked":"Buffer","floor":16},{"not_picked":["Cold Snap+1","Reinforced Body","Genetic Algorithm"],"picked":"Go for the Eyes+1","floor":18},{"not_picked":["Undo+1","Go for the Eyes+1","Rebound+1"],"picked":"Steam","floor":21},{"not_picked":["Hologram","Turbo","Cold Snap+1"],"picked":"Stack","floor":22}],"player_experience":425416,"relics_obtained":[{"floor":6,"key":"Sundial"},{"floor":9,"key":"Question Card"},{"floor":11,"key":"Molten Egg 2"}],"event_choices":[{"event_name":"Golden Wing","player_choice":"Card Removal","floor":4,"damage_taken":0},{"event_name":"Match and Keep!","player_choice":"2 cards matched","floor":5,"damage_taken":0},{"event_name":"Living Wall","player_choice":"Grow","floor":10,"damage_taken":0},{"event_name":"Colosseum","player_choice":"Fight","floor":19,"damage_taken":0},{"event_name":"Colosseum","player_choice":"Fled From Nobs","floor":19,"damage_taken":0},{"event_name":"The Mausoleum","player_choice":"Yes","floor":20,"damage_taken":0}],"is_beta":false,"boss_relics":[{"not_picked":["Sozu","Calling Bell"],"picked":"Cursed Key"}],"items_purged_floors":[24],"is_endless":false,"potions_floor_spawned":[1,11,12,13,18,21],"killed_by":"Gremlin Leader","ascension_level":7}