{"gold_per_floor":[113,15,15,90,165,165,198,211,211,230,230,244,275,293,293,397,397,411,411,411,430,430,444,461,461,484,484,80,113,113,28,28,128,128,139,139,139,175,207,235,235,273,296,296,80,119,136,136,136,136],"floor_reached":51,"playtime":1919,"items_purged":["Strike_R+1","Writhe"],"score":705,"play_id":"677712a1-8f0d-4627-8b79-3237036bf702","local_time":"20190428183036","is_ascension_mode":false,"campfire_choices":[{"data":"Armaments","floor":6,"key":"SMITH"},{"data":"Uppercut","floor":11,"key":"SMITH"},{"data":"Bash","floor":15,"key":"SMITH"},{"data":"Bludgeon","floor":25,"key":"SMITH"},{"data":"Clothesline","floor":27,"key":"SMITH"},{"data":"J.A.X.","floor":32,"key":"SMITH"},{"data":"Limit Break","floor":41,"key":"SMITH"},{"data":"Disarm","floor":44,"key":"SMITH"},{"data":"Flame Barrier","floor":49,"key":"SMITH"}],"neow_cost":"NONE","seed_source_timestamp":1409084564462600,"circlet_count":0,"master_deck":["Strike_R+1","Strike_R+1","Strike_R+1","Strike_R+1","Defend_R+1","Defend_R+1","Defend_R+1","Defend_R+1","Bash+1","Wild Strike","Perfected Strike","Armaments+1","Clothesline+1","Headbutt","Uppercut+1","Metallicize","Anger","Bludgeon+1","Feel No Pain","J.A.X.+1","Anger+1","Impervious","Disarm+1","Exhume","Decay","Limit Break+1","Clothesline+1","Dark Shackles","HandOfGreed","Pommel Strike+1","Flame Barrier+1","True Grit+1"],"relics":["Burning Blood","Smiling Mask","Oddly Smooth Stone","Blood Vial","Red Skull","Coffee Dripper","Blue Candle","Strawberry","WingedGreaves","Dream Catcher","PreservedInsect","Eternal Feather","Calipers","Boot"],"potions_floor_usage":[7,12,13,29,33,33,40,46,47,50,50],"damage_taken":[{"damage":10,"enemies":"Jaw Worm","floor":1,"turns":4},{"damage":6,"enemies":"Lagavulin","floor":7,"turns":8},{"damage":0,"enemies":"2 Louse","floor":8,"turns":2},{"damage":0,"enemies":"Cultist","floor":10,"turns":3},{"damage":0,"enemies":"3 Louse","floor":12,"turns":2},{"damage":13,"enemies":"Gremlin Nob","floor":13,"turns":4},{"damage":14,"enemies":"Exordium Wildlife","floor":14,"turns":4},{"damage":14,"enemies":"Slime Boss","floor":16,"turns":9},{"damage":4,"enemies":"Spheric Guardian","floor":18,"turns":3},{"damage":0,"enemies":"Chosen","floor":21,"turns":3},{"damage":12,"enemies":"Snake Plant","floor":23,"turns":3},{"damage":21,"enemies":"Shelled Parasite and Fungi","floor":24,"turns":5},{"damage":30,"enemies":"Slavers","floor":29,"turns":6},{"damage":43,"enemies":"Champ","floor":33,"turns":8},{"damage":15,"enemies":"Orb Walker","floor":35,"turns":3},{"damage":18,"enemies":"3 Shapes","floor":38,"turns":5},{"damage":28,"enemies":"Jaw Worm Horde","floor":39,"turns":7},{"damage":52,"enemies":"Reptomancer","floor":40,"turns":8},{"damage":5,"enemies":"Sphere and 2 Shapes","floor":42,"turns":6},{"damage":24,"enemies":"4 Shapes","floor":46,"turns":7},{"damage":10,"enemies":"Transient","floor":47,"turns":5},{"damage":41,"enemies":"Time Eater","floor":50,"turns":11}],"seed_played":"-107296257983489249","potions_obtained":[{"floor":1,"key":"Poison Potion"},{"floor":7,"key":"EntropicBrew"},{"floor":10,"key":"SteroidPotion"},{"floor":16,"key":"SteroidPotion"},{"floor":24,"key":"PowerPotion"},{"floor":33,"key":"SpeedPotion"},{"floor":38,"key":"EssenceOfSteel"},{"floor":42,"key":"Regen Potion"},{"floor":46,"key":"Block Potion"}],"is_trial":false,"path_per_floor":["M","$","?","?","?","R","E","M","T","M","R","M","E","M","R","B",null,"M","?","?","M","T","M","M","R","T","R","$","E","?","?","R","B",null,"M","?","?","M","M","E","R","M","T","R","$","M","M","?","R","B",null],"character_chosen":"IRONCLAD","items_purchased":["Perfected Strike","Armaments","Disarm","WingedGreaves","SteroidPotion","Ancient Potion","Flame Barrier"],"campfire_rested":0,"item_purchase_floors":[2,2,28,28,45,45,45],"current_hp_per_floor":[76,76,76,65,57,57,57,63,63,71,71,79,73,67,67,61,80,80,80,80,80,80,74,61,61,68,68,68,46,46,46,46,11,87,78,68,87,75,55,11,29,32,32,50,50,49,47,47,65,32],"gold":136,"neow_bonus":"RANDOM_COMMON_RELIC","is_prod":false,"is_daily":false,"chose_seed":false,"campfire_upgraded":9,"win_rate":1,"timestamp":1556501436,"path_taken":["M","$","?","?","?","R","E","?","T","M","R","M","E","M","R","BOSS","M","?","?","M","?","M","M","R","T","R","$","E","?","?","R","BOSS","M","?","?","M","M","E","R","M","T","R","$","M","M","?","R","BOSS"],"build_version":"2019-01-23","purchased_purges":2,"victory":true,"max_hp_per_floor":[80,80,80,80,80,80,80,80,80,80,80,80,80,80,80,80,80,80,80,80,80,80,80,80,80,87,87,87,87,87,87,87,87,87,87,87,87,87,87,87,87,87,87,87,87,87,87,87,87,87],"card_choices":[{"not_picked":["Reckless Charge","Pommel Strike"],"picked":"Wild Strike","floor":1},{"not_picked":["Warcry","Pummel"],"picked":"Clothesline","floor":7},{"not_picked":["Perfected Strike","Twin Strike"],"picked":"Headbutt","floor":8},{"not_picked":["Clash","Twin Strike"],"picked":"Uppercut","floor":10},{"not_picked":["Wild Strike","Havoc"],"picked":"Metallicize","floor":12},{"not_picked":["Dropkick","Cleave"],"picked":"Anger","floor":13},{"not_picked":["Bloodletting","Pummel","Heavy Blade"],"picked":"SKIP","floor":14},{"not_picked":["Bloodletting","Pummel","Heavy Blade"],"picked":"SKIP","floor":14},{"not_picked":["Brutality","Limit Break"],"picked":"Bludgeon","floor":16},{"not_picked":["Iron Wave","True Grit"],"picked":"Feel No Pain","floor":18},{"not_picked":["Blood for Blood","Twin Strike+1"],"picked":"Anger+1","floor":21},{"not_picked":["Iron Wave","Clothesline","Clash+1"],"picked":"SKIP","floor":23},{"not_picked":["Searing Blow","Sword Boomerang"],"picked":"Impervious","floor":24},{"not_picked":["Havoc","Sever Soul"],"picked":"Exhume","floor":29},{"not_picked":["Barricade","Feed"],"picked":"Limit Break","floor":33},{"not_picked":["Heavy Blade","Clash+1"],"picked":"Clothesline+1","floor":35},{"not_picked":["Trip","Madness"],"picked":"Dark Shackles","floor":36},{"not_picked":["Panache","Bandage Up"],"picked":"HandOfGreed","floor":36},{"not_picked":["Rampage+1","Thunderclap+1","Anger+1"],"picked":"SKIP","floor":38},{"not_picked":["Clash","Sever Soul"],"picked":"Pommel Strike+1","floor":39},{"not_picked":["Cleave","Perfected Strike","Double Tap"],"picked":"SKIP","floor":40},{"not_picked":["Perfected Strike+1","Dual Wield+1","Flex+1"],"picked":"SKIP","floor":42},{"not_picked":["Thunderclap+1","Blood for Blood+1"],"picked":"True Grit+1","floor":46},{"not_picked":["Fire Breathing+1","Searing Blow+1","Dropkick+1"],"picked":"SKIP","floor":47}],"player_experience":645858,"relics_obtained":[{"floor":7,"key":"Oddly Smooth Stone"},{"floor":9,"key":"Blood Vial"},{"floor":13,"key":"Red Skull"},{"floor":22,"key":"Blue Candle"},{"floor":26,"key":"Strawberry"},{"floor":29,"key":"Dream Catcher"},{"floor":40,"key":"Calipers"},{"floor":43,"key":"Boot"}],"event_choices":[{"damage_healed":0,"gold_gain":0,"player_choice":"Ignored","damage_taken":0,"max_hp_gain":0,"max_hp_loss":0,"event_name":"Liars Game","floor":3,"gold_loss":0},{"damage_healed":0,"gold_gain":75,"player_choice":"Gather Gold","damage_taken":11,"max_hp_gain":0,"max_hp_loss":0,"event_name":"World of Goop","floor":4,"gold_loss":0},{"damage_healed":0,"gold_gain":75,"player_choice":"Touch","damage_taken":8,"max_hp_gain":0,"max_hp_loss":0,"event_name":"FaceTrader","floor":5,"gold_loss":0},{"damage_healed":0,"gold_gain":0,"player_choice":"Simplicity","damage_taken":0,"max_hp_gain":0,"max_hp_loss":0,"event_name":"Back to Basics","floor":19,"gold_loss":0,"cards_upgraded":["Strike_R","Strike_R","Strike_R","Strike_R","Strike_R","Defend_R","Defend_R","Defend_R","Defend_R"]},{"damage_healed":0,"gold_gain":0,"player_choice":"Obtain J.A.X.","damage_taken":0,"max_hp_gain":0,"max_hp_loss":0,"event_name":"Drug Dealer","floor":20,"gold_loss":0,"cards_obtained":["J.A.X."]},{"damage_healed":0,"gold_gain":0,"player_choice":"Smashed Altar","damage_taken":0,"max_hp_gain":0,"max_hp_loss":0,"event_name":"Forgotten Altar","floor":30,"gold_loss":0,"cards_obtained":["Decay"]},{"damage_healed":0,"gold_gain":0,"player_choice":"Obtained Relic","damage_taken":0,"relics_obtained":["PreservedInsect"],"max_hp_gain":0,"max_hp_loss":0,"event_name":"Addict","floor":31,"gold_loss":85},{"damage_healed":0,"gold_gain":0,"player_choice":"Memory 3","damage_taken":10,"max_hp_gain":0,"max_hp_loss":0,"event_name":"SensoryStone","floor":36,"gold_loss":0},{"damage_healed":22,"gold_gain":0,"player_choice":"Writhe","damage_taken":0,"max_hp_gain":0,"max_hp_loss":0,"event_name":"Winding Halls","floor":37,"gold_loss":0,"cards_obtained":["Writhe"]},{"damage_healed":0,"gold_gain":0,"player_choice":"Ignored","damage_taken":0,"max_hp_gain":0,"max_hp_loss":0,"event_name":"Mysterious Sphere","floor":48,"gold_loss":0}],"is_beta":false,"boss_relics":[{"not_picked":["Ectoplasm","Runic Pyramid"],"picked":"Coffee Dripper"},{"not_picked":["Orrery","Snecko Eye"],"picked":"Eternal Feather"}],"items_purged_floors":[28,45],"is_endless":false,"potions_floor_spawned":[1,7,10,16,24,33,38,42,46],"ascension_level":0}