{"gold_per_floor":[110,122,140,140,140,140,157,186,261,292,304,331,377,409,421,530,542,571,227,136,146,146,172,172,183,229,229,229,260,260,286,286,383,383,396,222,271,271,271,271,302,322,322,347,347,364,393,409,409,409],"floor_reached":50,"playtime":3684,"items_purged":[],"score":1078,"play_id":"aa1ef499-5b68-41ad-b3fb-555993c1ea95","local_time":"20190309220057","is_ascension_mode":true,"campfire_choices":[{"data":"Defragment","floor":6,"key":"SMITH"},{"data":"Storm","floor":15,"key":"SMITH"},{"data":"Reboot","floor":24,"key":"SMITH"},{"floor":27,"key":"REST"},{"data":"Chill","floor":32,"key":"SMITH"},{"floor":40,"key":"REST"},{"floor":49,"key":"RECALL"}],"neow_cost":"NONE","seed_source_timestamp":1019828574361000,"circlet_count":0,"master_deck":["Dualcast","Reboot+1","Defragment+1","Storm+1","Steam","Self Repair","Steam","Cold Snap","Leap","Steam","Turbo","Force Field","Coolheaded","Machine Learning","Conserve Battery","Blizzard","Force Field","Creative AI","Loop+1","Loop","Leap","Defragment","Ball Lightning","BootSequence","Defragment+1","Core Surge","Writhe","Chill+1","Buffer","Seek","Tempest+1","Defragment","Panacea","Glacier","Mayhem","Thinking Ahead","Turbo","Parasite","Turbo+1","Rainbow","Hologram+1"],"relics":["Pandora\u0027s Box","Du-Vu Doll","Regal Pillow","Bottled Lightning","MawBank","Potion Belt","Inserter","Pantograph","Ornamental Fan","Blood Vial","Singing Bowl","Centennial Puzzle","Girya","Orrery","Peace Pipe","Molten Egg 2","Ancient Tea Set","Dodecahedron"],"potions_floor_usage":[10,16,16,23,25,29,33,50],"damage_taken":[{"damage":6,"enemies":"Cultist","floor":1,"turns":3},{"damage":4,"enemies":"Small Slimes","floor":2,"turns":3},{"damage":4,"enemies":"2 Louse","floor":3,"turns":3},{"damage":8,"enemies":"Lots of Slimes","floor":7,"turns":4},{"damage":12,"enemies":"3 Sentries","floor":8,"turns":7},{"damage":0,"enemies":"Lagavulin","floor":10,"turns":8},{"damage":4,"enemies":"3 Louse","floor":12,"turns":3},{"damage":0,"enemies":"3 Sentries","floor":13,"turns":25},{"damage":0,"enemies":"Red Slaver","floor":14,"turns":8},{"damage":7,"enemies":"The Guardian","floor":16,"turns":14},{"damage":13,"enemies":"2 Thieves","floor":18,"turns":4},{"damage":3,"enemies":"Spheric Guardian","floor":21,"turns":3},{"damage":34,"enemies":"Slavers","floor":23,"turns":5},{"damage":1,"enemies":"Snecko","floor":25,"turns":3},{"damage":9,"enemies":"Gremlin Leader","floor":29,"turns":5},{"damage":15,"enemies":"Book of Stabbing","floor":31,"turns":5},{"damage":54,"enemies":"Collector","floor":33,"turns":9},{"damage":0,"enemies":"Orb Walker","floor":35,"turns":4},{"damage":58,"enemies":"2 Orb Walkers","floor":37,"turns":5},{"damage":30,"enemies":"Giant Head","floor":41,"turns":8},{"damage":9,"enemies":"3 Shapes","floor":42,"turns":5},{"damage":0,"enemies":"Nemesis","floor":44,"turns":7},{"damage":6,"enemies":"Writhing Mass","floor":46,"turns":4},{"damage":6,"enemies":"Giant Head","floor":47,"turns":8},{"damage":17,"enemies":"4 Shapes","floor":48,"turns":5},{"damage":87,"enemies":"Awakened One","floor":50,"turns":6}],"seed_played":"928702091286041258","potions_obtained":[{"floor":1,"key":"Weak Potion"},{"floor":2,"key":"FearPotion"},{"floor":7,"key":"FearPotion"},{"floor":8,"key":"LiquidBronze"},{"floor":14,"key":"Weak Potion"},{"floor":21,"key":"AttackPotion"},{"floor":25,"key":"PowerPotion"},{"floor":31,"key":"Block Potion"},{"floor":35,"key":"Ancient Potion"},{"floor":44,"key":"EssenceOfSteel"},{"floor":46,"key":"FearPotion"}],"is_trial":false,"path_per_floor":["M","M","M","?","?","R","M","E","T","E","?","M","E","M","R","B",null,"M","$","$","M","?","E","R","M","T","R","?","E","?","E","R","B",null,"M","$","?","?","?","R","E","M","T","E","?","M","E","M","R","B"],"character_chosen":"DEFECT","items_purchased":["Loop","Leap","Pantograph","Defragment","Ball Lightning","Defragment","Panacea"],"campfire_rested":2,"item_purchase_floors":[19,19,19,20,20,36,36],"current_hp_per_floor":[69,72,75,57,57,57,56,51,51,58,58,61,68,75,75,75,75,69,69,69,66,66,39,39,38,38,75,75,66,66,62,62,30,73,82,82,26,18,18,59,38,40,40,51,51,54,57,49,49,0],"gold":409,"neow_bonus":"BOSS_RELIC","is_prod":false,"is_daily":false,"chose_seed":false,"campfire_upgraded":4,"win_rate":0,"timestamp":1552194057,"path_taken":["M","?","M","?","?","R","?","E","T","E","?","M","E","?","R","BOSS","M","?","$","M","?","E","R","?","T","R","?","E","?","E","R","BOSS","M","$","?","?","?","R","E","M","T","E","?","M","E","M","R","BOSS"],"build_version":"2019-02-06","purchased_purges":0,"victory":false,"max_hp_per_floor":[75,75,75,75,75,75,75,75,75,75,75,75,75,75,75,75,75,75,75,75,75,75,75,75,75,75,75,75,75,75,77,77,77,85,85,85,85,87,87,87,87,89,89,91,91,91,91,91,91,91],"card_choices":[{"not_picked":["Blizzard","Streamline"],"picked":"Cold Snap","floor":1},{"not_picked":["Compile Driver","Skim"],"picked":"Leap","floor":2},{"not_picked":["Beam Cell","Sweeping Beam"],"picked":"Steam","floor":3},{"not_picked":["Stack","Gash"],"picked":"Turbo","floor":7},{"not_picked":["Consume","Ball Lightning"],"picked":"Force Field","floor":8},{"not_picked":["Streamline","Thunder Strike"],"picked":"Coolheaded","floor":10},{"not_picked":["Coolheaded","Compile Driver"],"picked":"Conserve Battery","floor":12},{"not_picked":["Streamline","Reinforced Body"],"picked":"Blizzard","floor":13},{"not_picked":["White Noise","Skim"],"picked":"Force Field","floor":14},{"not_picked":["Thunder Strike","Amplify"],"picked":"Creative AI","floor":16},{"not_picked":["Coolheaded","Barrage"],"picked":"Loop+1","floor":18},{"not_picked":["Leap","Compile Driver"],"picked":"BootSequence","floor":21},{"not_picked":["Coolheaded","Sweeping Beam"],"picked":"Core Surge","floor":23},{"not_picked":["Go for the Eyes","Barrage+1","Redo+1"],"picked":"SKIP","floor":25},{"not_picked":["Leap","Darkness+1"],"picked":"Chill","floor":29},{"not_picked":["Coolheaded","FTL","Skim+1"],"picked":"Singing Bowl","floor":31},{"not_picked":["Creative AI","All For One"],"picked":"Buffer","floor":33},{"not_picked":["Genetic Algorithm","Steam","Compile Driver"],"picked":"Singing Bowl","floor":34},{"not_picked":["Cold Snap","Sweeping Beam+1","Leap+1"],"picked":"Singing Bowl","floor":34},{"not_picked":["Redo","Coolheaded","Leap+1"],"picked":"Singing Bowl","floor":34},{"not_picked":["Turbo","Redo"],"picked":"Seek","floor":34},{"not_picked":["Compile Driver+1","Hologram","Ball Lightning"],"picked":"Singing Bowl","floor":34},{"not_picked":["Coolheaded","Reprogram"],"picked":"Tempest+1","floor":35},{"not_picked":["Steam+1","Hologram"],"picked":"Glacier","floor":37},{"not_picked":["Master of Strategy","Thinking Ahead"],"picked":"Mayhem","floor":38},{"not_picked":["Impatience","Madness","Good Instincts"],"picked":"Singing Bowl","floor":38},{"not_picked":["Violence","Panacea"],"picked":"Thinking Ahead","floor":38},{"not_picked":["Double Energy","Steam+1"],"picked":"Turbo","floor":41},{"not_picked":["Melter+1","Skim+1","Compile Driver+1"],"picked":"Singing Bowl","floor":42},{"not_picked":["Melter+1","Turbo","Compile Driver+1"],"picked":"Singing Bowl","floor":44},{"not_picked":["Streamline+1","Go for the Eyes+1"],"picked":"Turbo+1","floor":46},{"not_picked":["Ball Lightning+1","Meteor Strike+1"],"picked":"Rainbow","floor":47},{"not_picked":["Gash+1","Barrage+1"],"picked":"Hologram+1","floor":48}],"player_experience":600981,"relics_obtained":[{"floor":8,"key":"Regal Pillow"},{"floor":9,"key":"Bottled Lightning"},{"floor":10,"key":"MawBank"},{"floor":13,"key":"Potion Belt"},{"floor":23,"key":"Ornamental Fan"},{"floor":26,"key":"Blood Vial"},{"floor":29,"key":"Centennial Puzzle"},{"floor":31,"key":"Girya"},{"floor":37,"key":"Peace Pipe"},{"floor":41,"key":"Molten Egg 2"},{"floor":44,"key":"Ancient Tea Set"},{"floor":47,"key":"Dodecahedron"}],"event_choices":[{"damage_healed":0,"gold_gain":0,"player_choice":"Success","damage_taken":18,"relics_obtained":["Du-Vu Doll"],"max_hp_gain":0,"max_hp_loss":0,"event_name":"Scrap Ooze","floor":4,"gold_loss":0},{"cards_removed":["Recycle"],"damage_healed":0,"gold_gain":0,"player_choice":"Purged","damage_taken":0,"max_hp_gain":0,"max_hp_loss":0,"event_name":"Purifier","floor":5,"gold_loss":0},{"damage_healed":0,"gold_gain":0,"cards_transformed":["Zap"],"player_choice":"Transformed","damage_taken":0,"max_hp_gain":0,"max_hp_loss":0,"event_name":"Transmorgrifier","floor":11,"gold_loss":0,"cards_obtained":["Machine Learning"]},{"damage_healed":0,"gold_gain":0,"player_choice":"Copied","damage_taken":0,"max_hp_gain":0,"max_hp_loss":0,"event_name":"Duplicator","floor":22,"gold_loss":0,"cards_obtained":["Defragment"]},{"damage_healed":0,"gold_gain":0,"player_choice":"Opened","damage_taken":0,"relics_obtained":["Singing Bowl"],"max_hp_gain":0,"max_hp_loss":0,"event_name":"The Mausoleum","floor":28,"gold_loss":0,"cards_obtained":["Writhe"]},{"damage_healed":0,"gold_gain":0,"player_choice":"Ignored","damage_taken":0,"max_hp_gain":0,"max_hp_loss":0,"event_name":"Ghosts","floor":30,"gold_loss":0},{"damage_healed":0,"gold_gain":0,"player_choice":"Fight","damage_taken":0,"max_hp_gain":0,"max_hp_loss":0,"event_name":"Mysterious Sphere","floor":37,"gold_loss":0},{"damage_healed":0,"gold_gain":0,"player_choice":"Memory 3","damage_taken":10,"max_hp_gain":0,"max_hp_loss":0,"event_name":"SensoryStone","floor":38,"gold_loss":0},{"cards_removed":["Compile Driver"],"damage_healed":0,"gold_gain":0,"player_choice":"Removed Attack","damage_taken":0,"max_hp_gain":0,"max_hp_loss":0,"event_name":"Falling","floor":39,"gold_loss":0},{"damage_healed":0,"gold_gain":0,"player_choice":"Ignored","damage_taken":0,"max_hp_gain":0,"max_hp_loss":0,"event_name":"Tomb of Lord Red Mask","floor":45,"gold_loss":0}],"is_beta":true,"boss_relics":[{"not_picked":["White Beast Statue","Ectoplasm"],"picked":"Inserter"},{"not_picked":["Lizard Tail","Tiny House"],"picked":"Orrery"}],"items_purged_floors":[],"is_endless":false,"potions_floor_spawned":[1,2,7,8,14,21,25,31,35,44,46],"killed_by":"Awakened One","ascension_level":8}