{"gold_per_floor":[115,135,151,35,47,75,75,91,118,137,312,312],"floor_reached":12,"playtime":734,"items_purged":["Strike_B"],"score":111,"play_id":"f44fed3b-3706-44b2-8a9a-5b03345c6fae","local_time":"20190424183143","is_ascension_mode":true,"campfire_choices":[{"floor":7.0,"key":"REST"}],"neow_cost":"NONE","seed_source_timestamp":779537918619587,"circlet_count":0,"master_deck":["Strike_B","Strike_B","Strike_B","Defend_B","Defend_B","Defend_B","Defend_B","Zap","Dualcast","Sunder","Capacitor","Beam Cell","Recycle","Go for the Eyes","Undo","Fusion","Self Repair","Doubt"],"special_seed":0,"relics":["Cracked Core","NeowsBlessing","Pantograph"],"potions_floor_usage":[12],"damage_taken":[{"damage":0.0,"enemies":"2 Louse","floor":1.0,"turns":1.0},{"damage":0.0,"enemies":"Small Slimes","floor":2.0,"turns":1.0},{"damage":0.0,"enemies":"Cultist","floor":3.0,"turns":1.0},{"damage":7.0,"enemies":"Looter","floor":5.0,"turns":3.0},{"damage":32.0,"enemies":"Gremlin Nob","floor":6.0,"turns":4.0},{"damage":3.0,"enemies":"Exordium Wildlife","floor":8.0,"turns":4.0},{"damage":14.0,"enemies":"Red Slaver","floor":10.0,"turns":4.0},{"damage":37,"enemies":"3 Sentries","floor":12,"turns":5}],"seed_played":"-2573460521971003980","potions_obtained":[{"floor":3.0,"key":"AttackPotion"},{"floor":6.0,"key":"EssenceOfSteel"},{"floor":10.0,"key":"LiquidBronze"}],"is_trial":false,"path_per_floor":["M","M","M","$","M","E","R","M","T","M","?","E"],"character_chosen":"DEFECT","items_purchased":["Recycle"],"campfire_rested":1,"item_purchase_floors":[4],"current_hp_per_floor":[68,68,68,68,61,29,51,48,48,34,34,0],"gold":312,"neow_bonus":"THREE_ENEMY_KILL","is_prod":false,"is_daily":false,"chose_seed":false,"campfire_upgraded":0,"win_rate":0,"timestamp":1556155903,"path_taken":["M","M","M","$","M","E","R","M","T","M","?","E"],"build_version":"2019-01-23","purchased_purges":1,"victory":false,"max_hp_per_floor":[75,75,75,75,75,75,75,75,75,75,75,75],"card_choices":[{"not_picked":["Stack","Beam Cell"],"picked":"Sunder","floor":1.0},{"not_picked":["Sweeping Beam","Hologram"],"picked":"Capacitor","floor":2.0},{"not_picked":["Auto Shields","Melter"],"picked":"Beam Cell","floor":3.0},{"not_picked":["Scrape","Gash"],"picked":"Go for the Eyes","floor":5.0},{"not_picked":["Steam","Leap"],"picked":"Undo","floor":6.0},{"not_picked":["Redo","Static Discharge"],"picked":"Fusion","floor":8.0},{"not_picked":["Go for the Eyes","White Noise"],"picked":"Self Repair","floor":10.0}],"player_experience":1200616,"relics_obtained":[{"floor":6.0,"key":"Pantograph"}],"event_choices":[{"damage_healed":0.0,"max_hp_gain":0.0,"max_hp_loss":0.0,"gold_gain":175.0,"event_name":"Liars Game","player_choice":"AGREE","floor":11.0,"gold_loss":0.0,"damage_taken":0.0,"cards_obtained":["Doubt"]}],"is_beta":false,"boss_relics":[],"items_purged_floors":[4],"is_endless":false,"potions_floor_spawned":[3,6,10],"killed_by":"3 Sentries","ascension_level":7}