{"gold_per_floor":[114,128,128,143,143,143,155,155,180,214,233,233,213,230,230,330,330,340,340,340,357,272,272],"floor_reached":23,"playtime":1064,"items_purged":[],"score":239,"play_id":"0398335b-d9e0-4d33-8e8a-773576dadcbf","local_time":"20180827224126","is_ascension_mode":true,"campfire_choices":[{"data":"Prepared","floor":6,"key":"SMITH"},{"floor":8,"key":"REST"},{"data":"Deflect","floor":12,"key":"SMITH"},{"floor":15,"key":"REST"}],"neow_cost":"","seed_source_timestamp":46991496135829,"circlet_count":0,"master_deck":["Defend_G","Defend_G+1","Defend_G","Defend_G+1","Defend_G","Strike_G","Strike_G","Strike_G","Strike_G","Survivor","Neutralize+1","Flying Knee","Prepared+1","Dash","Deadly Poison","Backstab","Deflect+1","Outmaneuver","Envenom","Slice+1","Dark Shackles","Backstab","Prepared+1"],"relics":["Ring of the Snake","Omamori","War Paint","Cursed Key","Lantern"],"potions_floor_usage":[23,23,23],"damage_taken":[{"damage":0,"enemies":"Jaw Worm","floor":1,"turns":6},{"damage":0,"enemies":"Small Slimes","floor":2,"turns":3},{"damage":5,"enemies":"2 Louse","floor":4,"turns":3},{"damage":28,"enemies":"Gremlin Gang","floor":7,"turns":7},{"damage":17,"enemies":"Gremlin Nob","floor":10,"turns":4},{"damage":1,"enemies":"Blue Slaver","floor":11,"turns":3},{"damage":0,"enemies":"2 Fungi Beasts","floor":14,"turns":3},{"damage":59,"enemies":"The Guardian","floor":16,"turns":15},{"damage":4,"enemies":"Chosen","floor":18,"turns":5},{"damage":12,"enemies":"Shell Parasite","floor":21,"turns":8},{"damage":45,"enemies":"Gremlin Leader","floor":23,"turns":6}],"seed_played":"4030621367797780479","potions_obtained":[{"floor":7,"key":"Weak Potion"},{"floor":10,"key":"EssenceOfSteel"},{"floor":13,"key":"EssenceOfSteel"}],"is_trial":false,"path_per_floor":["M","M","?","M","?","R","M","R","T","E","M","R","?","M","R","B",null,"M","?","?","M","?"],"character_chosen":"THE_SILENT","items_purchased":[],"campfire_rested":2,"item_purchase_floors":[],"current_hp_per_floor":[70,70,70,65,65,65,37,58,58,41,40,40,40,40,61,2,53,49,49,49,37,37,0],"gold":272,"neow_bonus":"","is_prod":false,"is_daily":false,"chose_seed":false,"campfire_upgraded":2,"win_rate":0,"timestamp":1535402486,"path_taken":["M","M","?","M","?","R","M","R","T","E","?","R","?","M","R","BOSS","M","?","?","?","?","E"],"build_version":"2018-08-23v2","purchased_purges":0,"victory":false,"max_hp_per_floor":[70,70,70,70,70,70,70,70,70,70,70,70,70,70,70,70,70,70,70,70,70,70,70],"card_choices":[{"not_picked":["Blade Dance","Tactician"],"picked":"Flying Knee","floor":1},{"not_picked":["Dagger Throw","Finisher"],"picked":"Prepared","floor":2},{"not_picked":["Bane","Infinite Blades"],"picked":"Dash","floor":4},{"not_picked":["Reflex","Catalyst"],"picked":"Deadly Poison","floor":7},{"not_picked":["Acrobatics","Masterful Stab"],"picked":"Backstab","floor":10},{"not_picked":["Blade Dance","Acrobatics"],"picked":"Deflect","floor":11},{"not_picked":["Flechettes","Blade Dance"],"picked":"Outmaneuver","floor":14},{"not_picked":["Corpse Explosion","Wraith Form v2"],"picked":"Envenom","floor":16},{"not_picked":["Dodge and Roll","Dagger Spray"],"picked":"Slice+1","floor":18},{"not_picked":["Expertise+1","Blade Dance+1"],"picked":"Prepared+1","floor":21}],"player_experience":287525,"relics_obtained":[{"floor":9,"key":"Omamori"},{"floor":10,"key":"War Paint"}],"event_choices":[{"event_name":"Golden Wing","player_choice":"Ignored","floor":3,"damage_taken":0},{"event_name":"Living Wall","player_choice":"Grow","floor":5,"damage_taken":0},{"event_name":"The Woman in Blue","player_choice":"Bought 1 Potion","floor":13,"damage_taken":0},{"event_name":"Wheel of Change","player_choice":"Card Removal","floor":19,"damage_taken":0},{"event_name":"Match and Keep!","player_choice":"2 cards matched","floor":20,"damage_taken":0},{"event_name":"Addict","player_choice":"Obtained Relic","floor":22,"damage_taken":0}],"is_beta":false,"boss_relics":[{"not_picked":["HoveringKite","White Beast Statue"],"picked":"Cursed Key"}],"items_purged_floors":[],"is_endless":false,"potions_floor_spawned":[7,10,14,18],"killed_by":"Gremlin Leader","ascension_level":5}