{"gold_per_floor":[109,129,129,142,159,159,189,202,228,228,177,177,197,225,225,301,301,317,328,74,110,123,123,123],"floor_reached":24,"playtime":845,"items_purged":[],"score":420,"play_id":"6f8bb37b-d585-40cf-a878-150871917481","local_time":"20181231150110","is_ascension_mode":true,"campfire_choices":[{"data":"Zap","floor":6.0,"key":"SMITH"},{"floor":10.0,"key":"REST"},{"data":"Static Discharge","floor":12.0,"key":"SMITH"},{"floor":15.0,"key":"REST"},{"floor":23,"key":"REST"}],"neow_cost":"NONE","seed_source_timestamp":0,"circlet_count":0,"master_deck":["AscendersBane","Strike_B","Strike_B","Strike_B+1","Strike_B+1","Defend_B","Defend_B+1","Defend_B","Defend_B","Zap+1","Dualcast","Ball Lightning","Glacier","BootSequence","Compile Driver","Static Discharge+1","Undo","Conserve Battery+1","Core Surge","Thunder Strike","Streamline","Heatsinks","HandOfGreed","Self Repair","Loop+1"],"special_seed":0,"relics":["Cracked Core","NeowsBlessing","Bronze Scales","Bag of Marbles","Whetstone","War Paint","Snecko Eye"],"potions_floor_usage":[16,21,22,22],"damage_taken":[{"damage":0.0,"enemies":"2 Louse","floor":1.0,"turns":1.0},{"damage":0.0,"enemies":"Cultist","floor":2.0,"turns":1.0},{"damage":0.0,"enemies":"Small Slimes","floor":4.0,"turns":1.0},{"damage":2.0,"enemies":"Blue Slaver","floor":5.0,"turns":3.0},{"damage":49.0,"enemies":"Gremlin Nob","floor":7.0,"turns":5.0},{"damage":1.0,"enemies":"Looter","floor":8.0,"turns":3.0},{"damage":0.0,"enemies":"3 Louse","floor":13.0,"turns":2.0},{"damage":18.0,"enemies":"Lagavulin","floor":14.0,"turns":6.0},{"damage":33,"enemies":"Slime Boss","floor":16,"turns":10},{"damage":16,"enemies":"Chosen","floor":18,"turns":4},{"damage":7,"enemies":"3 Byrds","floor":19,"turns":1},{"damage":5,"enemies":"Centurion and Healer","floor":21,"turns":8},{"damage":25,"enemies":"Cultist and Chosen","floor":22,"turns":8},{"damage":48,"enemies":"Slavers","floor":24,"turns":4}],"seed_played":"5939241536758103867","potions_obtained":[{"floor":1.0,"key":"Swift Potion"},{"floor":2.0,"key":"PowerPotion"},{"floor":7.0,"key":"Fruit Juice"},{"floor":14.0,"key":"Weak Potion"},{"floor":18,"key":"EssenceOfSteel"},{"floor":21,"key":"GamblersBrew"}],"is_trial":false,"path_per_floor":["M","M","?","M","M","R","E","M","T","R","?","R","M","E","R","B",null,"M","M","$","M","M","R","E"],"character_chosen":"DEFECT","items_purchased":["HandOfGreed","AttackPotion"],"campfire_rested":3,"item_purchase_floors":[20,20],"current_hp_per_floor":[64,64,64,64,62,62,18,17,17,39,39,39,39,21,43,10,60,44,37,37,32,14,36,0],"gold":123,"neow_bonus":"THREE_ENEMY_KILL","is_prod":false,"is_daily":false,"chose_seed":false,"campfire_upgraded":2,"win_rate":0,"timestamp":1546264870,"path_taken":["M","M","?","M","M","R","E","?","T","R","?","R","M","E","R","BOSS","M","M","$","M","M","R","E"],"build_version":"2018-12-20","purchased_purges":0,"victory":false,"max_hp_per_floor":[71,71,71,71,71,71,76,76,76,76,76,76,76,76,76,76,76,76,76,76,76,76,76,76],"card_choices":[{"not_picked":["Tempest","Undo"],"picked":"Ball Lightning","floor":1.0},{"not_picked":["BootSequence","Steam"],"picked":"Glacier","floor":2.0},{"not_picked":["Leap","Hello World"],"picked":"BootSequence","floor":4.0},{"not_picked":["Force Field","Tempest"],"picked":"Compile Driver","floor":5.0},{"not_picked":["Skim","All For One"],"picked":"Static Discharge","floor":7.0},{"not_picked":["Hologram","Compile Driver"],"picked":"Undo","floor":8.0},{"not_picked":["Streamline","Leap"],"picked":"Conserve Battery","floor":13.0},{"not_picked":["Steam","Skim"],"picked":"Core Surge","floor":14.0},{"not_picked":["Core Surge","Seek"],"picked":"Thunder Strike","floor":16},{"not_picked":["Force Field","Stack"],"picked":"Streamline","floor":18},{"not_picked":["Hello World","Go for the Eyes"],"picked":"Heatsinks","floor":19},{"not_picked":["Gash","Turbo"],"picked":"Self Repair","floor":21},{"not_picked":["Conserve Battery","White Noise+1"],"picked":"Loop+1","floor":22}],"player_experience":1080311,"relics_obtained":[{"floor":7.0,"key":"Bag of Marbles"},{"floor":9.0,"key":"Whetstone"},{"floor":14.0,"key":"War Paint"}],"event_choices":[{"damage_healed":0.0,"max_hp_gain":0.0,"max_hp_loss":0.0,"gold_gain":0.0,"event_name":"WeMeetAgain","player_choice":"Gave Potion","floor":3.0,"gold_loss":0.0,"damage_taken":0.0,"relics_obtained":["Bronze Scales"]},{"damage_healed":0.0,"max_hp_gain":0.0,"max_hp_loss":0.0,"gold_gain":0.0,"event_name":"World of Goop","player_choice":"Left Gold","floor":11.0,"gold_loss":51.0,"damage_taken":0.0}],"is_beta":false,"boss_relics":[{"not_picked":["Ectoplasm","Orrery"],"picked":"Snecko Eye"}],"items_purged_floors":[],"is_endless":false,"potions_floor_spawned":[1,2,7,14,18,21],"killed_by":"Slavers","ascension_level":20}