{"gold_per_floor":[113,13,32,46,56,56,90,90,136,163,182,182,196,196,196,273,323,343,343,353,353,367,367,392,407,478,496,496],"floor_reached":28,"playtime":919,"items_purged":[],"score":604,"play_id":"bc0550fc-77a0-4b3a-87aa-7a96682bc2a2","local_time":"20190214145112","is_ascension_mode":true,"campfire_choices":[{"data":"Doom and Gloom","floor":6.0,"key":"SMITH"},{"data":"Zap","floor":8.0,"key":"SMITH"},{"data":"Loop","floor":12.0,"key":"SMITH"},{"data":"Go for the Eyes","floor":15.0,"key":"SMITH"},{"data":"Electrodynamics","floor":23.0,"key":"SMITH"}],"neow_cost":"NONE","seed_source_timestamp":0,"circlet_count":0,"master_deck":["AscendersBane","Strike_B+1","Strike_B+1","Strike_B","Strike_B","Defend_B","Defend_B","Defend_B","Defend_B+1","Zap+1","Dualcast","Go for the Eyes+1","Doom and Gloom+1","Leap","Compile Driver","Ball Lightning","Loop+1","Electrodynamics+1","Multi-Cast","Coolheaded","Steam","Leap+1","Hologram","Auto Shields+1"],"special_seed":0,"relics":["Cracked Core","Mercury Hourglass","Whetstone","Bag of Preparation","FossilizedHelix","Tiny House","Dream Catcher","Toxic Egg 2"],"potions_floor_usage":[28,28],"damage_taken":[{"damage":2.0,"enemies":"Cultist","floor":1.0,"turns":4.0},{"damage":0.0,"enemies":"2 Louse","floor":3.0,"turns":2.0},{"damage":0.0,"enemies":"Small Slimes","floor":4.0,"turns":3.0},{"damage":0.0,"enemies":"Exordium Wildlife","floor":5.0,"turns":3.0},{"damage":16.0,"enemies":"3 Sentries","floor":7.0,"turns":4.0},{"damage":15.0,"enemies":"Lagavulin","floor":10.0,"turns":3.0},{"damage":5.0,"enemies":"3 Louse","floor":11.0,"turns":2.0},{"damage":8.0,"enemies":"Blue Slaver","floor":13.0,"turns":3.0},{"damage":0.0,"enemies":"Hexaghost","floor":16.0,"turns":7.0},{"damage":11.0,"enemies":"2 Thieves","floor":18.0,"turns":2.0},{"damage":19.0,"enemies":"Shell Parasite","floor":20.0,"turns":5.0},{"damage":1.0,"enemies":"Snecko","floor":22.0,"turns":5.0},{"damage":13.0,"enemies":"Slavers","floor":24.0,"turns":3.0},{"damage":4.0,"enemies":"Centurion and Healer","floor":25.0,"turns":6.0},{"damage":6.0,"enemies":"3 Cultists","floor":27.0,"turns":4.0},{"damage":21,"enemies":"Gremlin Leader","floor":28,"turns":6}],"seed_played":"8738705700534820553","potions_obtained":[{"floor":0.0,"key":"Fruit Juice"},{"floor":0.0,"key":"Energy Potion"},{"floor":0.0,"key":"FearPotion"},{"floor":7.0,"key":"SkillPotion"},{"floor":10.0,"key":"EntropicBrew"},{"floor":11.0,"key":"FocusPotion"},{"floor":17.0,"key":"Strength Potion"},{"floor":19.0,"key":"LiquidBronze"},{"floor":27.0,"key":"SteroidPotion"}],"is_trial":false,"path_per_floor":["M","$","M","M","M","R","E","R","T","E","M","R","M","T","R","B",null,"M","?","M","$","M","R","E","M","T","M","E"],"character_chosen":"DEFECT","items_purchased":["Doom and Gloom","Leap"],"campfire_rested":0,"item_purchase_floors":[2,2],"current_hp_per_floor":[67,67,67,67,67,67,51,51,51,36,31,31,23,23,23,23,68,57,57,38,38,37,37,24,20,20,14,0],"gold":496,"neow_bonus":"THREE_SMALL_POTIONS","is_prod":false,"is_daily":false,"chose_seed":false,"campfire_upgraded":5,"win_rate":0,"timestamp":1550152272,"path_taken":["M","$","M","?","M","R","E","R","T","E","M","R","?","?","R","BOSS","M","?","M","$","?","R","E","M","T","M","E"],"build_version":"2019-01-23","purchased_purges":0,"victory":false,"max_hp_per_floor":[76,76,76,76,76,76,76,76,76,76,76,76,76,76,76,76,81,81,81,81,81,81,81,81,81,81,81,81],"card_choices":[{"not_picked":["Stack","Heatsinks"],"picked":"Go for the Eyes","floor":1.0},{"not_picked":["Stack","Redo","Double Energy"],"picked":"SKIP","floor":3.0},{"not_picked":["Lockon","Chaos"],"picked":"Compile Driver","floor":4.0},{"not_picked":["Amplify","Compile Driver"],"picked":"Ball Lightning","floor":5.0},{"not_picked":["Recycle","Streamline","Genetic Algorithm"],"picked":"SKIP","floor":7.0},{"not_picked":["Sweeping Beam","Compile Driver"],"picked":"Loop","floor":10.0},{"not_picked":["Ball Lightning","Coolheaded"],"picked":"Electrodynamics","floor":11.0},{"not_picked":["Gash","Ball Lightning","Doom and Gloom"],"picked":"SKIP","floor":13.0},{"not_picked":["Hyperbeam","Buffer"],"picked":"Multi-Cast","floor":16.0},{"not_picked":["Go for the Eyes","Streamline"],"picked":"Coolheaded","floor":17.0},{"not_picked":["Beam Cell","Barrage","Compile Driver"],"picked":"SKIP","floor":18.0},{"not_picked":["Rebound","Steam Power"],"picked":"Steam","floor":20.0},{"not_picked":["Thunder Strike","Stack"],"picked":"Leap+1","floor":22.0},{"not_picked":["Leap","Turbo","Consume"],"picked":"SKIP","floor":24.0},{"not_picked":["Barrage","Melter"],"picked":"Hologram","floor":25.0},{"not_picked":["Leap+1","Ball Lightning"],"picked":"Auto Shields+1","floor":27.0}],"player_experience":1337297,"relics_obtained":[{"floor":7.0,"key":"Mercury Hourglass"},{"floor":9.0,"key":"Whetstone"},{"floor":10.0,"key":"Bag of Preparation"},{"floor":14.0,"key":"FossilizedHelix"},{"floor":24.0,"key":"Dream Catcher"},{"floor":26.0,"key":"Toxic Egg 2"}],"event_choices":[{"damage_healed":0.0,"max_hp_gain":0.0,"max_hp_loss":0.0,"gold_gain":0.0,"event_name":"Lab","player_choice":"Got Potions","floor":19.0,"gold_loss":0.0,"damage_taken":0.0}],"is_beta":false,"boss_relics":[{"not_picked":["Calling Bell","FrozenCore"],"picked":"Tiny House"}],"items_purged_floors":[],"is_endless":false,"potions_floor_spawned":[7,10,11,13,20,27],"killed_by":"Gremlin Leader","ascension_level":20}