{"gold_per_floor":[109,119,119,119,119,119,153,167,190,203,203,23,23],"floor_reached":13,"playtime":405,"items_purged":["Strike_G"],"score":166,"play_id":"f599eace-ec27-473c-a673-a510cfbf78c6","local_time":"20190226134318","is_ascension_mode":true,"campfire_choices":[{"data":"Slice","floor":6,"key":"SMITH"},{"data":"Caltrops","floor":11,"key":"SMITH"}],"neow_cost":"NONE","seed_source_timestamp":447391429952783,"circlet_count":0,"master_deck":["AscendersBane","Defend_G","Defend_G","Defend_G","Defend_G","Defend_G","Strike_G","Strike_G","Strike_G","Survivor","Neutralize","Slice+1","Backstab","Caltrops+1","Wraith Form v2","Flying Knee"],"relics":["Ring of the Snake","Golden Idol","Omamori","Smiling Mask","Tiny Chest"],"potions_floor_usage":[7,13,13],"damage_taken":[{"damage":5,"enemies":"Cultist","floor":1,"turns":5},{"damage":0,"enemies":"Small Slimes","floor":2,"turns":3},{"damage":12,"enemies":"3 Sentries","floor":7,"turns":10},{"damage":2,"enemies":"Jaw Worm","floor":8,"turns":4},{"damage":7,"enemies":"Exordium Wildlife","floor":10,"turns":6},{"damage":26,"enemies":"Lagavulin","floor":13,"turns":6}],"seed_played":"-5364734261223459097","potions_obtained":[{"floor":2,"key":"AttackPotion"},{"floor":7,"key":"SteroidPotion"},{"floor":10,"key":"SpeedPotion"}],"is_trial":false,"path_per_floor":["M","M","?","?","?","R","E","M","T","M","R","$","E"],"character_chosen":"THE_SILENT","items_purchased":["Tiny Chest"],"campfire_rested":0,"item_purchase_floors":[12],"current_hp_per_floor":[54,54,54,54,47,47,35,33,33,26,26,26,0],"gold":23,"neow_bonus":"THREE_CARDS","is_prod":false,"is_daily":false,"chose_seed":false,"campfire_upgraded":2,"win_rate":0,"timestamp":1551184998,"path_taken":["M","M","?","?","?","R","E","M","T","M","R","?","E"],"build_version":"2019-01-23","purchased_purges":1,"victory":false,"max_hp_per_floor":[66,66,66,60,60,60,60,60,60,60,60,60,60],"card_choices":[{"not_picked":["Cloak And Dagger","Prepared"],"picked":"Slice","floor":0},{"not_picked":["Cloak And Dagger","Leg Sweep"],"picked":"Backstab","floor":1},{"not_picked":["Prepared","Underhanded Strike"],"picked":"Caltrops","floor":2},{"not_picked":["Grand Finale","Outmaneuver"],"picked":"Wraith Form v2","floor":7},{"not_picked":["Setup","Cloak And Dagger"],"picked":"Flying Knee","floor":8},{"not_picked":["Bane","Flying Knee","Expertise"],"picked":"SKIP","floor":10}],"player_experience":1347818,"relics_obtained":[{"floor":7,"key":"Omamori"},{"floor":9,"key":"Smiling Mask"}],"event_choices":[{"damage_healed":0,"gold_gain":0,"player_choice":"Ignored","damage_taken":0,"max_hp_gain":0,"max_hp_loss":0,"event_name":"Liars Game","floor":3,"gold_loss":0},{"damage_healed":0,"gold_gain":0,"player_choice":"Lose Max HP","damage_taken":0,"relics_obtained":["Golden Idol"],"max_hp_gain":0,"max_hp_loss":6,"event_name":"Golden Idol","floor":4,"gold_loss":0},{"cards_removed":["Strike_G"],"damage_healed":0,"gold_gain":0,"player_choice":"Card Removal","damage_taken":7,"max_hp_gain":0,"max_hp_loss":0,"event_name":"Golden Wing","floor":5,"gold_loss":0}],"is_beta":false,"boss_relics":[],"items_purged_floors":[12],"is_endless":false,"potions_floor_spawned":[2,7,10],"killed_by":"Lagavulin","ascension_level":20}