{"gold_per_floor":[109,129,129,129,143,143,177,7,7,17,17,34,34,52,52,126,126,143,160,160,177,7,7],"floor_reached":23,"playtime":1084,"items_purged":["Regret"],"score":357,"play_id":"6bb9b335-83d2-4b5f-924f-dcb7f1af6b3c","local_time":"20181121135654","is_ascension_mode":true,"campfire_choices":[{"data":"Skewer","floor":6,"key":"SMITH"},{"floor":11,"key":"REST"},{"floor":15,"key":"REST"}],"neow_cost":"NONE","seed_source_timestamp":762928076306893,"circlet_count":0,"master_deck":["AscendersBane","Defend_G","Defend_G","Defend_G","Defend_G","Defend_G","Strike_G","Strike_G","Strike_G","Strike_G","Strike_G","Survivor","Neutralize","Venomology","Flying Knee+1","Poisoned Stab","Skewer+1","Footwork","Backflip+1","Backstab","Corpse Explosion","Backstab","Predator+1","Well Laid Plans"],"relics":["Ring of the Snake","The Courier","The Specimen","Membership Card","Sundial","HoveringKite","Art of War","Bag of Marbles"],"potions_floor_usage":[1,2,10,12,14,16,21,21,23],"damage_taken":[{"damage":3,"enemies":"Small Slimes","floor":1,"turns":5},{"damage":5,"enemies":"Jaw Worm","floor":2,"turns":5},{"damage":0,"enemies":"2 Louse","floor":5,"turns":3},{"damage":38,"enemies":"Lagavulin","floor":7,"turns":6},{"damage":9,"enemies":"Exordium Thugs","floor":10,"turns":4},{"damage":7,"enemies":"2 Fungi Beasts","floor":12,"turns":4},{"damage":16,"enemies":"Exordium Wildlife","floor":14,"turns":4},{"damage":21,"enemies":"The Guardian","floor":16,"turns":13},{"damage":15,"enemies":"Shell Parasite","floor":18,"turns":8},{"damage":19,"enemies":"2 Thieves","floor":19,"turns":3},{"damage":19,"enemies":"Centurion and Healer","floor":21,"turns":5},{"damage":1,"enemies":"Book of Stabbing","floor":23,"turns":2}],"seed_played":"-5521439470915637048","potions_obtained":[{"floor":5,"key":"Strength Potion"},{"floor":10,"key":"Regen Potion"},{"floor":19,"key":"PowerPotion"}],"is_trial":false,"path_per_floor":["M","M","?","?","M","R","E","$","T","M","R","M","?","M","R","B",null,"M","M","?","M","$","E"],"character_chosen":"THE_SILENT","items_purchased":["Membership Card","Art of War","Bag of Marbles"],"campfire_rested":2,"item_purchase_floors":[8,22,22],"current_hp_per_floor":[64,59,59,59,59,59,21,21,21,12,31,36,36,20,39,18,54,39,20,20,1,1,0],"gold":7,"neow_bonus":"ONE_RANDOM_RARE_CARD","is_prod":false,"is_daily":false,"chose_seed":false,"campfire_upgraded":1,"win_rate":0,"timestamp":1542805014,"path_taken":["M","M","?","?","M","R","E","?","T","M","R","M","?","?","R","BOSS","M","M","?","M","?","E"],"build_version":"2018-11-15","purchased_purges":1,"victory":false,"max_hp_per_floor":[66,66,66,66,66,66,66,66,66,66,66,66,66,66,66,66,66,66,66,66,66,66,66],"card_choices":[{"not_picked":["Backflip","Deflect"],"picked":"Flying Knee","floor":1},{"not_picked":["Cloak And Dagger","Infinite Blades"],"picked":"Poisoned Stab","floor":2},{"not_picked":["Caltrops","Cloak And Dagger"],"picked":"Skewer","floor":5},{"not_picked":["Dagger Throw","Dagger Spray"],"picked":"Footwork","floor":7},{"not_picked":["Cloak And Dagger","Infinite Blades","Prepared"],"picked":"SKIP","floor":10},{"not_picked":["Dagger Throw","Flechettes"],"picked":"Backflip","floor":12},{"not_picked":["Outmaneuver","Distraction"],"picked":"Backstab","floor":14},{"not_picked":["Bullet Time","Grand Finale"],"picked":"Corpse Explosion","floor":16},{"not_picked":["Setup","Infinite Blades"],"picked":"Backstab","floor":18},{"not_picked":["PiercingWail","Masterful Stab"],"picked":"Predator+1","floor":19},{"not_picked":["Deflect","Finisher"],"picked":"Well Laid Plans","floor":21}],"player_experience":842733,"relics_obtained":[{"floor":7,"key":"The Specimen"},{"floor":9,"key":"Sundial"}],"event_choices":[{"damage_healed":0,"gold_gain":0,"player_choice":"Box","damage_taken":0,"relics_obtained":["The Courier"],"max_hp_gain":0,"max_hp_loss":0,"event_name":"Big Fish","floor":3,"gold_loss":0,"cards_obtained":["Regret"]},{"damage_healed":0,"gold_gain":0,"player_choice":"Grow","damage_taken":0,"max_hp_gain":0,"max_hp_loss":0,"event_name":"Living Wall","floor":4,"gold_loss":0,"cards_upgraded":["Flying Knee"]},{"damage_healed":0,"gold_gain":0,"player_choice":"Got Potions","damage_taken":0,"max_hp_gain":0,"max_hp_loss":0,"event_name":"Lab","floor":13,"gold_loss":0},{"damage_healed":0,"gold_gain":0,"player_choice":"Forge","damage_taken":0,"max_hp_gain":0,"max_hp_loss":0,"event_name":"Accursed Blacksmith","floor":20,"gold_loss":0,"cards_upgraded":["Backflip"]}],"is_beta":false,"boss_relics":[{"not_picked":["Tiny House","Lizard Tail"],"picked":"HoveringKite"}],"items_purged_floors":[22],"is_endless":false,"potions_floor_spawned":[5,10,16,19],"killed_by":"Book of Stabbing","ascension_level":17}