{"path_per_floor":["M","M","M","?","$","E","R","E","T","M","M","R","?","M","R","B",null,"M","$"],"character_chosen":"IRONCLAD","items_purchased":["Bandage Up"],"gold_per_floor":[114,131,143,143,68,94,94,125,125,145,163,163,163,177,177,276,276,292,92,92],"floor_reached":20,"campfire_rested":3,"playtime":1956,"current_hp_per_floor":[37,43,42,35,35,21,46,18,18,19,27,52,52,28,53,46,85,43,43,0],"items_purged":["Strike_R","Strike_R"],"gold":92,"score":193,"play_id":"598c39a0-2672-47fe-a435-d5f22c7d7fa8","local_time":"20180514215633","is_prod":false,"is_daily":false,"chose_seed":false,"is_ascension_mode":true,"campfire_upgraded":0,"timestamp":1526360193,"path_taken":["M","M","M","?","$","E","R","E","T","M","M","R","?","M","R","BOSS","M","$","M"],"build_version":"2018-05-10","seed_source_timestamp":166661542188940,"purchased_purges":2,"victory":false,"master_deck":["Strike_R","Defend_R","Defend_R","Defend_R","Defend_R","Bash","Warcry","Armaments","Spot Weakness","Barricade","Heavy Blade","Seeing Red","Armaments","Havoc","Double Tap","Iron Wave","Iron Wave","Iron Wave","Warcry","Corruption","Armaments+1","Bandage Up"],"max_hp_per_floor":[80,80,80,80,80,85,85,85,85,85,85,85,85,85,85,85,85,85,85,85],"relics":["Burning Blood","Shovel","Dodecahedron","Blood Vial","Matryoshka","Orrery"],"card_choices":[{"not_picked":["Sword Boomerang","Wild Strike"],"picked":"Warcry","floor":1},{"not_picked":["Evolve","Sword Boomerang"],"picked":"Armaments","floor":2},{"not_picked":["Iron Wave","Havoc"],"picked":"Spot Weakness","floor":3},{"not_picked":["Flex","Flame Barrier"],"picked":"Barricade","floor":6},{"not_picked":["Twin Strike","Sentinel"],"picked":"Heavy Blade","floor":8},{"not_picked":["Shrug It Off","Headbutt"],"picked":"Seeing Red","floor":10},{"not_picked":["Clash","Carnage"],"picked":"Armaments","floor":11},{"not_picked":["Armaments","Warcry"],"picked":"Havoc","floor":14},{"not_picked":["Fiend Fire","Brutality"],"picked":"Double Tap","floor":16},{"not_picked":["Shrug It Off","Wild Strike"],"picked":"Iron Wave","floor":17},{"not_picked":["Inflame","Heavy Blade"],"picked":"Iron Wave","floor":17},{"not_picked":["Warcry","Heavy Blade"],"picked":"Iron Wave","floor":17},{"not_picked":["Thunderclap","Perfected Strike"],"picked":"Warcry","floor":17},{"not_picked":["Cleave","Thunderclap"],"picked":"Corruption","floor":17},{"not_picked":["True Grit","Clothesline"],"picked":"Armaments","floor":18}],"player_experience":374242,"potions_floor_usage":[6,6,11,20],"damage_taken":[{"damage":9,"enemies":"Jaw Worm","floor":1,"turns":5},{"damage":0,"enemies":"Small Slimes","floor":2,"turns":3},{"damage":7,"enemies":"Cultist","floor":3,"turns":5},{"damage":25,"enemies":"Lagavulin","floor":6,"turns":10},{"damage":34,"enemies":"3 Sentries","floor":8,"turns":14},{"damage":7,"enemies":"Blue Slaver","floor":10,"turns":8},{"damage":0,"enemies":"Looter","floor":11,"turns":3},{"damage":32,"enemies":"Exordium Thugs","floor":14,"turns":8},{"damage":15,"enemies":"The Guardian","floor":16,"turns":12},{"damage":48,"enemies":"Chosen","floor":18,"turns":9},{"damage":49,"enemies":"3 Byrds","floor":20,"turns":5}],"event_choices":[{"event_name":"Golden Wing","player_choice":"Card Removal","floor":4,"damage_taken":0},{"event_name":"Living Wall","player_choice":"Forget","floor":13,"damage_taken":0}],"boss_relics":[{"not_picked":["Ectoplasm","Calling Bell"],"picked":"Orrery"}],"potions_floor_spawned":[2,3,8,16,18],"seed_played":"-2355435003852467212","killed_by":"3 Byrds","ascension_level":1,"is_trial":false}