{"gold_per_floor":[117,67,67,83,8,46,46,46,46,67,67,85,85,106,106,106],"floor_reached":16,"playtime":533,"items_purged":["Strike_R"],"score":120,"play_id":"4d47ed7c-2fbb-4710-a0a1-d61df85014d0","local_time":"20190206201952","is_ascension_mode":true,"campfire_choices":[{"data":"Sword Boomerang","floor":7,"key":"SMITH"},{"data":"Rage","floor":13,"key":"SMITH"},{"floor":15,"key":"REST"}],"neow_cost":"NONE","seed_source_timestamp":1967802487559900,"circlet_count":0,"master_deck":["Strike_R","Strike_R","Strike_R","Defend_R","Defend_R","Defend_R","Bash","Sword Boomerang+1","Shrug It Off","Rage+1","Flame Barrier"],"relics":["Burning Blood","Omamori","Golden Idol","Bag of Preparation","Letter Opener","FaceOfCleric"],"potions_floor_usage":[12],"damage_taken":[{"damage":0,"enemies":"Small Slimes","floor":1,"turns":3},{"damage":8,"enemies":"Jaw Worm","floor":4,"turns":4},{"damage":44,"enemies":"Gremlin Nob","floor":6,"turns":5},{"damage":0,"enemies":"Cultist","floor":10,"turns":3},{"damage":3,"enemies":"Looter","floor":12,"turns":3},{"damage":0,"enemies":"Exordium Thugs","floor":14,"turns":3},{"damage":90,"enemies":"Slime Boss","floor":16,"turns":13}],"seed_played":"2759665572020125951","potions_obtained":[{"floor":10,"key":"Strength Potion"}],"is_trial":false,"path_per_floor":["M","?","?","M","$","E","R","?","T","M","?","M","R","M","R","B"],"character_chosen":"IRONCLAD","items_purchased":[],"campfire_rested":1,"item_purchase_floors":[],"current_hp_per_floor":[80,80,80,78,78,40,40,40,40,46,46,50,50,57,81,0],"gold":106,"neow_bonus":"RANDOM_COMMON_RELIC","is_prod":false,"is_daily":false,"chose_seed":false,"campfire_upgraded":2,"win_rate":0,"timestamp":1549509592,"path_taken":["M","?","?","?","$","E","R","?","T","?","?","?","R","M","R","BOSS"],"build_version":"2019-01-23","purchased_purges":1,"victory":false,"max_hp_per_floor":[80,80,80,80,80,80,80,80,80,80,80,81,81,82,82,82],"card_choices":[{"not_picked":["Twin Strike","Heavy Blade"],"picked":"Sword Boomerang","floor":1},{"not_picked":["Havoc","Clash","Bloodletting"],"picked":"SKIP","floor":4},{"not_picked":["Burning Pact","Evolve"],"picked":"Shrug It Off","floor":6},{"not_picked":["Body Slam","Fire Breathing","Feel No Pain"],"picked":"SKIP","floor":10},{"not_picked":["Sword Boomerang","Twin Strike"],"picked":"Rage","floor":12},{"not_picked":["Perfected Strike","Combust"],"picked":"Flame Barrier","floor":14}],"player_experience":469338,"relics_obtained":[{"floor":6,"key":"Bag of Preparation"},{"floor":9,"key":"Letter Opener"}],"event_choices":[{"cards_removed":["Strike_R"],"damage_healed":0,"gold_gain":0,"player_choice":"Card Removal","damage_taken":0,"max_hp_gain":0,"max_hp_loss":0,"event_name":"The Cleric","floor":2,"gold_loss":50},{"damage_healed":0,"gold_gain":0,"player_choice":"Take Wound","damage_taken":0,"relics_obtained":["Golden Idol"],"max_hp_gain":0,"max_hp_loss":0,"event_name":"Golden Idol","floor":3,"gold_loss":0,"cards_obtained":["Injury"]},{"cards_removed":["Defend_R"],"damage_healed":0,"gold_gain":0,"player_choice":"Offered Basic","damage_taken":0,"max_hp_gain":0,"max_hp_loss":0,"event_name":"Bonfire Elementals","floor":8,"gold_loss":0},{"damage_healed":0,"gold_gain":0,"player_choice":"Trade","damage_taken":0,"relics_obtained":["FaceOfCleric"],"max_hp_gain":0,"max_hp_loss":0,"event_name":"FaceTrader","floor":11,"gold_loss":0}],"is_beta":true,"boss_relics":[],"items_purged_floors":[5],"is_endless":false,"potions_floor_spawned":[10],"killed_by":"Slime Boss","ascension_level":4}