{"gold_per_floor":[112,112,127,77,77,110,129,164,164,164,164,190,200,56,56,156,156,174,185,11,22,36,61,61,76,101,1,1,31,31,43,43,145,145,161,0,20,66,80,80,107,126,126,126,126,1,33,53,53,53],"floor_reached":51,"playtime":4566,"items_purged":["Strike_G","Strike_G","Shame"],"score":865,"play_id":"231d3e60-698a-40b1-b133-9b8bb917452d","local_time":"20181214190405","is_ascension_mode":false,"campfire_choices":[{"floor":10,"key":"REST"},{"floor":15,"key":"REST"},{"floor":24,"key":"REST"},{"floor":32,"key":"REST"},{"floor":40,"key":"REST"},{"floor":49,"key":"REST"}],"neow_cost":"NONE","seed_source_timestamp":2330123556296275,"circlet_count":0,"master_deck":["Defend_G","Defend_G","Defend_G","Defend_G","Strike_G","Survivor","Neutralize","Quick Slash","Terror","Bouncing Flask","Poisoned Stab","Well Laid Plans","Deflect","Footwork","After Image","Poisoned Stab","Infinite Blades","Quick Slash","Backflip","Quick Slash+1","Burst","Dagger Spray+1","Terror+1","Cloak And Dagger","Flying Knee","Envenom","Distraction+1","Adrenaline","Blade Dance+1","Cloak And Dagger+1","Leg Sweep+1","Quick Slash+1","Cloak And Dagger","Bullet Time","Writhe","Quick Slash","Dodge and Roll+1"],"relics":["Ring of the Snake","NeowsBlessing","Happy Flower","Pear","Question Card","Snake Skull","Potion Belt","Sozu","PreservedInsect","Centennial Puzzle","Art of War","Bronze Scales","Busted Crown","Red Mask","Ice Cream","Mango","Bottled Lightning","Boot"],"potions_floor_usage":[12,12,16],"damage_taken":[{"damage":0,"enemies":"Small Slimes","floor":1,"turns":1},{"damage":0,"enemies":"Jaw Worm","floor":3,"turns":1},{"damage":0,"enemies":"Gremlin Nob","floor":6,"turns":1},{"damage":0,"enemies":"Cultist","floor":7,"turns":3},{"damage":23,"enemies":"Lagavulin","floor":8,"turns":6},{"damage":5,"enemies":"3 Sentries","floor":12,"turns":6},{"damage":7,"enemies":"Exordium Thugs","floor":13,"turns":4},{"damage":13,"enemies":"Hexaghost","floor":16,"turns":7},{"damage":10,"enemies":"3 Byrds","floor":18,"turns":5},{"damage":4,"enemies":"2 Thieves","floor":19,"turns":5},{"damage":12,"enemies":"Cultist and Chosen","floor":21,"turns":6},{"damage":5,"enemies":"Snecko","floor":22,"turns":3},{"damage":8,"enemies":"Gremlin Leader","floor":23,"turns":7},{"damage":0,"enemies":"Centurion and Healer","floor":25,"turns":5},{"damage":23,"enemies":"Slavers","floor":29,"turns":4},{"damage":10,"enemies":"3 Cultists","floor":31,"turns":4},{"damage":0,"enemies":"Champ","floor":33,"turns":10},{"damage":0,"enemies":"Orb Walker","floor":35,"turns":3},{"damage":2,"enemies":"3 Shapes","floor":37,"turns":5},{"damage":29,"enemies":"2 Orb Walkers","floor":38,"turns":5},{"damage":15,"enemies":"Spire Growth","floor":39,"turns":4},{"damage":19,"enemies":"Nemesis","floor":41,"turns":4},{"damage":14,"enemies":"3 Darklings","floor":42,"turns":5},{"damage":7,"enemies":"Reptomancer","floor":47,"turns":5},{"damage":0,"enemies":"Sphere and 2 Shapes","floor":48,"turns":5},{"damage":47,"enemies":"Awakened One","floor":50,"turns":12}],"seed_played":"-8172653457169200556","potions_obtained":[{"floor":3,"key":"Energy Potion"},{"floor":8,"key":"Strength Potion"},{"floor":13,"key":"Energy Potion"}],"is_trial":false,"path_per_floor":["M","?","M","?","?","E","M","E","T","R","?","E","M","$","R","B",null,"M","M","$","M","M","E","R","M","T","$","?","E","?","M","R","B",null,"M","?","M","?","M","R","E","M","T","?","?","$","E","M","R","B",null],"character_chosen":"THE_SILENT","items_purchased":["Footwork","Quick Slash","Backflip","Cloak And Dagger","Flying Knee"],"campfire_rested":6,"item_purchase_floors":[14,20,20,27,27],"current_hp_per_floor":[70,70,70,70,45,55,55,32,32,56,56,51,44,44,68,55,80,70,66,66,54,49,41,65,65,65,65,65,42,42,32,56,56,80,80,80,78,49,34,58,53,39,39,39,63,63,56,56,84,37],"gold":53,"neow_bonus":"THREE_ENEMY_KILL","is_prod":false,"is_daily":false,"chose_seed":false,"campfire_upgraded":0,"win_rate":0,"timestamp":1544839445,"path_taken":["M","?","M","?","?","E","M","E","T","R","?","E","?","?","R","BOSS","M","M","$","M","M","E","R","M","T","$","?","E","?","?","R","BOSS","M","?","M","?","M","R","E","M","T","?","?","$","E","M","R","BOSS"],"build_version":"2018-12-13","purchased_purges":3,"victory":true,"max_hp_per_floor":[70,70,70,70,70,80,80,80,80,80,80,80,80,80,80,80,80,80,80,80,80,80,80,80,80,80,80,80,80,80,80,80,80,80,80,80,80,80,80,80,94,94,94,94,94,94,94,94,94,94],"card_choices":[{"not_picked":["Outmaneuver","Flying Knee"],"picked":"Quick Slash","floor":1},{"not_picked":["Calculated Gamble","Expertise"],"picked":"Terror","floor":3},{"not_picked":["Catalyst","PiercingWail"],"picked":"Bouncing Flask","floor":6},{"not_picked":["Endless Agony","Dagger Throw"],"picked":"Deflect","floor":7},{"not_picked":["Dagger Throw","Backstab"],"picked":"Poisoned Stab","floor":8},{"not_picked":["Flechettes","Eviscerate","Terror"],"picked":"Well Laid Plans","floor":12},{"not_picked":["Grand Finale","Acrobatics","Deadly Poison"],"picked":"Deflect","floor":13},{"not_picked":["A Thousand Cuts","Malaise","Doppelganger"],"picked":"After Image","floor":16},{"not_picked":["Slice","Deflect","Flying Knee"],"picked":"Poisoned Stab","floor":18},{"not_picked":["Deflect","Escape Plan","Dagger Spray"],"picked":"Infinite Blades","floor":19},{"not_picked":["Concentrate+1","Flying Knee","Reflex"],"picked":"Quick Slash+1","floor":21},{"not_picked":["Dodge and Roll","All Out Attack+1","Blade Dance"],"picked":"Burst","floor":22},{"not_picked":["Caltrops","Backstab","Quick Slash"],"picked":"Dagger Spray+1","floor":23},{"not_picked":["Dodge and Roll","Masterful Stab","Backflip"],"picked":"Terror+1","floor":25},{"not_picked":["Burst","Crippling Poison+1","Expertise"],"picked":"Envenom","floor":29},{"not_picked":["Blade Dance","Terror","Dagger Spray"],"picked":"Distraction+1","floor":31},{"not_picked":["Grand Finale","Corpse Explosion","Burst"],"picked":"Adrenaline","floor":33},{"not_picked":["Blur+1"],"picked":"Blade Dance+1","floor":35},{"not_picked":["Outmaneuver+1"],"picked":"Cloak And Dagger+1","floor":37},{"not_picked":["Bane"],"picked":"Leg Sweep+1","floor":38},{"not_picked":["Eviscerate"],"picked":"Quick Slash+1","floor":39},{"not_picked":["Underhanded Strike+1"],"picked":"Cloak And Dagger","floor":41},{"not_picked":["Dagger Spray"],"picked":"Bullet Time","floor":42},{"not_picked":["Underhanded Strike+1"],"picked":"Quick Slash","floor":47},{"not_picked":["Bane"],"picked":"Dodge and Roll+1","floor":48}],"player_experience":250650,"relics_obtained":[{"floor":6,"key":"Pear"},{"floor":8,"key":"Question Card"},{"floor":9,"key":"Snake Skull"},{"floor":12,"key":"Potion Belt"},{"floor":23,"key":"PreservedInsect"},{"floor":26,"key":"Centennial Puzzle"},{"floor":29,"key":"Bronze Scales"},{"floor":38,"key":"Ice Cream"},{"floor":41,"key":"Mango"},{"floor":43,"key":"Bottled Lightning"},{"floor":47,"key":"Boot"}],"event_choices":[{"damage_healed":0,"gold_gain":0,"player_choice":"Ignored","damage_taken":0,"max_hp_gain":0,"max_hp_loss":0,"event_name":"Liars Game","floor":2,"gold_loss":0},{"cards_removed":["Defend_G"],"damage_healed":0,"gold_gain":0,"player_choice":"Card Removal","damage_taken":0,"max_hp_gain":0,"max_hp_loss":0,"event_name":"The Cleric","floor":4,"gold_loss":50},{"damage_healed":0,"gold_gain":0,"player_choice":"Success","damage_taken":25,"relics_obtained":["Happy Flower"],"max_hp_gain":0,"max_hp_loss":0,"event_name":"Scrap Ooze","floor":5,"gold_loss":0},{"cards_removed":["Strike_G"],"damage_healed":0,"gold_gain":0,"player_choice":"Purged","damage_taken":0,"max_hp_gain":0,"max_hp_loss":0,"event_name":"Purifier","floor":11,"gold_loss":0},{"damage_healed":0,"gold_gain":0,"player_choice":"Stole Relic","damage_taken":0,"relics_obtained":["Art of War"],"max_hp_gain":0,"max_hp_loss":0,"event_name":"Addict","floor":28,"gold_loss":0,"cards_obtained":["Shame"]},{"cards_removed":["Strike_G"],"damage_healed":0,"gold_gain":0,"player_choice":"Purged","damage_taken":0,"max_hp_gain":0,"max_hp_loss":0,"event_name":"Purifier","floor":30,"gold_loss":0},{"damage_healed":0,"gold_gain":0,"player_choice":"Paid","damage_taken":0,"relics_obtained":["Red Mask"],"max_hp_gain":0,"max_hp_loss":0,"event_name":"Tomb of Lord Red Mask","floor":36,"gold_loss":161},{"damage_healed":0,"gold_gain":0,"player_choice":"Fight","damage_taken":0,"max_hp_gain":0,"max_hp_loss":0,"event_name":"Mysterious Sphere","floor":38,"gold_loss":0},{"cards_removed":["Deflect"],"damage_healed":0,"gold_gain":0,"player_choice":"Removed Skill","damage_taken":0,"max_hp_gain":0,"max_hp_loss":0,"event_name":"Falling","floor":44,"gold_loss":0},{"damage_healed":24,"gold_gain":0,"player_choice":"Writhe","damage_taken":0,"max_hp_gain":0,"max_hp_loss":0,"event_name":"Winding Halls","floor":45,"gold_loss":0,"cards_obtained":["Writhe"]}],"is_beta":true,"boss_relics":[{"not_picked":["Fusion Hammer","Velvet Choker"],"picked":"Sozu"},{"not_picked":["Runic Pyramid","Philosopher\u0027s Stone"],"picked":"Busted Crown"}],"items_purged_floors":[14,20,46],"is_endless":false,"potions_floor_spawned":[3,8,13,22,23,29,33,38,39],"ascension_level":0}