{"gold_per_floor":[118,134,134,47,47,47,80,95,95,95,110,110,144,163,163,242,242,262,312,10,20,30,30,30,87,110,110,90,107,107,127,127,127],"floor_reached":33,"playtime":1141,"items_purged":[],"score":580,"play_id":"f8cc7cc0-eee9-42b7-a74c-4ef75a4c4775","local_time":"20181122141844","is_ascension_mode":true,"campfire_choices":[{"data":"Sweeping Beam","floor":6,"key":"SMITH"},{"data":"Zap","floor":12,"key":"SMITH"},{"data":"Dualcast","floor":15,"key":"SMITH"},{"floor":23,"key":"REST"},{"floor":27,"key":"REST"},{"floor":30,"key":"REST"},{"floor":32,"key":"REST"}],"neow_cost":"NONE","seed_source_timestamp":850585203032958,"circlet_count":0,"master_deck":["AscendersBane","Strike_B","Strike_B","Strike_B","Strike_B","Defend_B","Defend_B","Defend_B+1","Defend_B","Zap+1","Dualcast+1","Sweeping Beam+1","Melter","Ball Lightning","Reinforced Body","Sweeping Beam+1","Go for the Eyes+1","Zap+1","Chill","Beam Cell+1","Streamline+1","Rainbow","Stack+1","Defragment","Glacier+1","Writhe","Defragment+1","Defragment","Compile Driver+1","Defragment"],"relics":["Cracked Core","NeowsBlessing","Molten Egg 2","Emotion Chip","Mercury Hourglass","War Paint","Philosopher\u0027s Stone","Runic Capacitor","Dream Catcher","Tiny Chest","Boot"],"potions_floor_usage":[21,31,33],"damage_taken":[{"damage":0,"enemies":"Cultist","floor":1,"turns":1},{"damage":0,"enemies":"Jaw Worm","floor":2,"turns":1},{"damage":0,"enemies":"Lagavulin","floor":7,"turns":1},{"damage":2,"enemies":"2 Louse","floor":8,"turns":2},{"damage":5,"enemies":"Gremlin Gang","floor":11,"turns":2},{"damage":11,"enemies":"3 Sentries","floor":13,"turns":3},{"damage":2,"enemies":"Exordium Thugs","floor":14,"turns":3},{"damage":13,"enemies":"Hexaghost","floor":16,"turns":8},{"damage":1,"enemies":"Spheric Guardian","floor":18,"turns":3},{"damage":15,"enemies":"3 Byrds","floor":21,"turns":3},{"damage":23,"enemies":"Snake Plant","floor":22,"turns":4},{"damage":33,"enemies":"Slavers","floor":25,"turns":3},{"damage":19,"enemies":"Snecko","floor":29,"turns":4},{"damage":0,"enemies":"Centurion and Healer","floor":31,"turns":4},{"damage":76,"enemies":"Champ","floor":33,"turns":8}],"seed_played":"-3510046774786611895","potions_obtained":[{"floor":1,"key":"Energy Potion"},{"floor":7,"key":"Weak Potion"},{"floor":8,"key":"SkillPotion"},{"floor":22,"key":"FairyPotion"},{"floor":28,"key":"FocusPotion"},{"floor":29,"key":"AttackPotion"}],"is_trial":false,"path_per_floor":["M","M","?","$","?","R","E","M","T","?","M","R","E","M","R","B",null,"M","?","$","M","M","R","?","E","T","R","?","M","R","M","R","B"],"character_chosen":"DEFECT","items_purchased":["Ball Lightning","Reinforced Body","Runic Capacitor","Defragment"],"campfire_rested":4,"item_purchase_floors":[4,4,20,20],"current_hp_per_floor":[64,64,64,64,64,64,64,62,62,62,57,57,46,44,44,31,61,60,60,60,45,22,43,43,10,10,31,31,12,33,33,54,0],"gold":127,"neow_bonus":"THREE_ENEMY_KILL","is_prod":false,"is_daily":false,"chose_seed":false,"campfire_upgraded":3,"win_rate":0,"timestamp":1542892724,"path_taken":["M","M","?","$","?","R","E","?","T","?","M","R","E","?","R","BOSS","M","?","$","M","M","R","?","E","T","R","?","?","R","M","R","BOSS"],"build_version":"2018-11-15","purchased_purges":0,"victory":false,"max_hp_per_floor":[71,71,71,71,71,71,71,71,71,71,71,71,71,71,71,71,71,71,71,71,71,71,71,71,71,71,71,71,71,71,71,71,71],"card_choices":[{"not_picked":["Consume","Steam"],"picked":"Sweeping Beam","floor":1},{"not_picked":["Skim","Coolheaded"],"picked":"Melter","floor":2},{"not_picked":["Aggregate","Buffer"],"picked":"Sweeping Beam+1","floor":7},{"not_picked":["Coolheaded","Recycle"],"picked":"Go for the Eyes+1","floor":8},{"not_picked":["Coolheaded","Sweeping Beam+1","Gash+1"],"picked":"SKIP","floor":11},{"not_picked":["Go for the Eyes+1","Sweeping Beam+1"],"picked":"Beam Cell+1","floor":13},{"not_picked":["Turbo","Auto Shields"],"picked":"Streamline+1","floor":14},{"not_picked":["Hyperbeam+1","Machine Learning"],"picked":"Rainbow","floor":16},{"not_picked":["Lockon+1","Beam Cell+1"],"picked":"Stack+1","floor":18},{"not_picked":["Compile Driver+1","Turbo"],"picked":"Glacier+1","floor":21},{"not_picked":["Storm","Hologram","Sweeping Beam+1"],"picked":"SKIP","floor":22},{"not_picked":["Turbo","Glacier"],"picked":"Defragment+1","floor":25},{"not_picked":["Beam Cell+1","Rebound+1"],"picked":"Defragment","floor":29},{"not_picked":["Undo","Amplify"],"picked":"Compile Driver+1","floor":30},{"not_picked":["Sweeping Beam+1","Steam","Redo"],"picked":"SKIP","floor":31},{"not_picked":["Cold Snap+1","Fission"],"picked":"Defragment","floor":32}],"player_experience":846748,"relics_obtained":[{"floor":5,"key":"Molten Egg 2"},{"floor":7,"key":"Emotion Chip"},{"floor":9,"key":"Mercury Hourglass"},{"floor":13,"key":"War Paint"},{"floor":25,"key":"Tiny Chest"},{"floor":26,"key":"Boot"}],"event_choices":[{"damage_healed":0,"gold_gain":0,"player_choice":"Ignored","damage_taken":0,"max_hp_gain":0,"max_hp_loss":0,"event_name":"Golden Idol","floor":3,"gold_loss":0},{"damage_healed":0,"gold_gain":0,"player_choice":"Relic","damage_taken":0,"max_hp_gain":0,"max_hp_loss":0,"event_name":"Wheel of Change","floor":5,"gold_loss":0},{"damage_healed":0,"gold_gain":0,"player_choice":"2 cards matched","damage_taken":0,"max_hp_gain":0,"max_hp_loss":0,"event_name":"Match and Keep!","floor":10,"gold_loss":0,"cards_obtained":["Zap","Chill"]},{"damage_healed":0,"gold_gain":50,"player_choice":"Stole From Cult","damage_taken":0,"max_hp_gain":0,"max_hp_loss":0,"event_name":"Nest","floor":19,"gold_loss":0},{"damage_healed":0,"gold_gain":0,"player_choice":"Opened","damage_taken":0,"relics_obtained":["Dream Catcher"],"max_hp_gain":0,"max_hp_loss":0,"event_name":"The Mausoleum","floor":24,"gold_loss":0,"cards_obtained":["Writhe"]},{"damage_healed":0,"gold_gain":0,"player_choice":"Bought 1 Potion","damage_taken":0,"max_hp_gain":0,"max_hp_loss":0,"event_name":"The Woman in Blue","floor":28,"gold_loss":0}],"is_beta":false,"boss_relics":[{"not_picked":["Tiny House","Velvet Choker"],"picked":"Philosopher\u0027s Stone"}],"items_purged_floors":[],"is_endless":false,"potions_floor_spawned":[1,7,8,11,16,22,25,29],"killed_by":"Champ","ascension_level":17}