{"gold_per_floor":[118,118,69,86,86,86,86,125,202,172,172,188,203,223,223,347,347,368,386,409,429,443,487,501,501],"floor_reached":25,"playtime":1272,"items_purged":[],"score":227,"play_id":"ac6af9d4-7e3e-47dc-94d9-8ad4db350e26","local_time":"20190120000535","is_ascension_mode":false,"campfire_choices":[{"data":"Searing Blow+1","floor":6,"key":"SMITH"},{"data":"Searing Blow+2","floor":11,"key":"SMITH"},{"floor":15,"key":"REST"}],"neow_cost":"NONE","seed_source_timestamp":425363619596600,"circlet_count":0,"master_deck":["Strike_R","Strike_R","Strike_R","Strike_R","Defend_R","Defend_R","Defend_R","Defend_R","Bash","Searing Blow+3","Shrug It Off","Disarm","True Grit","Ghostly Armor","Headbutt","Demon Form","Ghostly Armor","Warcry+1","Fire Breathing+1"],"relics":["Burning Blood","Strawberry","Golden Idol","Dream Catcher","Bottled Flame","Busted Crown","Happy Flower"],"potions_floor_usage":[13,16,19,20,21,23],"damage_taken":[{"damage":7,"enemies":"Small Slimes","floor":1,"turns":4},{"damage":1,"enemies":"Jaw Worm","floor":4,"turns":4},{"damage":24,"enemies":"Gremlin Nob","floor":8,"turns":4},{"damage":0,"enemies":"2 Louse","floor":12,"turns":3},{"damage":0,"enemies":"Gremlin Gang","floor":13,"turns":1},{"damage":8,"enemies":"Large Slime","floor":14,"turns":6},{"damage":21,"enemies":"The Guardian","floor":16,"turns":11},{"damage":8,"enemies":"Shell Parasite","floor":18,"turns":5},{"damage":14,"enemies":"Spheric Guardian","floor":19,"turns":6},{"damage":4,"enemies":"Cultist and Chosen","floor":20,"turns":6},{"damage":1,"enemies":"Centurion and Healer","floor":21,"turns":7},{"damage":3,"enemies":"3 Cultists","floor":22,"turns":6},{"damage":44,"enemies":"Slavers","floor":23,"turns":7},{"damage":12,"enemies":"Cultist and Chosen","floor":24,"turns":6},{"damage":48,"enemies":"Book of Stabbing","floor":25,"turns":5}],"seed_played":"1286687003123504698","potions_obtained":[{"floor":8,"key":"Block Potion"},{"floor":10,"key":"Swift Potion"},{"floor":10,"key":"Explosive Potion"},{"floor":12,"key":"Energy Potion"},{"floor":14,"key":"Block Potion"},{"floor":16,"key":"Fire Potion"},{"floor":20,"key":"Poison Potion"}],"is_trial":false,"path_per_floor":["M","?","$","M","?","R","?","E","T","?","R","M","M","M","R","B",null,"M","M","M","M","M","E","M","E"],"character_chosen":"IRONCLAD","items_purchased":["Shrug It Off"],"campfire_rested":1,"item_purchase_floors":[3],"current_hp_per_floor":[86,86,86,87,66,66,59,41,41,41,41,47,53,51,77,62,87,85,77,79,84,87,49,43,0],"gold":501,"neow_bonus":"RANDOM_COMMON_RELIC","is_prod":false,"is_daily":false,"chose_seed":false,"campfire_upgraded":2,"win_rate":0,"timestamp":1547967935,"path_taken":["M","?","$","M","?","R","?","E","T","?","R","M","M","M","R","BOSS","M","M","?","M","M","E","M","E"],"build_version":"2019-01-17","purchased_purges":0,"victory":false,"max_hp_per_floor":[87,87,87,87,87,87,87,87,87,87,87,87,87,87,87,87,87,87,87,87,87,87,87,87,87],"card_choices":[{"not_picked":["Wild Strike","Rampage"],"picked":"Searing Blow","floor":1},{"not_picked":["Wild Strike","True Grit"],"picked":"Disarm","floor":4},{"not_picked":["Immolate","Heavy Blade","Clash"],"picked":"SKIP","floor":8},{"not_picked":["Sword Boomerang","Twin Strike"],"picked":"True Grit","floor":12},{"not_picked":["Clash","Cleave","Pommel Strike"],"picked":"SKIP","floor":13},{"not_picked":["Cleave","Armaments"],"picked":"Ghostly Armor","floor":14},{"not_picked":["Flex","Corruption"],"picked":"Headbutt","floor":15},{"not_picked":["Dark Embrace","Fiend Fire"],"picked":"Demon Form","floor":16},{"not_picked":[],"picked":"Ghostly Armor","floor":18},{"not_picked":[],"picked":"Warcry+1","floor":19},{"not_picked":["Entrench"],"picked":"SKIP","floor":20},{"not_picked":["Dropkick"],"picked":"SKIP","floor":21},{"not_picked":["Twin Strike"],"picked":"SKIP","floor":22},{"not_picked":[],"picked":"Fire Breathing+1","floor":23},{"not_picked":["Iron Wave"],"picked":"SKIP","floor":24}],"player_experience":341527,"relics_obtained":[{"floor":8,"key":"Dream Catcher"},{"floor":9,"key":"Bottled Flame"},{"floor":23,"key":"Happy Flower"}],"event_choices":[{"damage_healed":0,"gold_gain":0,"player_choice":"Grow","damage_taken":0,"max_hp_gain":0,"max_hp_loss":0,"event_name":"Living Wall","floor":2,"gold_loss":0,"cards_upgraded":["Searing Blow"]},{"damage_healed":0,"gold_gain":0,"player_choice":"Take Damage","damage_taken":21,"relics_obtained":["Golden Idol"],"max_hp_gain":0,"max_hp_loss":0,"event_name":"Golden Idol","floor":5,"gold_loss":0},{"cards_removed":["Strike_R"],"damage_healed":0,"gold_gain":0,"player_choice":"Card Removal","damage_taken":7,"max_hp_gain":0,"max_hp_loss":0,"event_name":"Golden Wing","floor":7,"gold_loss":0},{"damage_healed":0,"gold_gain":0,"player_choice":"Bought 2 Potions","damage_taken":0,"max_hp_gain":0,"max_hp_loss":0,"event_name":"The Woman in Blue","floor":10,"gold_loss":0}],"is_beta":true,"boss_relics":[{"not_picked":["Pandora\u0027s Box","Eternal Feather"],"picked":"Busted Crown"}],"items_purged_floors":[],"is_endless":false,"potions_floor_spawned":[8,12,14,16,20],"killed_by":"Book of Stabbing","ascension_level":0}