{"gold_per_floor":[118,68,83,83,102,102,132,132,132,164,183,216,7,21,21,116,116,127,139,64,64,78,78,78],"floor_reached":24,"playtime":1109,"items_purged":["Defend_B"],"score":337,"play_id":"c154a827-01aa-4a97-9dd0-6fd0e92d21e9","local_time":"20190423184725","is_ascension_mode":true,"campfire_choices":[{"data":"Zap","floor":6,"key":"SMITH"},{"data":"Dualcast","floor":8,"key":"SMITH"},{"data":"Beam Cell","floor":15,"key":"SMITH"},{"floor":23,"key":"REST"}],"neow_cost":"NONE","seed_source_timestamp":611517959795501,"circlet_count":0,"master_deck":["Defend_B","Defend_B","Zap+1","Dualcast+1","BootSequence","Coolheaded+1","Gash","Beam Cell+1","Rip and Tear","Sweeping Beam","Chill+1","Gash","Hologram","Echo Form","Melter+1","Coolheaded+1","Rebound+1"],"relics":["Cracked Core","Anchor","Gremlin Horn","Pantograph","War Paint","Juzu Bracelet","Empty Cage"],"potions_floor_usage":[7,12,12,16,24],"damage_taken":[{"damage":8,"enemies":"2 Louse","floor":1,"turns":3},{"damage":0,"enemies":"Small Slimes","floor":3,"turns":3},{"damage":3,"enemies":"Cultist","floor":5,"turns":4},{"damage":18,"enemies":"Gremlin Nob","floor":7,"turns":4},{"damage":11,"enemies":"Lagavulin","floor":10,"turns":8},{"damage":9,"enemies":"Exordium Wildlife","floor":11,"turns":3},{"damage":0,"enemies":"3 Sentries","floor":12,"turns":4},{"damage":0,"enemies":"Large Slime","floor":14,"turns":4},{"damage":16,"enemies":"Hexaghost","floor":16,"turns":8},{"damage":14,"enemies":"2 Thieves","floor":18,"turns":4},{"damage":13,"enemies":"3 Byrds","floor":19,"turns":5},{"damage":11,"enemies":"Snake Plant","floor":22,"turns":4},{"damage":49,"enemies":"Slavers","floor":24,"turns":4}],"seed_played":"3398483422820570291","potions_obtained":[{"floor":3,"key":"Fire Potion"},{"floor":7,"key":"FocusPotion"},{"floor":11,"key":"Explosive Potion"},{"floor":12,"key":"Poison Potion"},{"floor":22,"key":"SkillPotion"}],"is_trial":false,"path_per_floor":["?","?","M","?"],"character_chosen":"DEFECT","items_purchased":["Gash","Juzu Bracelet"],"campfire_rested":1,"item_purchase_floors":[13,13],"current_hp_per_floor":[60,60,60,60,57,57,39,39,39,28,19,19,19,19,19,28,63,49,36,36,36,25,47,0],"gold":78,"neow_bonus":"REMOVE_CARD","is_prod":false,"is_daily":false,"chose_seed":false,"campfire_upgraded":3,"win_rate":0,"timestamp":1556020045,"path_taken":["M","?","M","?","M","R","E","R","T","E","?","E","$","M","R","BOSS","M","M","$","?","M","R","E"],"build_version":"2019-01-23","purchased_purges":1,"victory":false,"max_hp_per_floor":[75,75,75,75,75,75,75,75,75,75,75,75,75,75,75,75,75,75,75,75,75,75,75,75],"card_choices":[{"not_picked":["Go for the Eyes","Streamline"],"picked":"BootSequence","floor":1},{"not_picked":["Steam","Darkness"],"picked":"Coolheaded","floor":3},{"not_picked":["BootSequence","Go for the Eyes"],"picked":"Gash","floor":5},{"not_picked":["Storm","Compile Driver"],"picked":"Beam Cell","floor":7},{"not_picked":["Conserve Battery","Chaos"],"picked":"Rip and Tear","floor":10},{"not_picked":["BootSequence","Compile Driver"],"picked":"Sweeping Beam","floor":11},{"not_picked":["Turbo","Leap"],"picked":"Chill","floor":12},{"not_picked":["Steam","Auto Shields"],"picked":"Hologram","floor":14},{"not_picked":["Biased Cognition","Electrodynamics"],"picked":"Echo Form","floor":16},{"not_picked":["Barrage+1","Coolheaded"],"picked":"Melter+1","floor":18},{"not_picked":["Static Discharge","Streamline"],"picked":"Coolheaded+1","floor":19},{"not_picked":["Chaos","Beam Cell"],"picked":"Rebound+1","floor":22}],"player_experience":291093,"relics_obtained":[{"floor":7,"key":"Anchor"},{"floor":9,"key":"Gremlin Horn"},{"floor":10,"key":"Pantograph"},{"floor":12,"key":"War Paint"}],"event_choices":[{"cards_removed":["Strike_B"],"damage_healed":0,"gold_gain":0,"player_choice":"Card Removal","damage_taken":0,"max_hp_gain":0,"max_hp_loss":0,"event_name":"The Cleric","floor":2,"gold_loss":50},{"cards_removed":["Strike_B"],"damage_healed":0,"gold_gain":0,"player_choice":"Purged","damage_taken":0,"max_hp_gain":0,"max_hp_loss":0,"event_name":"Purifier","floor":4,"gold_loss":0},{"damage_healed":0,"gold_gain":0,"player_choice":"Ignored","damage_taken":0,"max_hp_gain":0,"max_hp_loss":0,"event_name":"Ghosts","floor":21,"gold_loss":0}],"is_beta":false,"boss_relics":[{"not_picked":["Snecko Eye","Sozu"],"picked":"Empty Cage"}],"items_purged_floors":[20],"is_endless":false,"potions_floor_spawned":[3,7,11,12,22],"killed_by":"Slavers","ascension_level":8}