{"gold_per_floor":[114,124,124,137,137,137,155,180,204,204,204,222,51,87,99,231,243,275,287,315,341,8,8,48,48,48,48,48,78,78,90,90,90],"floor_reached":33,"playtime":1100,"items_purged":["Heatsinks"],"score":342,"play_id":"014b9120-c341-4f1b-9a19-9dc3f34b8a87","local_time":"20190411024608","is_ascension_mode":true,"campfire_choices":[{"data":"Zap","floor":6,"key":"SMITH"},{"floor":11,"key":"REST"},{"floor":15,"key":"REST"},{"data":"Defragment","floor":23,"key":"SMITH"},{"data":"Reinforced Body","floor":25,"key":"SMITH"},{"data":"Biased Cognition","floor":28,"key":"SMITH"},{"floor":32,"key":"REST"}],"neow_cost":"NONE","seed_source_timestamp":41878930727049,"circlet_count":0,"master_deck":["Zap+1","Dualcast","Auto Shields","Ball Lightning","Gash","Go for the Eyes","Doom and Gloom","Darkness","Gash","Leap","Conserve Battery","Biased Cognition+1","Static Discharge","Turbo","Stack+1","Reinforced Body+1","Defragment+1","Glacier","Ball Lightning+1","Redo","Aggregate","Self Repair"],"relics":["Empty Cage","Bloody Idol","Bronze Scales","MawBank","Pandora\u0027s Box","Nilry\u0027s Codex","Lee\u0027s Waffle","Oddly Smooth Stone","Mercury Hourglass","Turnip"],"potions_floor_usage":[14,24,29,29,29],"damage_taken":[{"damage":6,"enemies":"Cultist","floor":1,"turns":4},{"damage":2,"enemies":"Jaw Worm","floor":2,"turns":5},{"damage":5,"enemies":"2 Louse","floor":4,"turns":3},{"damage":26,"enemies":"Exordium Thugs","floor":7,"turns":4},{"damage":13,"enemies":"3 Louse","floor":8,"turns":3},{"damage":9,"enemies":"Large Slime","floor":12,"turns":4},{"damage":9,"enemies":"Gremlin Nob","floor":14,"turns":4},{"damage":13,"enemies":"Slime Boss","floor":16,"turns":6},{"damage":1,"enemies":"3 Byrds","floor":18,"turns":3},{"damage":14,"enemies":"Spheric Guardian","floor":20,"turns":3},{"damage":9,"enemies":"Snecko","floor":21,"turns":5},{"damage":30,"enemies":"Gremlin Leader","floor":24,"turns":4},{"damage":36,"enemies":"Slavers","floor":29,"turns":3},{"damage":2,"enemies":"Centurion and Healer","floor":31,"turns":5},{"damage":50,"enemies":"Automaton","floor":33,"turns":6}],"seed_played":"-4110615339482489508","potions_obtained":[{"floor":4,"key":"Ancient Potion"},{"floor":8,"key":"Energy Potion"},{"floor":16,"key":"Strength Potion"},{"floor":18,"key":"FocusPotion"},{"floor":24,"key":"Energy Potion"}],"is_trial":false,"path_per_floor":["?","?","M","?","?","?","?","M"],"character_chosen":"DEFECT","items_purchased":["Gash","Regen Potion","Leap","Defragment","Lee\u0027s Waffle"],"campfire_rested":3,"item_purchase_floors":[13,13,13,22,22],"current_hp_per_floor":[69,67,67,62,44,44,18,5,5,5,27,18,18,21,43,30,75,74,58,44,35,82,82,52,52,52,52,52,21,21,24,48,0],"gold":90,"neow_bonus":"BOSS_RELIC","is_prod":false,"is_daily":false,"chose_seed":false,"campfire_upgraded":4,"win_rate":0,"timestamp":1554925568,"path_taken":["M","M","?","M","?","R","?","M","T","?","R","M","$","E","R","BOSS","M","?","M","M","$","R","E","R","T","?","R","E","?","?","R","BOSS"],"build_version":"2019-01-23","purchased_purges":1,"victory":false,"max_hp_per_floor":[75,75,75,75,75,75,75,75,75,75,75,75,75,75,75,75,75,75,75,75,75,82,82,82,82,82,82,82,82,82,82,82,82],"card_choices":[{"not_picked":["Coolheaded","Steam Power"],"picked":"Auto Shields","floor":1},{"not_picked":["Redo","Compile Driver"],"picked":"Ball Lightning","floor":2},{"not_picked":["Fusion","Reprogram"],"picked":"Gash","floor":4},{"not_picked":["Auto Shields","Steam Power"],"picked":"Go for the Eyes","floor":7},{"not_picked":["Go for the Eyes","Stack"],"picked":"Doom and Gloom","floor":8},{"not_picked":["Compile Driver","Stack","Go for the Eyes"],"picked":"SKIP","floor":12},{"not_picked":["Fusion","Blizzard"],"picked":"Conserve Battery","floor":14},{"not_picked":["Meteor Strike","Electrodynamics"],"picked":"Biased Cognition","floor":16},{"not_picked":["Compile Driver","Steam+1"],"picked":"Stack+1","floor":18},{"not_picked":["Aggregate","Turbo","Redo"],"picked":"SKIP","floor":20},{"not_picked":["Steam","Self Repair"],"picked":"Reinforced Body","floor":21},{"not_picked":["Barrage","Ball Lightning"],"picked":"Glacier","floor":24},{"not_picked":["Steam+1","Doom and Gloom"],"picked":"Ball Lightning+1","floor":29},{"not_picked":["Tempest+1","Cold Snap+1"],"picked":"Self Repair","floor":31}],"player_experience":198269,"relics_obtained":[{"floor":9,"key":"Bronze Scales"},{"floor":14,"key":"MawBank"},{"floor":19,"key":"Nilry\u0027s Codex"},{"floor":24,"key":"Oddly Smooth Stone"},{"floor":26,"key":"Mercury Hourglass"},{"floor":29,"key":"Turnip"}],"event_choices":[{"damage_healed":0,"gold_gain":0,"player_choice":"Ignored","damage_taken":0,"max_hp_gain":0,"max_hp_loss":0,"event_name":"Liars Game","floor":3,"gold_loss":0},{"damage_healed":0,"gold_gain":0,"player_choice":"Take Damage","damage_taken":18,"relics_obtained":["Golden Idol"],"max_hp_gain":0,"max_hp_loss":0,"event_name":"Golden Idol","floor":5,"gold_loss":0},{"damage_healed":0,"gold_gain":0,"cards_transformed":["Strike_B"],"player_choice":"Transformed","damage_taken":0,"max_hp_gain":0,"max_hp_loss":0,"event_name":"Transmorgrifier","floor":10,"gold_loss":0,"cards_obtained":["Darkness"]},{"damage_healed":0,"gold_gain":0,"player_choice":"Obtained Book","damage_taken":16,"max_hp_gain":0,"max_hp_loss":0,"event_name":"Cursed Tome","floor":19,"gold_loss":0},{"damage_healed":0,"gold_gain":0,"player_choice":"Gave Idol","damage_taken":0,"relics_obtained":["Bloody Idol"],"max_hp_gain":0,"max_hp_loss":0,"event_name":"Forgotten Altar","floor":27,"relics_lost":["Golden Idol"],"gold_loss":0},{"damage_healed":0,"gold_gain":0,"cards_transformed":["Sunder","Meteor Strike"],"player_choice":"Became Test Subject","damage_taken":0,"max_hp_gain":0,"max_hp_loss":0,"event_name":"Drug Dealer","floor":30,"gold_loss":0,"cards_obtained":["Redo","Aggregate"]}],"is_beta":false,"boss_relics":[{"not_picked":["White Beast Statue","Eternal Feather"],"picked":"Pandora\u0027s Box"}],"items_purged_floors":[22],"is_endless":false,"potions_floor_spawned":[4,8,16,18,21,24],"killed_by":"Automaton","ascension_level":4}