{"gold_per_floor":[216,366,291,6,16,44,44,79,79,79,114,127,140,172,172,250,250,268,268,26,38,57,57,92,92,167,167,167,167,193,213,213,288,288,308,322,322,322,322,356,356,384,408,436,436,436,536,339,339,339,339],"floor_reached":52,"playtime":2783,"items_purged":["Strike_G+1","Storm of Steel"],"score":2010,"play_id":"7a224df3-9c24-4d3d-8be8-4dd48eceb436","local_time":"20190418134029","is_ascension_mode":true,"campfire_choices":[{"data":"Skewer","floor":7.0,"key":"SMITH"},{"floor":10.0,"key":"REST"},{"floor":15.0,"key":"REST"},{"data":"Deadly Poison","floor":23.0,"key":"SMITH"},{"floor":27.0,"key":"REST"},{"data":"Corpse Explosion","floor":29.0,"key":"SMITH"},{"data":"Catalyst","floor":32.0,"key":"SMITH"},{"data":"Well Laid Plans","floor":41.0,"key":"SMITH"},{"data":"Footwork","floor":49,"key":"SMITH"}],"neow_cost":"NONE","seed_source_timestamp":0,"circlet_count":0,"master_deck":["AscendersBane","Defend_G+1","Defend_G+1","Defend_G+1","Defend_G+1","Defend_G+1","Strike_G+1","Strike_G+1","Survivor","Neutralize+1","Skewer+1","Deadly Poison+1","Corpse Explosion+1","PiercingWail","Well Laid Plans+1","Leg Sweep","PiercingWail","Terror","Calculated Gamble","Necronomicurse","Slice+1","Catalyst+1","Blur","Dodge and Roll+1","Panacea","Caltrops","Footwork+1"],"special_seed":0,"relics":["Ring of the Snake","Membership Card","Ornamental Fan","Letter Opener","Mercury Hourglass","PreservedInsect","Pocketwatch","Lizard Tail","Chemical X","Juzu Bracelet","Necronomicon","Pantograph","Whetstone","Sozu","Bottled Flame","Centennial Puzzle","Incense Burner","Prayer Wheel","Medical Kit"],"potions_floor_usage":[],"damage_taken":[{"damage":4.0,"enemies":"Jaw Worm","floor":1.0,"turns":6.0},{"damage":0.0,"enemies":"Small Slimes","floor":5.0,"turns":3.0},{"damage":6.0,"enemies":"Gremlin Nob","floor":6.0,"turns":3.0},{"damage":32.0,"enemies":"3 Sentries","floor":8.0,"turns":11.0},{"damage":6.0,"enemies":"Gremlin Nob","floor":11.0,"turns":3.0},{"damage":0.0,"enemies":"2 Louse","floor":12.0,"turns":2.0},{"damage":8.0,"enemies":"Exordium Thugs","floor":13.0,"turns":3.0},{"damage":12.0,"enemies":"Lagavulin","floor":14.0,"turns":4.0},{"damage":12.0,"enemies":"Slime Boss","floor":16.0,"turns":8.0},{"damage":13.0,"enemies":"Chosen","floor":18.0,"turns":5.0},{"damage":0.0,"enemies":"2 Thieves","floor":21.0,"turns":3.0},{"damage":6.0,"enemies":"Chosen and Byrds","floor":22.0,"turns":4.0},{"damage":0.0,"enemies":"Slavers","floor":24.0,"turns":2.0},{"damage":4.0,"enemies":"Sentry and Sphere","floor":31.0,"turns":5.0},{"damage":3.0,"enemies":"Champ","floor":33.0,"turns":8.0},{"damage":6.0,"enemies":"3 Darklings","floor":35.0,"turns":3.0},{"damage":0.0,"enemies":"3 Shapes","floor":36.0,"turns":5.0},{"damage":11.0,"enemies":"Giant Head","floor":40.0,"turns":5.0},{"damage":2.0,"enemies":"Nemesis","floor":42.0,"turns":5.0},{"damage":0.0,"enemies":"Giant Head","floor":44.0,"turns":4.0},{"damage":0.0,"enemies":"Mind Bloom Boss Battle","floor":47.0,"turns":6.0},{"damage":33,"enemies":"Time Eater","floor":50,"turns":12},{"damage":40,"enemies":"Awakened One","floor":51,"turns":21}],"seed_played":"-1765051831577467410","potions_obtained":[{"floor":1.0,"key":"SteroidPotion"},{"floor":6.0,"key":"EssenceOfSteel"},{"floor":8.0,"key":"Weak Potion"},{"floor":22.0,"key":"Energy Potion"},{"floor":31.0,"key":"Swift Potion"}],"is_trial":false,"path_per_floor":["M","?","?","$","M","E","R","E","T","R","E","M","M","E","R","B",null,"M","?","$","M","M","R","E","?","T","R","?","R","T","M","R","B",null,"M","M","?","?","?","E","R","E","T","E","?","?","?","$","R","B","B",null],"character_chosen":"THE_SILENT","items_purchased":["Membership Card","Deadly Poison","Fire Potion","Chemical X","Well Laid Plans","Leg Sweep","Block Potion","Footwork","Medical Kit"],"campfire_rested":3,"item_purchase_floors":[4,4,4,20,20,20,20,48,48],"current_hp_per_floor":[55,55,55,55,55,49,49,17,17,36,30,30,22,10,29,17,54,41,41,41,41,35,35,35,14,14,33,33,33,33,29,29,51,62,56,56,56,56,56,45,45,43,43,43,33,33,58,58,58,33,18],"gold":339,"neow_bonus":"HUNDRED_GOLD","is_prod":false,"is_daily":false,"chose_seed":false,"campfire_upgraded":6,"win_rate":0,"timestamp":1555587629,"path_taken":["M","?","?","$","M","E","R","E","T","R","E","M","M","E","R","BOSS","M","?","?","M","M","R","E","?","T","R","?","R","?","M","R","BOSS","M","M","?","?","?","E","R","E","T","E","?","?","?","$","R","BOSS","BOSS"],"build_version":"2019-01-23","purchased_purges":2,"victory":true,"max_hp_per_floor":[66,66,66,66,66,66,66,66,66,66,66,66,66,66,66,66,66,66,66,66,66,66,66,66,66,66,66,66,66,66,66,66,66,66,66,66,66,66,66,66,66,66,66,66,66,66,66,66,66,66,66],"card_choices":[{"not_picked":["Cloak And Dagger","Deadly Poison"],"picked":"Skewer","floor":1.0},{"not_picked":["Expertise","Riddle With Holes"],"picked":"Poisoned Stab","floor":5.0},{"not_picked":["Prepared","Backflip","Outmaneuver"],"picked":"SKIP","floor":6.0},{"not_picked":["Quick Slash","Concentrate","Underhanded Strike"],"picked":"SKIP","floor":8.0},{"not_picked":["Deadly Poison","Sucker Punch","Prepared"],"picked":"SKIP","floor":11.0},{"not_picked":["Acrobatics","Flying Knee","Reflex"],"picked":"SKIP","floor":12.0},{"not_picked":["Eviscerate","Underhanded Strike","Slice"],"picked":"SKIP","floor":13.0},{"not_picked":["Cloak And Dagger","Burst","Deflect"],"picked":"SKIP","floor":14.0},{"not_picked":["Night Terror","Unload"],"picked":"Corpse Explosion","floor":16.0},{"not_picked":["Quick Slash","Skewer"],"picked":"PiercingWail","floor":18.0},{"not_picked":["Underhanded Strike","All Out Attack"],"picked":"PiercingWail","floor":21.0},{"not_picked":["Bouncing Flask","Tactician"],"picked":"Terror","floor":22.0},{"not_picked":["Slice","Cloak And Dagger"],"picked":"Calculated Gamble","floor":24.0},{"not_picked":["Backstab","Reflex"],"picked":"Catalyst","floor":31.0},{"not_picked":["Bane+1","Dagger Throw","Blade Dance"],"picked":"SKIP","floor":35.0},{"not_picked":["Terror","Flying Knee+1"],"picked":"Blur","floor":36.0},{"not_picked":["Finisher","PiercingWail"],"picked":"Dodge and Roll+1","floor":40.0},{"not_picked":["Dagger Spray+1","Storm of Steel","Masterful Stab"],"picked":"SKIP","floor":42.0},{"not_picked":["Tactician+1","Dodge and Roll","Bouncing Flask"],"picked":"SKIP","floor":44.0},{"not_picked":["Impatience","Violence"],"picked":"Panacea","floor":45.0},{"not_picked":["Eviscerate+1","Dagger Spray"],"picked":"Caltrops","floor":47.0}],"player_experience":1443285,"relics_obtained":[{"floor":6.0,"key":"Ornamental Fan"},{"floor":8.0,"key":"Letter Opener"},{"floor":9.0,"key":"Mercury Hourglass"},{"floor":11.0,"key":"PreservedInsect"},{"floor":14.0,"key":"Pocketwatch"},{"floor":24.0,"key":"Juzu Bracelet"},{"floor":25.0,"key":"Necronomicon"},{"floor":26.0,"key":"Pantograph"},{"floor":30.0,"key":"Whetstone"},{"floor":40.0,"key":"Bottled Flame"},{"floor":42.0,"key":"Centennial Puzzle"},{"floor":44.0,"key":"Incense Burner"},{"floor":47.0,"key":"Prayer Wheel"}],"event_choices":[{"damage_healed":0.0,"max_hp_gain":0.0,"max_hp_loss":0.0,"gold_gain":150.0,"event_name":"Liars Game","player_choice":"AGREE","floor":2.0,"gold_loss":0.0,"damage_taken":0.0,"cards_obtained":["Doubt"]},{"cards_removed":["Doubt"],"damage_healed":0.0,"max_hp_gain":0.0,"max_hp_loss":0.0,"gold_gain":0.0,"event_name":"The Cleric","player_choice":"Card Removal","floor":3.0,"gold_loss":75.0,"damage_taken":0.0},{"damage_healed":0.0,"max_hp_gain":0.0,"max_hp_loss":0.0,"gold_gain":0.0,"event_name":"Back to Basics","player_choice":"Simplicity","floor":19.0,"gold_loss":0.0,"damage_taken":0.0,"cards_upgraded":["Defend_G","Defend_G","Defend_G","Defend_G","Defend_G","Strike_G","Strike_G","Strike_G","Strike_G","Strike_G"]},{"damage_healed":0.0,"max_hp_gain":0.0,"max_hp_loss":0.0,"gold_gain":0.0,"event_name":"Cursed Tome","player_choice":"Obtained Book","floor":25.0,"gold_loss":0.0,"damage_taken":21.0},{"damage_healed":0.0,"max_hp_gain":0.0,"max_hp_loss":0.0,"gold_gain":0.0,"cards_transformed":["Strike_G","Strike_G"],"event_name":"Drug Dealer","player_choice":"Became Test Subject","floor":28.0,"gold_loss":0.0,"damage_taken":0.0,"cards_obtained":["Slice","Storm of Steel"]},{"damage_healed":0.0,"max_hp_gain":0.0,"max_hp_loss":0.0,"gold_gain":0.0,"event_name":"Lab","player_choice":"Got Potions","floor":37.0,"gold_loss":0.0,"damage_taken":0.0},{"damage_healed":0.0,"max_hp_gain":0.0,"max_hp_loss":0.0,"gold_gain":0.0,"event_name":"Tomb of Lord Red Mask","player_choice":"Ignored","floor":38.0,"gold_loss":0.0,"damage_taken":0.0},{"damage_healed":0.0,"max_hp_gain":0.0,"max_hp_loss":0.0,"gold_gain":0.0,"event_name":"FaceTrader","player_choice":"Leave","floor":39.0,"gold_loss":0.0,"damage_taken":0.0},{"damage_healed":0.0,"max_hp_gain":0.0,"max_hp_loss":0.0,"gold_gain":0.0,"event_name":"SensoryStone","player_choice":"Memory 3","floor":45.0,"gold_loss":0.0,"damage_taken":10.0},{"cards_removed":["Poisoned Stab"],"damage_healed":0.0,"max_hp_gain":0.0,"max_hp_loss":0.0,"gold_gain":0.0,"event_name":"Falling","player_choice":"Removed Attack","floor":46.0,"gold_loss":0.0,"damage_taken":0.0},{"damage_healed":0.0,"max_hp_gain":0.0,"max_hp_loss":0.0,"gold_gain":0.0,"event_name":"MindBloom","player_choice":"Fight","floor":47.0,"gold_loss":0.0,"damage_taken":0.0}],"is_beta":false,"boss_relics":[{"not_picked":["Runic Pyramid","Ring of the Serpent"],"picked":"Lizard Tail"},{"not_picked":["Coffee Dripper","Empty Cage"],"picked":"Sozu"}],"items_purged_floors":[20,48],"is_endless":false,"potions_floor_spawned":[1,6,8,11,13,22,31,40],"ascension_level":20}