{"path_per_floor":["M","?","$","?","M","R","M","T","T","E","M","M","?","?","R","B",null,"M","$","?","M","M","E","M","E","T","?","M","$","R","M","R","B",null,"M","?","$","?","$","E","M","R","T"],"character_chosen":"IRONCLAD","items_purchased":["Iron Wave","Trip","Twin Strike","Panacea","Lantern","Inflame"],"gold_per_floor":[13,113,67,67,78,78,92,92,115,141,156,170,170,120,120,217,217,232,87,10,29,43,73,90,118,118,118,136,48,48,68,68,170,170,184,230,7,7,7,42,56,56,356,356],"floor_reached":44,"campfire_rested":2,"playtime":2284,"item_purchase_floors":[3,19,19,29,37,37],"current_hp_per_floor":[80,80,80,80,80,80,80,90,90,62,60,61,54,54,54,37,92,92,92,92,80,68,54,49,30,30,30,16,16,36,38,58,45,67,47,43,43,33,33,28,31,45,45,0],"items_purged":[],"gold":356,"score":551,"play_id":"03caa947-9b4d-4668-ba71-5af2c8edd10e","local_time":"20180623195555","is_prod":false,"is_daily":false,"chose_seed":false,"is_ascension_mode":false,"campfire_upgraded":3,"win_rate":0,"timestamp":1529808955,"campfire_choices":[{"data":"Pummel","floor":6,"key":"SMITH"},{"data":"Blood for Blood","floor":15,"key":"SMITH"},{"floor":30,"key":"REST"},{"floor":32,"key":"REST"},{"data":"Exhume","floor":42,"key":"SMITH"}],"path_taken":["M","?","$","?","?","R","?","?","T","E","M","M","?","?","R","BOSS","M","$","?","M","M","E","M","E","T","?","M","$","R","M","R","BOSS","M","?","$","?","?","E","M","R","T","E"],"build_version":"2018-06-21","seed_source_timestamp":729282468638598,"purchased_purges":0,"circlet_count":0,"victory":false,"master_deck":["Defend_R","Defend_R","Defend_R","Bash+1","Pummel+1","Iron Wave","Blood for Blood+1","Flame Barrier","Flex","Heavy Blade","Offering","Hemokinesis","Trip","Twin Strike","J.A.X.+1","Iron Wave","Shrug It Off","Exhume+1","Twin Strike+1","Sword Boomerang","Bite","Bite","Bite","Bite","Bite","Impervious","Panacea","Pummel+1","Exhume","Uppercut+1","Shrug It Off+1","Inflame","Dramatic Entrance","Finesse","Master of Strategy+1","Blood for Blood+1","Metallicize+1"],"max_hp_per_floor":[80,80,80,80,80,80,80,90,90,90,92,92,92,92,92,92,92,92,92,92,92,92,92,92,97,97,67,67,67,67,67,67,67,67,67,67,67,67,67,67,67,67,67,67],"relics":["Burning Blood","Red Skull","Pear","Singing Bowl","Juzu Bracelet","Vajra","Runic Cube","Bronze Scales","Happy Flower","Toolbox","Eternal Feather","Gambling Chip","Lantern","War Paint","Old Coin"],"card_choices":[{"not_picked":["Thunderclap","Clash"],"picked":"Pummel","floor":1},{"not_picked":["Rampage","Wild Strike"],"picked":"Blood for Blood","floor":5},{"not_picked":["Wild Strike","Heavy Blade"],"picked":"Flame Barrier","floor":7},{"not_picked":["Shrug It Off","Headbutt"],"picked":"Flex","floor":10},{"not_picked":["Body Slam","Havoc","Anger"],"picked":"Singing Bowl","floor":11},{"not_picked":["Rage","Warcry"],"picked":"Heavy Blade","floor":12},{"not_picked":["Reaper","Barricade"],"picked":"Offering","floor":16},{"not_picked":["Shrug It Off+1","Carnage"],"picked":"Hemokinesis","floor":18},{"not_picked":["Evolve","Armaments+1"],"picked":"Iron Wave","floor":21},{"not_picked":["Anger+1","Warcry"],"picked":"Shrug It Off","floor":22},{"not_picked":["Fire Breathing","Flex"],"picked":"Exhume","floor":23},{"not_picked":["Havoc","Headbutt"],"picked":"Twin Strike+1","floor":24},{"not_picked":["Second Wind","Entrench+1"],"picked":"Sword Boomerang","floor":25},{"not_picked":["Havoc","Flex"],"picked":"Impervious","floor":28},{"not_picked":["Thunderclap+1","Cleave"],"picked":"Pummel+1","floor":31},{"not_picked":["Bludgeon","Immolate"],"picked":"Exhume","floor":33},{"not_picked":["Warcry+1","Pummel"],"picked":"Uppercut+1","floor":35},{"not_picked":["Pummel","Twin Strike+1"],"picked":"Shrug It Off+1","floor":36},{"not_picked":["Deep Breath","Dark Shackles"],"picked":"Dramatic Entrance","floor":38},{"not_picked":["Transmutation","Trip"],"picked":"Finesse","floor":38},{"not_picked":["Swift Strike","Blind"],"picked":"Master of Strategy","floor":38},{"not_picked":["Inflame","Demon Form"],"picked":"Blood for Blood+1","floor":40},{"not_picked":["Shrug It Off","True Grit"],"picked":"Metallicize+1","floor":41}],"player_experience":168979,"potions_floor_usage":[10,12,16,16,21,23,25,28,36,44],"damage_taken":[{"damage":5,"enemies":"Jaw Worm","floor":1,"turns":5},{"damage":6,"enemies":"Cultist","floor":5,"turns":3},{"damage":0,"enemies":"Small Slimes","floor":7,"turns":3},{"damage":34,"enemies":"Lagavulin","floor":10,"turns":8},{"damage":10,"enemies":"Looter","floor":11,"turns":3},{"damage":5,"enemies":"3 Louse","floor":12,"turns":3},{"damage":32,"enemies":"Slime Boss","floor":16,"turns":8},{"damage":4,"enemies":"Spheric Guardian","floor":18,"turns":3},{"damage":18,"enemies":"Shell Parasite","floor":21,"turns":3},{"damage":18,"enemies":"Sentry and Sphere","floor":22,"turns":4},{"damage":20,"enemies":"Book of Stabbing","floor":23,"turns":4},{"damage":11,"enemies":"Slaver and Parasite","floor":24,"turns":3},{"damage":30,"enemies":"Slavers","floor":25,"turns":4},{"damage":24,"enemies":"Snake Plant","floor":28,"turns":3},{"damage":10,"enemies":"3 Cultists","floor":31,"turns":3},{"damage":25,"enemies":"Champ","floor":33,"turns":6},{"damage":30,"enemies":"3 Shapes","floor":35,"turns":4},{"damage":20,"floor":36,"turns":6},{"damage":19,"enemies":"Giant Head","floor":40,"turns":4},{"damage":3,"enemies":"Flame Bruiser 1 Orb","floor":41,"turns":2},{"damage":79,"enemies":"Nemesis","floor":44,"turns":6}],"relics_obtained":[{"floor":8,"key":"Pear"},{"floor":9,"key":"Singing Bowl"},{"floor":10,"key":"Juzu Bracelet"},{"floor":23,"key":"Bronze Scales"},{"floor":25,"key":"Happy Flower"},{"floor":26,"key":"Toolbox"},{"floor":36,"key":"Gambling Chip"},{"floor":40,"key":"War Paint"},{"floor":43,"key":"Old Coin"}],"event_choices":[{"event_name":"Wheel of Change","player_choice":"Gold","floor":2,"damage_taken":0},{"event_name":"Living Wall","player_choice":"Grow","floor":4,"damage_taken":0},{"event_name":"Scrap Ooze","player_choice":"success","floor":13,"damage_taken":7},{"event_name":"The Cleric","player_choice":"Card Removal","floor":14,"damage_taken":0},{"event_name":"Drug Dealer","player_choice":"Got JAXXED","floor":20,"damage_taken":0},{"event_name":"Vampires","player_choice":"Became a vampire","floor":27,"damage_taken":0},{"event_name":"Mysterious Sphere","player_choice":"Fight","floor":36,"damage_taken":0},{"event_name":"SensoryStone","player_choice":"Memory 3","floor":38,"damage_taken":0}],"boss_relics":[{"not_picked":["Calling Bell","Cursed Key"],"picked":"Runic Cube"},{"not_picked":["Philosopher\u0027s Stone","Velvet Choker"],"picked":"Eternal Feather"}],"items_purged_floors":[],"is_endless":true,"potions_floor_spawned":[5,10,11,12,16,18,22,24,35,40],"seed_played":"3873354855001936046","killed_by":"Nemesis","ascension_level":0,"potions_obtained":[{"floor":5,"key":"Dexterity Potion"},{"floor":10,"key":"EssenceOfSteel"},{"floor":11,"key":"Dexterity Potion"},{"floor":12,"key":"BloodPotion"},{"floor":16,"key":"Swift Potion"},{"floor":18,"key":"Poison Potion"},{"floor":22,"key":"Weak Potion"},{"floor":24,"key":"Fruit Juice"},{"floor":35,"key":"Fire Potion"},{"floor":40,"key":"AttackPotion"}],"is_trial":false}