{"gold_per_floor":[119,194,208,223,223,255,268,268,336,67,98,98,123,137,137,235,235,251,251,74,74,149,175,175,94,94,94,113,146,146,157,157,262,262,275,285,285,301,376,376,401,418,498,498,39,69,81,101,101,101],"floor_reached":51,"playtime":2277,"items_purged":[],"score":1121,"play_id":"28d0087e-ee42-42e8-b1ea-3b2025521942","local_time":"20190331040216","is_ascension_mode":true,"campfire_choices":[{"floor":8,"key":"REST"},{"floor":15,"key":"REST"},{"floor":24,"key":"REST"},{"data":"Pummel","floor":27,"key":"SMITH"},{"data":"Sword Boomerang","floor":30,"key":"SMITH"},{"data":"Offering","floor":32,"key":"SMITH"},{"data":"1","floor":40,"key":"LIFT"},{"floor":44,"key":"REST"},{"floor":49,"key":"REST"}],"neow_cost":"NONE","seed_source_timestamp":43533758826226,"circlet_count":0,"master_deck":["Strike_R+1","Strike_R+1","Defend_R+1","Defend_R+1","Defend_R+1","Defend_R+1","Bash+1","Headbutt+1","Iron Wave","Ghostly Armor","Anger","Power Through","Inflame+1","Clothesline","Hemokinesis","Hemokinesis+1","Offering+1","Flex+1","Shockwave+1","Limit Break+1","Ghostly Armor","Shrug It Off+1","Pummel+1","Rupture+1","Sword Boomerang+1","True Grit+1","Immolate","Shrug It Off","Battle Trance+1","Limit Break","Heavy Blade+1","Offering","Combust","Uppercut+1","Heavy Blade+1","Shrug It Off"],"relics":["Burning Blood","Potion Belt","Ginger","Ornamental Fan","PreservedInsect","Lantern","Girya","Astrolabe","MawBank","Whetstone","Question Card","Red Skull","Boot","Sundial","Runic Cube","Gremlin Horn","Paper Frog","Lee\u0027s Waffle","Mango"],"potions_floor_usage":[7,16,41,41,41,50,50],"damage_taken":[{"damage":2,"enemies":"Small Slimes","floor":1,"turns":4},{"damage":3,"enemies":"Jaw Worm","floor":3,"turns":4},{"damage":9,"enemies":"2 Louse","floor":4,"turns":2},{"damage":46,"enemies":"Lagavulin","floor":6,"turns":8},{"damage":4,"enemies":"Exordium Thugs","floor":7,"turns":5},{"damage":16,"enemies":"3 Sentries","floor":11,"turns":9},{"damage":21,"enemies":"Lagavulin","floor":13,"turns":8},{"damage":3,"enemies":"Large Slime","floor":14,"turns":3},{"damage":27,"enemies":"Hexaghost","floor":16,"turns":12},{"damage":26,"enemies":"2 Thieves","floor":18,"turns":4},{"damage":28,"enemies":"Slavers","floor":23,"turns":3},{"damage":6,"enemies":"Chosen","floor":28,"turns":2},{"damage":10,"enemies":"Book of Stabbing","floor":29,"turns":3},{"damage":6,"enemies":"Centurion and Healer","floor":31,"turns":3},{"damage":16,"enemies":"Champ","floor":33,"turns":8},{"damage":11,"enemies":"3 Shapes","floor":35,"turns":9},{"damage":25,"enemies":"3 Darklings","floor":36,"turns":4},{"damage":9,"enemies":"Spire Growth","floor":38,"turns":4},{"damage":21,"enemies":"Reptomancer","floor":41,"turns":3},{"damage":12,"enemies":"Writhing Mass","floor":42,"turns":4},{"damage":50,"enemies":"Nemesis","floor":46,"turns":3},{"damage":16,"enemies":"Maw","floor":47,"turns":2},{"damage":12,"enemies":"Jaw Worm Horde","floor":48,"turns":2},{"damage":66,"enemies":"Awakened One","floor":50,"turns":10}],"seed_played":"2197662246732190131","potions_obtained":[{"floor":3,"key":"Fire Potion"},{"floor":7,"key":"EssenceOfSteel"},{"floor":11,"key":"GamblersBrew"},{"floor":14,"key":"LiquidBronze"},{"floor":23,"key":"LiquidBronze"},{"floor":29,"key":"Ancient Potion"},{"floor":33,"key":"SkillPotion"},{"floor":35,"key":"GamblersBrew"},{"floor":41,"key":"AttackPotion"},{"floor":47,"key":"Swift Potion"}],"is_trial":false,"path_per_floor":["M","?","M","M","?","E","M","R","T","$","E","?","E","M","R","B",null,"M","?","$","?","T","E","R","$","T","R","M","E","R","M","R","B",null,"M","M","?","M","?","R","E","M","T","R","$","E","M","M","R","B",null],"character_chosen":"IRONCLAD","items_purchased":["PreservedInsect","Inflame","Clothesline","Ghostly Armor","Whetstone","Pummel","Lee\u0027s Waffle","Offering","Combust","FearPotion"],"campfire_rested":5,"item_purchase_floors":[10,10,10,20,20,25,45,45,45,45],"current_hp_per_floor":[76,65,68,65,49,9,11,35,35,35,25,25,10,13,37,16,64,44,44,44,44,44,22,46,46,46,46,46,42,42,42,42,32,68,63,44,44,41,33,33,18,12,12,36,87,57,47,41,71,11],"gold":101,"neow_bonus":"RANDOM_COMMON_RELIC","is_prod":false,"is_daily":false,"chose_seed":false,"campfire_upgraded":3,"win_rate":0,"timestamp":1554015736,"path_taken":["M","?","M","M","?","E","M","R","T","$","E","?","E","M","R","BOSS","M","?","?","?","?","E","R","$","T","R","?","E","R","M","R","BOSS","M","M","?","M","?","R","E","?","T","R","$","E","M","M","R","BOSS"],"build_version":"2019-01-23","purchased_purges":0,"victory":true,"max_hp_per_floor":[80,80,80,80,80,80,80,80,80,80,80,80,80,80,80,80,80,80,80,80,80,80,80,80,80,80,80,80,80,80,80,80,80,80,80,80,80,80,80,80,80,80,80,80,87,101,101,101,101,101],"card_choices":[{"not_picked":["Cleave","Iron Wave"],"picked":"Headbutt","floor":1},{"not_picked":["Perfected Strike","Searing Blow"],"picked":"Iron Wave","floor":3},{"not_picked":["Blood for Blood","Sword Boomerang"],"picked":"Ghostly Armor","floor":4},{"not_picked":["Combust","Infernal Blade"],"picked":"Anger","floor":6},{"not_picked":["Iron Wave","Shockwave"],"picked":"Power Through","floor":7},{"not_picked":["Cleave","Demon Form"],"picked":"Hemokinesis","floor":11},{"not_picked":["Sever Soul","Dual Wield","Second Wind"],"picked":"SKIP","floor":13},{"not_picked":["Wild Strike","True Grit"],"picked":"Hemokinesis","floor":14},{"not_picked":["Bludgeon","Dark Embrace"],"picked":"Offering","floor":16},{"not_picked":["Twin Strike","Armaments","Flex+1"],"picked":"SKIP","floor":18},{"not_picked":["Entrench","Anger","Ghostly Armor"],"picked":"Shrug It Off+1","floor":23},{"not_picked":["Feel No Pain","Dual Wield","Perfected Strike"],"picked":"Rupture+1","floor":28},{"not_picked":["Carnage","Fire Breathing+1","Feed"],"picked":"Sword Boomerang","floor":29},{"not_picked":["Reckless Charge","Thunderclap","Iron Wave"],"picked":"True Grit+1","floor":31},{"not_picked":["Barricade","Juggernaut","Limit Break"],"picked":"Immolate","floor":33},{"not_picked":["Iron Wave","Sever Soul","Perfected Strike+1"],"picked":"Shrug It Off","floor":35},{"not_picked":["Havoc","Warcry","Sever Soul+1","Cleave"],"picked":"SKIP","floor":36},{"not_picked":["Havoc+1","Wild Strike+1","Heavy Blade+1"],"picked":"Battle Trance+1","floor":38},{"not_picked":["Armaments","Heavy Blade","Perfected Strike+1"],"picked":"Limit Break","floor":41},{"not_picked":["Headbutt+1","Clothesline","Havoc+1"],"picked":"Heavy Blade+1","floor":42},{"not_picked":["Pommel Strike+1","Perfected Strike","Blood for Blood"],"picked":"Uppercut+1","floor":46},{"not_picked":["Seeing Red","Pommel Strike","Clash"],"picked":"Heavy Blade+1","floor":47},{"not_picked":["Anger","Battle Trance","Heavy Blade+1"],"picked":"Shrug It Off","floor":48}],"player_experience":438450,"relics_obtained":[{"floor":6,"key":"Ginger"},{"floor":9,"key":"Ornamental Fan"},{"floor":11,"key":"Lantern"},{"floor":13,"key":"Girya"},{"floor":22,"key":"Question Card"},{"floor":23,"key":"Red Skull"},{"floor":26,"key":"Boot"},{"floor":29,"key":"Sundial"},{"floor":41,"key":"Gremlin Horn"},{"floor":43,"key":"Paper Frog"},{"floor":46,"key":"Mango"}],"event_choices":[{"damage_healed":0,"gold_gain":75,"player_choice":"Gather Gold","damage_taken":11,"max_hp_gain":0,"max_hp_loss":0,"event_name":"World of Goop","floor":2,"gold_loss":0},{"damage_healed":0,"gold_gain":0,"player_choice":"Entered Light","damage_taken":16,"max_hp_gain":0,"max_hp_loss":0,"event_name":"Shining Light","floor":5,"gold_loss":0,"cards_upgraded":["Headbutt","Strike_R"]},{"damage_healed":0,"gold_gain":0,"player_choice":"Grow","damage_taken":0,"max_hp_gain":0,"max_hp_loss":0,"event_name":"Living Wall","floor":12,"gold_loss":0,"cards_upgraded":["Inflame"]},{"damage_healed":0,"gold_gain":0,"player_choice":"Gave Potion","damage_taken":0,"relics_obtained":["MawBank"],"max_hp_gain":0,"max_hp_loss":0,"event_name":"WeMeetAgain","floor":19,"gold_loss":0},{"damage_healed":0,"gold_gain":0,"player_choice":"Simplicity","damage_taken":0,"max_hp_gain":0,"max_hp_loss":0,"event_name":"Back to Basics","floor":21,"gold_loss":0,"cards_upgraded":["Strike_R","Defend_R","Defend_R","Defend_R","Defend_R"]},{"damage_healed":0,"gold_gain":0,"player_choice":"Ignored","damage_taken":0,"max_hp_gain":0,"max_hp_loss":0,"event_name":"Tomb of Lord Red Mask","floor":37,"gold_loss":0},{"damage_healed":0,"gold_gain":75,"player_choice":"Touch","damage_taken":8,"max_hp_gain":0,"max_hp_loss":0,"event_name":"FaceTrader","floor":39,"gold_loss":0}],"is_beta":false,"boss_relics":[{"not_picked":["Calling Bell","Empty Cage"],"picked":"Astrolabe"},{"not_picked":["Cursed Key","White Beast Statue"],"picked":"Runic Cube"}],"items_purged_floors":[],"is_endless":false,"potions_floor_spawned":[3,7,11,14,23,29,33,35,38,41,47,48],"ascension_level":7}