{"gold_per_floor":[110,35,35,35,51,51,86,102,102,129,139,153,201,47,47,121,121,137,237,80,91,47,47,61,61],"floor_reached":25,"playtime":818,"items_purged":["Pain"],"score":422,"play_id":"c24ccf5b-ad66-4e5f-8812-1ee5347ae9e1","local_time":"20190408141135","is_ascension_mode":true,"campfire_choices":[{"data":"Bash","floor":6.0,"key":"SMITH"},{"floor":15,"key":"REST"},{"floor":23,"key":"REST"}],"neow_cost":"TEN_PERCENT_HP_LOSS","seed_source_timestamp":0,"circlet_count":0,"master_deck":["AscendersBane","Strike_R","Strike_R","Strike_R","Strike_R","Defend_R+1","Defend_R","Defend_R+1","Defend_R","Bash+1","Bludgeon","Rampage","Metallicize","Clothesline","Combust+1","Impervious","Corruption+1","Entrench+1","Feel No Pain+1"],"special_seed":0,"relics":["Burning Blood","WarpedTongs","Dodecahedron","Frozen Egg 2","War Paint","Juzu Bracelet","Busted Crown","Girya","Pear","Lantern"],"potions_floor_usage":[16,19,19,19,25],"damage_taken":[{"damage":9.0,"enemies":"Jaw Worm","floor":1.0,"turns":3.0},{"damage":6.0,"enemies":"Small Slimes","floor":5.0,"turns":3.0},{"damage":23.0,"enemies":"Lagavulin","floor":7.0,"turns":3.0},{"damage":0.0,"enemies":"Cultist","floor":8.0,"turns":2.0},{"damage":31.0,"enemies":"3 Sentries","floor":10.0,"turns":12.0},{"damage":21,"enemies":"Exordium Thugs","floor":11,"turns":5},{"damage":13,"enemies":"2 Fungi Beasts","floor":12,"turns":4},{"damage":34,"enemies":"Hexaghost","floor":16,"turns":9},{"damage":19,"enemies":"Shell Parasite","floor":18,"turns":5},{"damage":22,"enemies":"Colosseum Slavers","floor":19,"turns":6},{"damage":13,"enemies":"Colosseum Nobs","floor":19,"turns":6},{"damage":22,"enemies":"Spheric Guardian","floor":21,"turns":4},{"damage":21,"enemies":"Snake Plant","floor":24,"turns":5},{"damage":22,"enemies":"Book of Stabbing","floor":25,"turns":4}],"seed_played":"2662931357491447484","potions_obtained":[{"floor":1.0,"key":"SmokeBomb"},{"floor":5.0,"key":"EntropicBrew"},{"floor":10.0,"key":"FearPotion"},{"floor":24,"key":"Dexterity Potion"}],"is_trial":false,"path_per_floor":["M","?","$","?","M","R","E","M","T","E","M","M","T","$","R","B",null,"M","?","$","M","$","R","M","E"],"character_chosen":"IRONCLAD","items_purchased":["Regen Potion","Lantern","Feel No Pain+1"],"campfire_rested":2,"item_purchase_floors":[14,20,22],"current_hp_per_floor":[65,65,65,65,65,65,48,54,54,29,14,7,7,7,27,14,55,42,29,29,13,13,36,21,0],"gold":61,"neow_bonus":"THREE_RARE_CARDS","is_prod":false,"is_daily":false,"chose_seed":false,"campfire_upgraded":1,"win_rate":0,"timestamp":1554725495,"path_taken":["M","?","$","?","M","R","E","M","T","E","M","?","?","?","R","BOSS","M","?","$","M","?","R","M","E"],"build_version":"2019-01-23","purchased_purges":1,"victory":false,"max_hp_per_floor":[68,68,68,68,68,68,68,68,68,68,68,68,68,68,68,68,68,68,78,78,78,78,78,78,78],"card_choices":[{"not_picked":["Brutality","Dark Embrace"],"picked":"Bludgeon","floor":0.0},{"not_picked":["Wild Strike","Havoc"],"picked":"Rampage","floor":1.0},{"not_picked":["Perfected Strike","Flex","Body Slam"],"picked":"SKIP","floor":5.0},{"not_picked":["Double Tap","Sword Boomerang"],"picked":"Metallicize","floor":7.0},{"not_picked":["Flex","Iron Wave"],"picked":"Clothesline","floor":8.0},{"not_picked":["Bludgeon","Flex","Perfected Strike"],"picked":"SKIP","floor":10.0},{"not_picked":["Bloodletting","Body Slam"],"picked":"Combust+1","floor":11},{"not_picked":["Uppercut","Twin Strike","Body Slam"],"picked":"SKIP","floor":12},{"not_picked":["Exhume","Barricade+1"],"picked":"Impervious","floor":16},{"not_picked":[],"picked":"Corruption+1","floor":18},{"not_picked":[],"picked":"Entrench+1","floor":21},{"not_picked":["Sever Soul"],"picked":"SKIP","floor":24}],"player_experience":1421404,"relics_obtained":[{"floor":7.0,"key":"Dodecahedron"},{"floor":9.0,"key":"Frozen Egg 2"},{"floor":10.0,"key":"War Paint"},{"floor":13,"key":"Juzu Bracelet"},{"floor":19,"key":"Girya"},{"floor":19,"key":"Pear"}],"event_choices":[{"cards_removed":["Strike_R"],"damage_healed":0.0,"max_hp_gain":0.0,"max_hp_loss":0.0,"gold_gain":0.0,"event_name":"The Cleric","player_choice":"Card Removal","floor":2.0,"gold_loss":75.0,"damage_taken":0.0},{"damage_healed":0.0,"max_hp_gain":0.0,"max_hp_loss":0.0,"gold_gain":0.0,"event_name":"Accursed Blacksmith","player_choice":"Rummage","floor":4.0,"gold_loss":0.0,"damage_taken":0.0,"relics_obtained":["WarpedTongs"],"cards_obtained":["Pain"]},{"damage_healed":0,"gold_gain":0,"player_choice":"Fight","damage_taken":0,"max_hp_gain":0,"max_hp_loss":0,"event_name":"Colosseum","floor":19,"gold_loss":0},{"damage_healed":0,"gold_gain":0,"player_choice":"Fought Nobs","damage_taken":0,"max_hp_gain":0,"max_hp_loss":0,"event_name":"Colosseum","floor":19,"gold_loss":0}],"is_beta":false,"boss_relics":[{"not_picked":["Tiny House","Philosopher\u0027s Stone"],"picked":"Busted Crown"}],"items_purged_floors":[14],"is_endless":false,"potions_floor_spawned":[1,5,10,12,19,24],"killed_by":"Book of Stabbing","ascension_level":20}