{"gold_per_floor":[116,130,130,146,146,146,161,186,235,311,311,311,339,44,44,122,122,95,110,110,56,56,56,68,68,94,106,132,144,56,56,56,56],"floor_reached":33,"playtime":1027,"items_purged":["Pain","Strike_R"],"score":502,"play_id":"c06110eb-b069-4ab4-b80c-f1d82cc259e0","local_time":"20190404140824","is_ascension_mode":true,"campfire_choices":[{"data":"Clothesline","floor":6,"key":"SMITH"},{"data":"True Grit","floor":11,"key":"SMITH"},{"data":"Armaments","floor":15,"key":"SMITH"},{"data":"Metallicize","floor":23,"key":"SMITH"},{"floor":27,"key":"REST"},{"data":"Juggernaut","floor":29,"key":"SMITH"},{"floor":32,"key":"REST"}],"neow_cost":"CURSE","seed_source_timestamp":1099557426489606,"circlet_count":0,"master_deck":["AscendersBane","Strike_R","Defend_R","Defend_R","Defend_R","Defend_R","Bash","True Grit+1","Wild Strike","Clothesline+1","Shrug It Off","Metallicize+1","Armaments+1","Juggernaut+1","Immolate+1","Flex+1","Intimidate+1","Twin Strike+1","Shrug It Off","Shockwave"],"relics":["Burning Blood","Nunchaku","Darkstone Periapt","Lantern","Singing Bowl","Juzu Bracelet","Red Skull","Astrolabe","MutagenicStrength","MawBank"],"potions_floor_usage":[8,8,19,33],"damage_taken":[{"damage":8,"enemies":"Cultist","floor":1,"turns":4},{"damage":21,"enemies":"Jaw Worm","floor":2,"turns":6},{"damage":2,"enemies":"2 Louse","floor":4,"turns":4},{"damage":7,"enemies":"Exordium Thugs","floor":7,"turns":4},{"damage":42,"enemies":"Lagavulin","floor":8,"turns":8},{"damage":47,"enemies":"3 Sentries","floor":13,"turns":11},{"damage":30,"enemies":"The Guardian","floor":16,"turns":16},{"damage":19,"enemies":"2 Thieves","floor":18,"turns":4},{"damage":1,"enemies":"Chosen","floor":19,"turns":3},{"damage":23,"enemies":"3 Cultists","floor":24,"turns":6},{"damage":14,"enemies":"Shelled Parasite and Fungi","floor":28,"turns":4},{"damage":70,"enemies":"Champ","floor":33,"turns":14}],"seed_played":"-108927919899831499","potions_obtained":[{"floor":1,"key":"SneckoOil"},{"floor":7,"key":"Swift Potion"},{"floor":16,"key":"AttackPotion"},{"floor":28,"key":"PowerPotion"}],"is_trial":false,"path_per_floor":["M","M","?","M","?","R","M","E","T","T","R","?","E","$","R","B",null,"M","M","?","$","?","R","M","$","T","R","M","R","$","?","R","B"],"character_chosen":"IRONCLAD","items_purchased":["Red Skull","Armaments","Shrug It Off"],"campfire_rested":2,"item_purchase_floors":[14,14,21],"current_hp_per_floor":[66,51,56,60,60,60,59,23,23,23,23,80,39,39,39,15,64,53,58,58,58,34,34,17,17,17,43,37,37,37,37,63,0],"gold":56,"neow_bonus":"ONE_RARE_RELIC","is_prod":false,"is_daily":false,"chose_seed":false,"campfire_upgraded":5,"win_rate":0,"timestamp":1554379704,"path_taken":["M","?","?","M","?","R","M","E","T","?","R","?","E","$","R","BOSS","M","M","?","$","?","R","M","$","T","R","M","R","?","?","R","BOSS"],"build_version":"2019-01-23","purchased_purges":2,"victory":false,"max_hp_per_floor":[75,75,80,80,80,80,80,80,80,80,80,80,80,80,80,80,80,82,82,82,82,87,87,87,87,87,87,89,89,89,89,89,89],"card_choices":[{"not_picked":["Wild Strike","Clash"],"picked":"True Grit","floor":1},{"not_picked":["Flex","Warcry"],"picked":"Wild Strike","floor":2},{"not_picked":["Sword Boomerang","Shrug It Off"],"picked":"Clothesline","floor":4},{"not_picked":["Anger","Clash"],"picked":"Shrug It Off","floor":7},{"not_picked":["Wild Strike","Combust","Fiend Fire"],"picked":"SKIP","floor":8},{"not_picked":["Warcry","Barricade"],"picked":"Metallicize","floor":13},{"not_picked":["Exhume","Brutality"],"picked":"Juggernaut","floor":16},{"not_picked":["Armaments+1","Seeing Red","Sword Boomerang"],"picked":"Singing Bowl","floor":18},{"not_picked":["Pommel Strike","Iron Wave"],"picked":"Twin Strike+1","floor":19},{"not_picked":["Heavy Blade","True Grit"],"picked":"Shockwave","floor":24},{"not_picked":["Carnage","Headbutt","Perfected Strike"],"picked":"Singing Bowl","floor":28}],"player_experience":1416510,"relics_obtained":[{"floor":8,"key":"Darkstone Periapt"},{"floor":9,"key":"Lantern"},{"floor":10,"key":"Singing Bowl"},{"floor":13,"key":"Juzu Bracelet"},{"floor":26,"key":"MawBank"}],"event_choices":[{"damage_healed":0,"gold_gain":0,"player_choice":"Donut","damage_taken":0,"max_hp_gain":5,"max_hp_loss":0,"event_name":"Big Fish","floor":3,"gold_loss":0},{"damage_healed":0,"gold_gain":0,"player_choice":"Ignored","damage_taken":0,"max_hp_gain":0,"max_hp_loss":0,"event_name":"Liars Game","floor":5,"gold_loss":0},{"damage_healed":57,"gold_gain":0,"player_choice":"Full Heal","damage_taken":0,"max_hp_gain":0,"max_hp_loss":0,"event_name":"Wheel of Change","floor":12,"gold_loss":0},{"damage_healed":0,"gold_gain":0,"player_choice":"Inject Mutagens","damage_taken":0,"relics_obtained":["MutagenicStrength"],"max_hp_gain":0,"max_hp_loss":0,"event_name":"Drug Dealer","floor":20,"gold_loss":0},{"damage_healed":0,"gold_gain":0,"player_choice":"Shed Blood","damage_taken":29,"max_hp_gain":5,"max_hp_loss":0,"event_name":"Forgotten Altar","floor":22,"gold_loss":0}],"is_beta":false,"boss_relics":[{"not_picked":["Runic Cube","Coffee Dripper"],"picked":"Astrolabe"}],"items_purged_floors":[14,30],"is_endless":false,"potions_floor_spawned":[1,7,16,28],"killed_by":"Champ","ascension_level":20}