{"gold_per_floor":[115,115,138,93,108,146,146,116,171,171,196,196,43,67,67,67],"floor_reached":16,"playtime":2211,"items_purged":[],"score":105,"play_id":"067300a2-75fb-480b-b62a-56e7ef218a5e","local_time":"20190415195149","is_ascension_mode":true,"campfire_choices":[{"floor":10,"key":"REST"},{"floor":15,"key":"REST"}],"neow_cost":"NONE","seed_source_timestamp":273219997012500,"circlet_count":0,"master_deck":["Defend_G","Defend_G","Defend_G","Defend_G","Defend_G","Strike_G","Strike_G","Strike_G","Strike_G","Strike_G","Survivor","Neutralize","PiercingWail","Crippling Poison","Backflip","Flying Knee","Deflect"],"relics":["Ring of the Snake","Golden Idol","Blood Vial","Dodecahedron","Tiny Chest","Bronze Scales"],"potions_floor_usage":[6,16,16],"damage_taken":[{"damage":0,"enemies":"2 Louse","floor":1,"turns":3},{"damage":0,"enemies":"Small Slimes","floor":3,"turns":4},{"damage":0,"enemies":"Cultist","floor":5,"turns":5},{"damage":44,"enemies":"Lagavulin","floor":6,"turns":12},{"damage":2,"enemies":"Looter","floor":8,"turns":4},{"damage":28,"enemies":"Gremlin Gang","floor":11,"turns":5},{"damage":10,"enemies":"3 Louse","floor":14,"turns":2},{"damage":43,"enemies":"Slime Boss","floor":16,"turns":8}],"seed_played":"3789419655111330890","potions_obtained":[{"floor":1,"key":"EssenceOfSteel"},{"floor":5,"key":"Swift Potion"},{"floor":6,"key":"Poison Potion"}],"is_trial":false,"path_per_floor":["M","?","M","?","M","E","?","M","T","R","M","?","$","M","R","B"],"character_chosen":"THE_SILENT","items_purchased":["Bronze Scales"],"campfire_rested":2,"item_purchase_floors":[13],"current_hp_per_floor":[77,58,58,58,58,14,14,14,14,37,11,11,11,3,26,0],"gold":67,"neow_bonus":"TEN_PERCENT_HP_BONUS","is_prod":false,"is_daily":false,"chose_seed":false,"campfire_upgraded":0,"win_rate":0,"timestamp":1555372309,"path_taken":["M","?","M","?","M","E","?","M","T","R","M","?","$","M","R","BOSS"],"build_version":"2019-01-23","purchased_purges":0,"victory":false,"max_hp_per_floor":[77,77,77,77,77,77,77,77,77,77,77,77,77,77,77,77],"card_choices":[{"not_picked":["Deadly Poison","All Out Attack"],"picked":"PiercingWail","floor":1},{"not_picked":["Outmaneuver","Deflect"],"picked":"Crippling Poison","floor":3},{"not_picked":["Underhanded Strike","Bane","Sucker Punch"],"picked":"SKIP","floor":5},{"not_picked":["Dagger Throw","All Out Attack"],"picked":"Backflip","floor":6},{"not_picked":["Tools of the Trade","Dagger Throw","Slice"],"picked":"SKIP","floor":8},{"not_picked":["Bane","Masterful Stab"],"picked":"Flying Knee","floor":11},{"not_picked":["Prepared","Underhanded Strike"],"picked":"Deflect","floor":14}],"player_experience":31904,"relics_obtained":[{"floor":6,"key":"Blood Vial"},{"floor":9,"key":"Tiny Chest"}],"event_choices":[{"damage_healed":0,"gold_gain":0,"player_choice":"Take Damage","damage_taken":19,"relics_obtained":["Golden Idol"],"max_hp_gain":0,"max_hp_loss":0,"event_name":"Golden Idol","floor":2,"gold_loss":0},{"damage_healed":0,"gold_gain":0,"player_choice":"Left Gold","damage_taken":0,"max_hp_gain":0,"max_hp_loss":0,"event_name":"World of Goop","floor":4,"gold_loss":45},{"damage_healed":0,"gold_gain":0,"player_choice":"Box","damage_taken":0,"relics_obtained":["Dodecahedron"],"max_hp_gain":0,"max_hp_loss":0,"event_name":"Big Fish","floor":7,"gold_loss":0,"cards_obtained":["Regret"]},{"cards_removed":["Regret"],"damage_healed":0,"gold_gain":0,"player_choice":"Forget","damage_taken":0,"max_hp_gain":0,"max_hp_loss":0,"event_name":"Living Wall","floor":12,"gold_loss":0}],"is_beta":false,"boss_relics":[],"items_purged_floors":[],"is_endless":false,"potions_floor_spawned":[1,5,6],"killed_by":"Slime Boss","ascension_level":1}