{"gold_per_floor":[117,134,94,109,124,124,149,149,149,149,172,172,188,153,153,153],"floor_reached":16,"playtime":445,"items_purged":[],"score":140,"play_id":"96689969-b573-4f77-a7af-74ab26aab5b7","local_time":"20180927142542","is_ascension_mode":true,"campfire_choices":[{"data":"Wild Strike","floor":6,"key":"SMITH"},{"floor":8,"key":"REST"},{"floor":10,"key":"DIG"},{"data":"1","floor":12,"key":"LIFT"},{"data":"2","floor":15,"key":"LIFT"}],"neow_cost":"PERCENT_DAMAGE","seed_source_timestamp":258266690548074,"circlet_count":0,"master_deck":["Strike_R","Strike_R","Strike_R","Strike_R","Strike_R","Defend_R","Defend_R","Defend_R","Defend_R","Bash","Whirlwind","Wild Strike+1","Warcry","Headbutt","Burning Pact"],"relics":["Burning Blood","Ginger","Singing Bowl","Shovel","Girya","Centennial Puzzle"],"potions_floor_usage":[16,16],"damage_taken":[{"damage":0,"enemies":"2 Louse","floor":1,"turns":2},{"damage":1,"enemies":"Cultist","floor":2,"turns":4},{"damage":12,"enemies":"Small Slimes","floor":4,"turns":4},{"damage":16,"enemies":"Exordium Thugs","floor":5,"turns":5},{"damage":32,"enemies":"Gremlin Nob","floor":7,"turns":4},{"damage":1,"enemies":"2 Fungi Beasts","floor":13,"turns":4},{"damage":71,"enemies":"Hexaghost","floor":16,"turns":9}],"seed_played":"-5268740673157046321","potions_obtained":[{"floor":3,"key":"Fire Potion"},{"floor":3,"key":"Swift Potion"},{"floor":3,"key":"SteroidPotion"},{"floor":7,"key":"Strength Potion"}],"is_trial":false,"path_per_floor":["M","M","?","M","M","R","E","R","T","R","T","R","M","?","R"],"character_chosen":"IRONCLAD","items_purchased":[],"campfire_rested":1,"item_purchase_floors":[],"current_hp_per_floor":[57,62,62,56,46,46,20,44,44,44,44,44,49,69,69,0],"gold":153,"neow_bonus":"ONE_RARE_RELIC","is_prod":false,"is_daily":false,"chose_seed":false,"campfire_upgraded":1,"win_rate":0,"timestamp":1538051142,"path_taken":["M","M","?","M","?","R","E","R","T","R","?","R","M","?","R","BOSS"],"build_version":"2018-09-20","purchased_purges":0,"victory":false,"max_hp_per_floor":[80,80,80,80,80,80,80,80,80,80,80,80,80,80,80,80],"card_choices":[{"not_picked":["Wild Strike","Twin Strike"],"picked":"Whirlwind","floor":1},{"not_picked":["Intimidate","Combust"],"picked":"Wild Strike","floor":2},{"not_picked":["Corruption","Perfected Strike","Heavy Blade"],"picked":"SKIP","floor":4},{"not_picked":["Anger","Clash"],"picked":"Warcry","floor":5},{"not_picked":["Sword Boomerang","Body Slam"],"picked":"Headbutt","floor":7},{"not_picked":["Warcry","Power Through"],"picked":"Burning Pact","floor":13}],"player_experience":428480,"relics_obtained":[{"floor":7,"key":"Singing Bowl"},{"floor":9,"key":"Shovel"},{"floor":10,"key":"Girya"},{"floor":11,"key":"Centennial Puzzle"}],"event_choices":[{"event_name":"The Woman in Blue","player_choice":"Bought 3 Potions","floor":3,"damage_taken":0},{"event_name":"The Cleric","player_choice":"Healed","floor":14,"damage_taken":0}],"is_beta":false,"boss_relics":[],"items_purged_floors":[],"is_endless":false,"potions_floor_spawned":[7,13],"killed_by":"Hexaghost","ascension_level":8}