{"gold_per_floor":[121,151,338,350,382,420,447,470,482,504,516,528,576,602,614,747,759,791,816,828,3,3,41,65,96,119,144,144,59,59,59,59,185,185,210,16,16,35,35,35,66,66,66,91,91,427,450,450,450,450],"floor_reached":50,"playtime":3295,"items_purged":["Doubt","Barricade"],"score":738,"play_id":"0319a529-c2fe-4422-a7c4-17579bd21861","local_time":"20190206211459","is_ascension_mode":true,"campfire_choices":[{"floor":12,"key":"REST"},{"floor":15,"key":"REST"},{"data":"Intimidate","floor":28,"key":"SMITH"},{"data":"True Grit","floor":30,"key":"SMITH"},{"floor":32,"key":"REST"},{"data":"Perfected Strike","floor":40,"key":"PURGE"},{"data":"Apotheosis","floor":42,"key":"SMITH"},{"data":"Barricade","floor":45,"key":"SMITH"},{"floor":49,"key":"REST"}],"neow_cost":"NONE","seed_source_timestamp":1968346069095900,"circlet_count":0,"master_deck":["Bash","True Grit","Anger+1","Spot Weakness","True Grit+1","Feed","Clothesline","Clothesline","Intimidate+1","Power Through","Clothesline+1","Reaper","Demon Form","Dropkick+1","Intimidate","Spot Weakness","Flex+1","Metallicize","Apotheosis+1","Uppercut","Battle Trance","Entrench","Anger","Feed","Barricade+1","Power Through","Flame Barrier","Disarm","Disarm","Heavy Blade","Madness","Madness","Burning Pact+1","Infernal Blade","Sword Boomerang","Corruption+1","Feel No Pain+1","Spot Weakness+1","Warcry+1"],"relics":["Burning Blood","MawBank","Potion Belt","Prayer Wheel","Incense Burner","Golden Idol","Calipers","Mark of Pain","Peace Pipe","Toolbox","Enchiridion","Whetstone","Anchor","Smiling Mask","Happy Flower","Pandora\u0027s Box","Bronze Scales","Ginger","Meat on the Bone","Old Coin"],"potions_floor_usage":[6,8,14,16,23,46],"damage_taken":[{"damage":0,"enemies":"Small Slimes","floor":1,"turns":4},{"damage":3,"enemies":"2 Louse","floor":2,"turns":3},{"damage":4,"enemies":"Jaw Worm","floor":5,"turns":6},{"damage":38,"enemies":"Gremlin Nob","floor":6,"turns":5},{"damage":1,"enemies":"Blue Slaver","floor":7,"turns":6},{"damage":14,"enemies":"3 Louse","floor":8,"turns":5},{"damage":23,"enemies":"Large Slime","floor":10,"turns":5},{"damage":1,"enemies":"Lagavulin","floor":13,"turns":8},{"damage":13,"enemies":"Gremlin Gang","floor":14,"turns":5},{"damage":52,"enemies":"The Guardian","floor":16,"turns":13},{"damage":26,"enemies":"Shell Parasite","floor":18,"turns":8},{"damage":23,"enemies":"2 Thieves","floor":19,"turns":5},{"damage":23,"enemies":"Gremlin Leader","floor":23,"turns":7},{"damage":26,"enemies":"Slavers","floor":25,"turns":8},{"damage":6,"enemies":"Centurion and Healer","floor":27,"turns":11},{"damage":46,"enemies":"Automaton","floor":33,"turns":10},{"damage":28,"enemies":"3 Darklings","floor":35,"turns":9},{"damage":4,"enemies":"Orb Walker","floor":38,"turns":4},{"damage":31,"enemies":"Nemesis","floor":41,"turns":7},{"damage":24,"enemies":"4 Shapes","floor":44,"turns":9},{"damage":75,"enemies":"Giant Head","floor":46,"turns":10},{"damage":3,"enemies":"Spire Growth","floor":47,"turns":4},{"damage":84,"enemies":"Time Eater","floor":50,"turns":7}],"seed_played":"6085949284741184480","potions_obtained":[{"floor":1,"key":"Poison Potion"},{"floor":7,"key":"Energy Potion"},{"floor":13,"key":"SkillPotion"},{"floor":14,"key":"GamblersBrew"},{"floor":19,"key":"EssenceOfSteel"},{"floor":27,"key":"Regen Potion"},{"floor":33,"key":"SpeedPotion"},{"floor":38,"key":"SpeedPotion"},{"floor":41,"key":"LiquidBronze"}],"is_trial":false,"path_per_floor":["M","M","?","?","M","E","M","M","T","M","?","R","E","M","R","B",null,"M","M","?","$","?","E","T","E","T","M","R","?","R","$","R","B",null,"M","$","?","M","?","R","E","R","T","M","R","E","M","?","R","B"],"character_chosen":"IRONCLAD","items_purchased":["Peace Pipe","Toolbox","Metallicize","Apotheosis","Bronze Scales"],"campfire_rested":4,"item_purchase_floors":[21,21,21,21,36],"current_hp_per_floor":[80,80,80,68,70,38,43,38,38,24,24,48,53,46,70,37,80,63,46,46,46,30,29,29,22,22,51,51,51,51,51,75,43,83,83,83,73,75,75,75,50,50,50,55,55,23,53,53,80,0],"gold":450,"neow_bonus":"RANDOM_COMMON_RELIC","is_prod":false,"is_daily":false,"chose_seed":false,"campfire_upgraded":4,"win_rate":0,"timestamp":1549512899,"path_taken":["M","M","?","?","M","E","M","M","T","M","?","R","E","M","R","BOSS","M","M","?","$","?","E","?","E","T","M","R","?","R","$","R","BOSS","M","$","?","M","?","R","E","R","T","?","R","E","M","?","R","BOSS"],"build_version":"2019-01-23","purchased_purges":2,"victory":false,"max_hp_per_floor":[80,80,80,80,80,80,80,83,83,86,80,80,80,80,80,80,80,83,83,83,83,83,83,83,83,83,83,83,83,83,83,83,83,83,83,83,83,83,83,83,83,83,83,90,90,90,93,93,93,93],"card_choices":[{"not_picked":["Blood for Blood","Second Wind"],"picked":"True Grit","floor":1},{"not_picked":["Corruption","Headbutt","Second Wind"],"picked":"SKIP","floor":2},{"not_picked":["Ghostly Armor","Twin Strike"],"picked":"Anger","floor":5},{"not_picked":["Power Through","Fire Breathing"],"picked":"Spot Weakness","floor":6},{"not_picked":["Clash","Searing Blow"],"picked":"True Grit","floor":7},{"not_picked":["Seeing Red","Headbutt"],"picked":"Feed","floor":7},{"not_picked":["True Grit","Rampage"],"picked":"Clothesline","floor":8},{"not_picked":["Hemokinesis","Warcry"],"picked":"Clothesline","floor":8},{"not_picked":["Evolve","Ghostly Armor"],"picked":"Intimidate","floor":10},{"not_picked":["Anger","Bloodletting"],"picked":"Power Through","floor":10},{"not_picked":["Wild Strike","Clash"],"picked":"Clothesline","floor":13},{"not_picked":["Body Slam","Clash"],"picked":"Reaper","floor":14},{"not_picked":["Perfected Strike","Power Through","Clash"],"picked":"SKIP","floor":14},{"not_picked":["Brutality","Berserk"],"picked":"Demon Form","floor":16},{"not_picked":["Perfected Strike+1","Corruption"],"picked":"Dropkick+1","floor":18},{"not_picked":["Shrug It Off","Perfected Strike"],"picked":"Intimidate","floor":18},{"not_picked":["Headbutt","Reaper"],"picked":"Spot Weakness","floor":19},{"not_picked":["Cleave","Combust"],"picked":"Flex+1","floor":19},{"not_picked":["Intimidate","Iron Wave"],"picked":"Uppercut","floor":23},{"not_picked":["Havoc","Reckless Charge","Flex"],"picked":"SKIP","floor":25},{"not_picked":["Wild Strike","Clothesline"],"picked":"Battle Trance","floor":27},{"not_picked":["Clothesline","Rupture","Clash"],"picked":"SKIP","floor":27},{"not_picked":["Dark Embrace","Demon Form"],"picked":"Barricade","floor":33},{"not_picked":["Pommel Strike","Cleave"],"picked":"Disarm","floor":35},{"not_picked":["Iron Wave","Warcry+1"],"picked":"Heavy Blade","floor":35},{"not_picked":["Intimidate+1","Thunderclap+1"],"picked":"Burning Pact+1","floor":38},{"not_picked":["Spot Weakness+1","Brutality"],"picked":"Infernal Blade","floor":38},{"not_picked":["Cleave+1","Perfected Strike+1"],"picked":"Corruption+1","floor":41},{"not_picked":["Headbutt+1","Fire Breathing+1"],"picked":"Feel No Pain+1","floor":44},{"not_picked":["Thunderclap+1","Cleave"],"picked":"Spot Weakness+1","floor":44},{"not_picked":["Cleave","Anger+1"],"picked":"Warcry+1","floor":46},{"not_picked":["Warcry","Perfected Strike+1","Wild Strike"],"picked":"SKIP","floor":47},{"not_picked":["Thunderclap+1","Carnage+1","Corruption+1"],"picked":"SKIP","floor":47}],"player_experience":469871,"relics_obtained":[{"floor":6,"key":"Prayer Wheel"},{"floor":9,"key":"Incense Burner"},{"floor":13,"key":"Calipers"},{"floor":22,"key":"Enchiridion"},{"floor":23,"key":"Whetstone"},{"floor":24,"key":"Anchor"},{"floor":25,"key":"Smiling Mask"},{"floor":41,"key":"Ginger"},{"floor":43,"key":"Meat on the Bone"},{"floor":46,"key":"Old Coin"}],"event_choices":[{"damage_healed":0,"gold_gain":175,"player_choice":"AGREE","damage_taken":0,"max_hp_gain":0,"max_hp_loss":0,"event_name":"Liars Game","floor":3,"gold_loss":0,"cards_obtained":["Doubt"]},{"damage_healed":0,"gold_gain":0,"player_choice":"Success","damage_taken":12,"relics_obtained":["Potion Belt"],"max_hp_gain":0,"max_hp_loss":0,"event_name":"Scrap Ooze","floor":4,"gold_loss":0},{"damage_healed":0,"gold_gain":0,"player_choice":"Lose Max HP","damage_taken":0,"relics_obtained":["Golden Idol"],"max_hp_gain":0,"max_hp_loss":6,"event_name":"Golden Idol","floor":11,"gold_loss":0},{"damage_healed":0,"gold_gain":0,"player_choice":"Simplicity","damage_taken":0,"max_hp_gain":0,"max_hp_loss":0,"event_name":"Back to Basics","floor":20,"gold_loss":0,"cards_upgraded":["Strike_R","Strike_R","Strike_R","Strike_R","Strike_R","Defend_R","Defend_R","Defend_R","Defend_R"]},{"damage_healed":0,"gold_gain":0,"player_choice":"Obtained Book","damage_taken":16,"max_hp_gain":0,"max_hp_loss":0,"event_name":"Cursed Tome","floor":22,"gold_loss":0},{"damage_healed":0,"gold_gain":0,"player_choice":"Obtained Relic","damage_taken":0,"relics_obtained":["Happy Flower"],"max_hp_gain":0,"max_hp_loss":0,"event_name":"Addict","floor":29,"gold_loss":85},{"damage_healed":0,"gold_gain":0,"player_choice":"Embrace Madness","damage_taken":10,"max_hp_gain":0,"max_hp_loss":0,"event_name":"Winding Halls","floor":37,"gold_loss":0,"cards_obtained":["Madness","Madness"]},{"damage_healed":0,"gold_gain":0,"cards_transformed":["Barricade"],"player_choice":"Transformed","damage_taken":0,"max_hp_gain":0,"max_hp_loss":0,"event_name":"Transmorgrifier","floor":39,"gold_loss":0,"cards_obtained":["Sword Boomerang"]},{"damage_healed":0,"gold_gain":0,"player_choice":"Ignored","damage_taken":0,"max_hp_gain":0,"max_hp_loss":0,"event_name":"Tomb of Lord Red Mask","floor":48,"gold_loss":0}],"is_beta":true,"boss_relics":[{"not_picked":["Runic Pyramid","Philosopher\u0027s Stone"],"picked":"Mark of Pain"},{"not_picked":["Runic Dome","Black Star"],"picked":"Pandora\u0027s Box"}],"items_purged_floors":[21,36],"is_endless":false,"potions_floor_spawned":[1,7,13,14,19,27,33,38,41],"killed_by":"Time Eater","ascension_level":4}