{"gold_per_floor":[117,117,117,129,140,140,166,166,190,365,377,377,409,49,49,149,149,167,178,210,285,302,337,337,6,29,29,49,49,84,103,103,205,205,216,438,449,449,349,349,366,366,443,169,169,183,183,212,212,212,212,212,89,122,122],"floor_reached":55,"playtime":2133,"items_purged":["Strike_R"],"score":881,"play_id":"e0c8d11c-9613-4ea8-9f0d-cbecfc18bf3b","local_time":"20190301004443","is_ascension_mode":true,"campfire_choices":[{"data":"Carnage","floor":6,"key":"SMITH"},{"data":"Disarm","floor":8,"key":"SMITH"},{"data":"True Grit","floor":12,"key":"SMITH"},{"data":"Limit Break","floor":15,"key":"SMITH"},{"data":"Heavy Blade","floor":24,"key":"SMITH"},{"data":"Double Tap","floor":27,"key":"SMITH"},{"data":"Whirlwind","floor":29,"key":"SMITH"},{"data":"Inflame","floor":32,"key":"SMITH"},{"data":"Disarm","floor":40,"key":"SMITH"},{"data":"Shrug It Off","floor":42,"key":"SMITH"},{"data":"Feel No Pain","floor":45,"key":"SMITH"},{"floor":47,"key":"RECALL"},{"data":"Feel No Pain","floor":49,"key":"SMITH"},{"data":"Feel No Pain","floor":52,"key":"SMITH"}],"neow_cost":"NONE","seed_source_timestamp":8009720857060,"circlet_count":0,"master_deck":["Strike_R","Strike_R","Defend_R","Defend_R","Defend_R","Defend_R","Bash+1","Feel No Pain+1","Carnage+1","Disarm+1","Limit Break+1","Shrug It Off+1","True Grit+1","Disarm+1","Feel No Pain+1","Double Tap+1","Inflame+1","Heavy Blade+1","True Grit+1","Inflame+1","Warcry+1","Whirlwind+1","Feel No Pain+1","Heavy Blade+1","Offering+1","Battle Trance+1","Shrug It Off+1","Feel No Pain","Disarm+1","Shockwave+1","True Grit+1","Shrug It Off+1","Havoc+1"],"relics":["Black Blood","Potion Belt","Omamori","Bag of Marbles","Bronze Scales","Dead Branch","Sozu","Red Mask","Kunai","Toxic Egg 2","Orichalcum","Nunchaku","Brimstone","Bottled Lightning","Oddly Smooth Stone"],"potions_floor_usage":[11,13,20],"damage_taken":[{"damage":2,"enemies":"Small Slimes","floor":1,"turns":5},{"damage":2,"enemies":"2 Louse","floor":4,"turns":3},{"damage":0,"enemies":"Jaw Worm","floor":5,"turns":4},{"damage":27,"enemies":"Lagavulin","floor":7,"turns":5},{"damage":7,"enemies":"Blue Slaver","floor":11,"turns":2},{"damage":8,"enemies":"Gremlin Nob","floor":13,"turns":3},{"damage":3,"enemies":"The Guardian","floor":16,"turns":11},{"damage":1,"enemies":"2 Thieves","floor":18,"turns":3},{"damage":0,"enemies":"Chosen","floor":19,"turns":5},{"damage":10,"enemies":"Masked Bandits","floor":20,"turns":5},{"damage":7,"enemies":"3 Cultists","floor":22,"turns":5},{"damage":11,"enemies":"Book of Stabbing","floor":23,"turns":5},{"damage":0,"enemies":"Snake Plant","floor":28,"turns":1},{"damage":13,"enemies":"Gremlin Leader","floor":30,"turns":5},{"damage":0,"enemies":"Cultist and Chosen","floor":31,"turns":6},{"damage":48,"enemies":"Collector","floor":33,"turns":7},{"damage":5,"enemies":"3 Shapes","floor":35,"turns":3},{"damage":7,"enemies":"3 Darklings","floor":37,"turns":3},{"damage":6,"enemies":"Spire Growth","floor":41,"turns":4},{"damage":6,"enemies":"Maw","floor":46,"turns":4},{"damage":9,"enemies":"Giant Head","floor":48,"turns":4},{"damage":29,"enemies":"Awakened One","floor":50,"turns":6},{"damage":46,"enemies":"Shield and Spear","floor":54,"turns":6},{"damage":49,"enemies":"The Heart","floor":55,"turns":8}],"seed_played":"-3165910125433884527","potions_obtained":[{"floor":7,"key":"Poison Potion"},{"floor":11,"key":"FearPotion"},{"floor":16,"key":"Poison Potion"}],"is_trial":false,"path_per_floor":["M","?","?","M","M","R","E","R","T","?","M","R","E","$","R","B",null,"M","M","?","?","M","E","R","$","T","R","M","R","E","M","R","B",null,"M","?","M","?","$","R","M","R","T","$","R","M","R","E","R","B",null,"R","$","E","B"],"character_chosen":"IRONCLAD","items_purchased":["Dead Branch","Feel No Pain","Toxic Egg 2","Inflame","Warcry+1","Shrug It Off+1","Feel No Pain","Shockwave+1","Brimstone","Shrug It Off+1"],"campfire_rested":0,"item_purchase_floors":[14,14,25,25,25,39,39,44,44,53],"current_hp_per_floor":[80,80,55,59,65,65,44,44,44,44,43,43,41,41,41,44,80,80,80,76,68,67,62,62,62,62,62,68,68,61,67,67,25,80,80,80,80,80,80,80,80,80,80,80,80,80,80,80,80,61,80,80,80,44,0],"gold":122,"neow_bonus":"UPGRADE_CARD","is_prod":false,"is_daily":false,"chose_seed":false,"campfire_upgraded":13,"win_rate":0,"timestamp":1551426283,"path_taken":["M","?","?","M","M","R","E","R","T","?","M","R","E","$","R","BOSS","M","M","?","?","?","E","R","$","T","R","M","R","E","M","R","BOSS","M","?","M","?","$","R","M","R","T","$","R","M","R","E","R","BOSS","R","$","E","BOSS"],"build_version":"2019-01-23","purchased_purges":1,"victory":false,"max_hp_per_floor":[80,80,80,80,80,80,80,80,80,80,80,80,80,80,80,80,80,80,80,80,80,80,80,80,80,80,80,80,80,80,80,80,80,80,80,80,80,80,80,80,80,80,80,80,80,80,80,80,80,80,80,80,80,80,80],"card_choices":[{"not_picked":["Heavy Blade","Warcry"],"picked":"Feel No Pain","floor":1},{"not_picked":["Anger","Intimidate"],"picked":"Disarm","floor":4},{"not_picked":["Pommel Strike","Havoc"],"picked":"Limit Break","floor":5},{"not_picked":["Clothesline","Clash"],"picked":"Shrug It Off","floor":7},{"not_picked":["Clothesline","Sentinel"],"picked":"True Grit","floor":11},{"not_picked":["Body Slam","Warcry"],"picked":"Disarm","floor":13},{"not_picked":["Limit Break","Fiend Fire"],"picked":"Double Tap","floor":16},{"not_picked":["Fire Breathing","Sever Soul","Anger+1"],"picked":"SKIP","floor":18},{"not_picked":["Pommel Strike","Armaments","Cleave"],"picked":"SKIP","floor":19},{"not_picked":["Body Slam","Perfected Strike"],"picked":"Inflame+1","floor":20},{"not_picked":["Pommel Strike","Double Tap"],"picked":"Heavy Blade","floor":22},{"not_picked":["Fire Breathing","Searing Blow"],"picked":"True Grit+1","floor":23},{"not_picked":["Pommel Strike","Inflame"],"picked":"Whirlwind","floor":28},{"not_picked":["Pommel Strike","True Grit+1"],"picked":"Feel No Pain","floor":30},{"not_picked":["Twin Strike","True Grit+1"],"picked":"Heavy Blade+1","floor":31},{"not_picked":["Exhume+1","Immolate"],"picked":"Offering+1","floor":33},{"not_picked":["Infernal Blade+1","Rage+1"],"picked":"Battle Trance+1","floor":35},{"not_picked":["Cleave+1","Headbutt+1","Iron Wave"],"picked":"SKIP","floor":37},{"not_picked":["Inflame","Shrug It Off+1"],"picked":"Disarm+1","floor":41},{"not_picked":["Flex+1","Perfected Strike+1"],"picked":"True Grit+1","floor":46},{"not_picked":["Clash","Dark Embrace","Perfected Strike"],"picked":"SKIP","floor":48},{"not_picked":["Rupture+1","Dropkick"],"picked":"Havoc+1","floor":54}],"player_experience":774619,"relics_obtained":[{"floor":7,"key":"Omamori"},{"floor":9,"key":"Bag of Marbles"},{"floor":13,"key":"Bronze Scales"},{"floor":20,"key":"Red Mask"},{"floor":23,"key":"Kunai"},{"floor":26,"key":"Orichalcum"},{"floor":30,"key":"Nunchaku"},{"floor":48,"key":"Bottled Lightning"},{"floor":54,"key":"Oddly Smooth Stone"}],"event_choices":[{"damage_healed":0,"gold_gain":0,"cards_transformed":["Strike_R"],"player_choice":"Change","damage_taken":0,"max_hp_gain":0,"max_hp_loss":0,"event_name":"Living Wall","floor":2,"gold_loss":0,"cards_obtained":["Carnage"]},{"damage_healed":0,"gold_gain":0,"player_choice":"Success","damage_taken":25,"relics_obtained":["Potion Belt"],"max_hp_gain":0,"max_hp_loss":0,"event_name":"Scrap Ooze","floor":3,"gold_loss":0},{"damage_healed":0,"gold_gain":175,"player_choice":"AGREE","damage_taken":0,"max_hp_gain":0,"max_hp_loss":0,"event_name":"Liars Game","floor":10,"gold_loss":0,"cards_obtained":["Doubt"]},{"damage_healed":0,"gold_gain":0,"player_choice":"Fought Bandits","damage_taken":0,"max_hp_gain":0,"max_hp_loss":0,"event_name":"Masked Bandits","floor":20,"gold_loss":0},{"damage_healed":0,"gold_gain":75,"player_choice":"Touch","damage_taken":8,"max_hp_gain":0,"max_hp_loss":0,"event_name":"FaceTrader","floor":21,"gold_loss":0},{"damage_healed":0,"gold_gain":222,"player_choice":"Wore Mask","damage_taken":0,"max_hp_gain":0,"max_hp_loss":0,"event_name":"Tomb of Lord Red Mask","floor":36,"gold_loss":0},{"cards_removed":["Strike_R"],"damage_healed":0,"gold_gain":0,"player_choice":"Removed Attack","damage_taken":0,"max_hp_gain":0,"max_hp_loss":0,"event_name":"Falling","floor":38,"gold_loss":0}],"is_beta":false,"boss_relics":[{"not_picked":["Lizard Tail","Runic Cube"],"picked":"Sozu"},{"not_picked":["Calling Bell","Runic Dome"],"picked":"Black Blood"}],"items_purged_floors":[53],"is_endless":false,"potions_floor_spawned":[7,11,16,18,20,23,30,31,37,48,54],"killed_by":"The Heart","ascension_level":1}