{"gold_per_floor":[111,36,36,36,53,85,95,115,115,115,115,115,115,39,39,39],"floor_reached":16,"playtime":661,"items_purged":["Strike_R"],"score":98,"play_id":"e6bf09bc-ead4-4c01-9fb1-7239854cbdf6","local_time":"20180717145214","is_ascension_mode":false,"campfire_choices":[{"data":"Armaments","floor":12,"key":"SMITH"},{"floor":15,"key":"REST"}],"neow_cost":"","seed_source_timestamp":83011885543305,"circlet_count":0,"master_deck":["Strike_R","Strike_R","Strike_R","Defend_R","Defend_R","Defend_R","Defend_R","Bash","Iron Wave","Second Wind","Armaments+1","Iron Wave","Body Slam"],"relics":["Burning Blood","Art of War","Bottled Lightning"],"potions_floor_usage":[6,16],"damage_taken":[{"damage":7,"enemies":"Small Slimes","floor":1,"turns":4},{"damage":5,"enemies":"Jaw Worm","floor":5,"turns":5},{"damage":48,"enemies":"Lagavulin","floor":6,"turns":8},{"damage":0,"enemies":"Cultist","floor":7,"turns":4},{"damage":15,"enemies":"Large Slime","floor":8,"turns":8},{"damage":63,"enemies":"Hexaghost","floor":16,"turns":14}],"seed_played":"-5245662286174528119","potions_obtained":[{"floor":5,"key":"PowerPotion"}],"is_trial":false,"path_per_floor":["M","$","?","?","M","E","M","M","T","?","$","R","?","$","R"],"character_chosen":"IRONCLAD","items_purchased":["EssenceOfSteel"],"campfire_rested":1,"item_purchase_floors":[14],"current_hp_per_floor":[79,79,79,79,80,38,44,35,35,35,35,35,35,35,59,0],"gold":39,"neow_bonus":"","is_prod":false,"is_daily":false,"chose_seed":false,"campfire_upgraded":1,"win_rate":0,"timestamp":1531831934,"path_taken":["M","$","?","?","M","E","M","M","T","?","$","R","?","?","R","BOSS"],"build_version":"2018-07-12","purchased_purges":1,"victory":false,"max_hp_per_floor":[80,80,80,80,80,80,80,80,80,80,80,80,80,80,80,80],"card_choices":[{"not_picked":["Twin Strike","Carnage"],"picked":"Iron Wave","floor":1},{"not_picked":["Flex","Rampage","Inflame"],"picked":"SKIP","floor":5},{"not_picked":["Wild Strike","Feed"],"picked":"Armaments","floor":6},{"not_picked":["Corruption","Anger"],"picked":"Iron Wave","floor":7},{"not_picked":["Evolve","Metallicize"],"picked":"Body Slam","floor":8}],"player_experience":117556,"relics_obtained":[{"floor":6,"key":"Art of War"},{"floor":9,"key":"Bottled Lightning"}],"event_choices":[{"event_name":"Living Wall","player_choice":"Change","floor":3,"damage_taken":0},{"event_name":"Match and Keep!","player_choice":"1 cards matched","floor":4,"damage_taken":0},{"event_name":"Golden Wing","player_choice":"Ignored","floor":10,"damage_taken":0},{"event_name":"Wheel of Change","player_choice":"Card Removal","floor":13,"damage_taken":0}],"boss_relics":[],"items_purged_floors":[2],"is_endless":false,"potions_floor_spawned":[5],"killed_by":"Hexaghost","ascension_level":0}