{"gold_per_floor":[110,126,141,141,141,141,168,6,32,47,79,39,73,93,93,93],"floor_reached":16,"playtime":467,"items_purged":[],"score":290,"play_id":"b27a8c14-0bf2-470d-b415-2510331a26bb","local_time":"20190425132915","is_ascension_mode":true,"campfire_choices":[{"data":"Survivor","floor":6.0,"key":"SMITH"},{"floor":15.0,"key":"REST"}],"neow_cost":"NONE","seed_source_timestamp":0,"circlet_count":0,"master_deck":["AscendersBane","Defend_G","Defend_G","Defend_G","Defend_G","Defend_G","Strike_G","Strike_G","Strike_G","Strike_G+1","Strike_G","Survivor+1","Neutralize+1","Bouncing Flask+1","Blur","Poisoned Stab","Dash","Malaise","Footwork","Dagger Spray"],"special_seed":0,"relics":["Ring of the Snake","NeowsBlessing","Potion Belt","Blood Vial","Darkstone Periapt","Matryoshka"],"potions_floor_usage":[16,16,16,16],"damage_taken":[{"damage":0.0,"enemies":"Cultist","floor":1.0,"turns":1.0},{"damage":0.0,"enemies":"2 Louse","floor":2.0,"turns":1.0},{"damage":0.0,"enemies":"Small Slimes","floor":3.0,"turns":1.0},{"damage":16.0,"enemies":"Gremlin Nob","floor":7.0,"turns":4.0},{"damage":0.0,"enemies":"Blue Slaver","floor":10.0,"turns":4.0},{"damage":0.0,"enemies":"Lagavulin","floor":11.0,"turns":6.0},{"damage":0.0,"enemies":"Looter","floor":12.0,"turns":4.0},{"damage":11.0,"enemies":"Gremlin Nob","floor":13.0,"turns":5.0},{"damage":7.0,"enemies":"Red Slaver","floor":14.0,"turns":3.0},{"damage":41,"enemies":"Slime Boss","floor":16,"turns":9}],"seed_played":"3194448318574537972","potions_obtained":[{"floor":1.0,"key":"Ancient Potion"},{"floor":3.0,"key":"GhostInAJar"},{"floor":13.0,"key":"Swift Potion"},{"floor":14.0,"key":"Weak Potion"}],"is_trial":false,"path_per_floor":["M","M","M","?","?","R","E","$","T","M","E","M","E","M","R","B"],"character_chosen":"THE_SILENT","items_purchased":["Poisoned Stab","AttackPotion","Explosive Potion"],"campfire_rested":1,"item_purchase_floors":[8,8,8],"current_hp_per_floor":[59,59,59,59,39,39,23,23,23,25,27,29,20,15,34,0],"gold":93,"neow_bonus":"THREE_ENEMY_KILL","is_prod":false,"is_daily":false,"chose_seed":false,"campfire_upgraded":1,"win_rate":0,"timestamp":1556191755,"path_taken":["M","M","?","?","?","R","E","$","T","M","E","M","E","M","R","BOSS"],"build_version":"2019-01-23","purchased_purges":0,"victory":false,"max_hp_per_floor":[66,66,66,66,66,66,66,66,66,66,66,66,66,66,66,66],"card_choices":[{"not_picked":["Caltrops","Prepared"],"picked":"Bouncing Flask","floor":1.0},{"not_picked":["Prepared","Outmaneuver","Deflect"],"picked":"SKIP","floor":2.0},{"not_picked":["Dodge and Roll","Masterful Stab","Heel Hook"],"picked":"SKIP","floor":3.0},{"not_picked":["Burst","Flechettes"],"picked":"Blur","floor":7.0},{"not_picked":["Cloak And Dagger","Deadly Poison"],"picked":"Dash","floor":10.0},{"not_picked":["Infinite Blades","Dagger Throw"],"picked":"Malaise","floor":11.0},{"not_picked":["Riddle With Holes","Outmaneuver","Prepared"],"picked":"SKIP","floor":12.0},{"not_picked":["Distraction","Poisoned Stab"],"picked":"Footwork","floor":13.0},{"not_picked":["Tactician","Backflip"],"picked":"Dagger Spray","floor":14.0}],"player_experience":1452515,"relics_obtained":[{"floor":7.0,"key":"Potion Belt"},{"floor":9.0,"key":"Blood Vial"},{"floor":11.0,"key":"Darkstone Periapt"},{"floor":13.0,"key":"Matryoshka"}],"event_choices":[{"damage_healed":0.0,"max_hp_gain":0.0,"max_hp_loss":0.0,"gold_gain":0.0,"event_name":"Living Wall","player_choice":"Grow","floor":4.0,"gold_loss":0.0,"damage_taken":0.0,"cards_upgraded":["Bouncing Flask"]},{"damage_healed":0.0,"max_hp_gain":0.0,"max_hp_loss":0.0,"gold_gain":0.0,"event_name":"Shining Light","player_choice":"Entered Light","floor":5.0,"gold_loss":0.0,"damage_taken":20.0,"cards_upgraded":["Neutralize","Strike_G"]}],"is_beta":false,"boss_relics":[],"items_purged_floors":[],"is_endless":false,"potions_floor_spawned":[1,3,11,13,14],"killed_by":"Slime Boss","ascension_level":20}