{"gold_per_floor":[109,109,109,109,120,120,120,48,48,48,82,82,112,123,123,223,223,240,165,165,176,176,207,207,223,223,74,74,74,74,88,88,88],"floor_reached":33,"playtime":638,"items_purged":["Strike_R"],"score":282,"play_id":"89504283-b662-444b-b20d-e3dad72119f7","local_time":"20190325011902","is_ascension_mode":true,"campfire_choices":[{"data":"Pommel Strike","floor":7.0,"key":"SMITH"},{"data":"Carnage","floor":10.0,"key":"SMITH"},{"data":"Flame Barrier","floor":15.0,"key":"SMITH"},{"floor":24,"key":"REST"},{"floor":28,"key":"REST"},{"data":"Barricade","floor":30,"key":"SMITH"},{"data":"Rampage","floor":32,"key":"SMITH"}],"neow_cost":"NONE","seed_source_timestamp":0,"circlet_count":0,"master_deck":["Strike_R+1","Strike_R","Defend_R","Defend_R","Defend_R","Defend_R","Bash+1","Pommel Strike+1","Carnage+1","Flame Barrier+1","Double Tap","Rampage+1","Feed","Rage","Shrug It Off","Barricade+1","Shrug It Off"],"special_seed":0,"relics":["Philosopher\u0027s Stone"],"potions_floor_usage":[23,25,29],"damage_taken":[{"damage":0.0,"enemies":"Small Slimes","floor":1.0,"turns":2.0},{"damage":0.0,"enemies":"Cultist","floor":5.0,"turns":2.0},{"damage":10.0,"enemies":"3 Sentries","floor":11.0,"turns":7.0},{"damage":28.0,"enemies":"Lagavulin","floor":13.0,"turns":4.0},{"damage":0.0,"enemies":"2 Louse","floor":14.0,"turns":2.0},{"damage":25.0,"enemies":"Hexaghost","floor":16.0,"turns":8.0},{"damage":12.0,"enemies":"Chosen","floor":18.0,"turns":3.0},{"damage":2.0,"enemies":"3 Byrds","floor":21.0,"turns":3.0},{"damage":65,"enemies":"Gremlin Leader","floor":23,"turns":5},{"damage":4,"enemies":"Snake Plant","floor":25,"turns":3},{"damage":13,"enemies":"Colosseum Slavers","floor":29,"turns":3},{"damage":11,"enemies":"Snecko","floor":31,"turns":3},{"damage":26,"enemies":"Automaton","floor":33,"turns":4}],"seed_played":"-4881685543726256752","potions_obtained":[{"floor":5.0,"key":"SteroidPotion"},{"floor":11.0,"key":"BloodPotion"},{"floor":16.0,"key":"Block Potion"},{"floor":23,"key":"EssenceOfSteel"},{"floor":25,"key":"GamblersBrew"}],"is_trial":false,"path_per_floor":["M","?","?","?","M","$","R","$","T","R","E","?","E","M","R","B",null,"M","$","?","M","?","E","R","M","T","$","R","?","R","M","R","B"],"character_chosen":"IRONCLAD","items_purchased":["Carnage","Barricade"],"campfire_rested":2,"item_purchase_floors":[8,27],"current_hp_per_floor":[80,64,64,64,64,64,64,64,64,64,54,54,34,34,34,9,80,68,68,68,66,66,1,25,21,21,21,45,35,35,24,24,0],"gold":88,"neow_bonus":"BOSS_RELIC","is_prod":false,"is_daily":false,"chose_seed":false,"campfire_upgraded":5,"win_rate":0,"timestamp":1553501942,"path_taken":["M","?","?","?","M","$","R","$","T","R","E","?","E","M","R","BOSS","M","$","?","M","?","E","R","?","T","$","R","?","R","M","R","BOSS"],"build_version":"2019-01-23","purchased_purges":1,"victory":false,"max_hp_per_floor":[80,80,80,80,80,80,80,80,80,80,80,80,80,80,80,80,80,80,80,80,80,80,80,80,80,80,80,80,83,83,83,83,83],"card_choices":[{"not_picked":["Havoc","Disarm"],"picked":"Pommel Strike","floor":1.0},{"not_picked":["Evolve","Havoc","Inflame"],"picked":"SKIP","floor":5.0},{"not_picked":["Warcry","Corruption","Heavy Blade"],"picked":"SKIP","floor":11.0},{"not_picked":["Hemokinesis","Headbutt"],"picked":"Flame Barrier","floor":13.0},{"not_picked":["Flex","Iron Wave"],"picked":"Double Tap","floor":14.0},{"not_picked":["Burning Pact","Evolve+1"],"picked":"Rampage","floor":18.0},{"not_picked":["Sentinel","Sword Boomerang","Hemokinesis"],"picked":"SKIP","floor":21.0},{"not_picked":["Headbutt","Sword Boomerang","Rage"],"picked":"SKIP","floor":23},{"not_picked":["Pommel Strike","Perfected Strike"],"picked":"Shrug It Off","floor":25},{"not_picked":["Seeing Red","Cleave+1"],"picked":"Shrug It Off","floor":31}],"player_experience":840249,"relics_obtained":[],"event_choices":[{"damage_healed":0.0,"max_hp_gain":0.0,"max_hp_loss":0.0,"gold_gain":0.0,"event_name":"Shining Light","player_choice":"Entered Light","floor":2.0,"gold_loss":0.0,"damage_taken":16.0,"cards_upgraded":["Bash","Strike_R"]},{"damage_healed":0.0,"max_hp_gain":0.0,"max_hp_loss":0.0,"gold_gain":0.0,"event_name":"Golden Idol","player_choice":"Ignored","floor":3.0,"gold_loss":0.0,"damage_taken":0.0},{"damage_healed":0.0,"max_hp_gain":0.0,"max_hp_loss":0.0,"gold_gain":0.0,"event_name":"Liars Game","player_choice":"Ignored","floor":4.0,"gold_loss":0.0,"damage_taken":0.0},{"damage_healed":0.0,"max_hp_gain":0.0,"max_hp_loss":0.0,"gold_gain":0.0,"event_name":"The Woman in Blue","player_choice":"Bought 0 Potions","floor":12.0,"gold_loss":0.0,"damage_taken":0.0},{"damage_healed":0.0,"max_hp_gain":0.0,"max_hp_loss":0.0,"gold_gain":0.0,"cards_transformed":["Strike_R","Strike_R"],"event_name":"Drug Dealer","player_choice":"Became Test Subject","floor":20.0,"gold_loss":0.0,"damage_taken":0.0,"cards_obtained":["Feed","Rage"]},{"damage_healed":0,"gold_gain":0,"player_choice":"Ignored","damage_taken":0,"max_hp_gain":0,"max_hp_loss":0,"event_name":"WeMeetAgain","floor":22,"gold_loss":0},{"damage_healed":0,"gold_gain":0,"player_choice":"Fight","damage_taken":0,"max_hp_gain":0,"max_hp_loss":0,"event_name":"Colosseum","floor":29,"gold_loss":0},{"damage_healed":0,"gold_gain":0,"player_choice":"Fled From Nobs","damage_taken":0,"max_hp_gain":0,"max_hp_loss":0,"event_name":"Colosseum","floor":29,"gold_loss":0}],"is_beta":false,"boss_relics":[{"not_picked":["Ectoplasm","Lizard Tail","Tiny House"]}],"items_purged_floors":[19],"is_endless":false,"potions_floor_spawned":[5,11,16,23,25],"killed_by":"Automaton","ascension_level":1}