{"gold_per_floor":[114,28,28,28,49,93,93,116,140,140,171,222,15,33,33,153,153,153,103,103,103,103,103,103,103,103,103,103,103,103],"floor_reached":30,"playtime":1197,"items_purged":["Strike_B","Strike_B"],"score":486,"play_id":"6ce68595-b57f-4070-8751-0a734980d284","local_time":"20190416171742","is_ascension_mode":true,"campfire_choices":[{"data":"Coolheaded","floor":7,"key":"SMITH"},{"data":"Zap","floor":10,"key":"SMITH"},{"data":"Blizzard","floor":15,"key":"SMITH"},{"data":"Coolheaded","floor":23,"key":"SMITH"},{"data":"Electrodynamics","floor":25,"key":"SMITH"},{"data":"Chill","floor":28,"key":"SMITH"}],"neow_cost":"NONE","seed_source_timestamp":6234752299177,"circlet_count":0,"master_deck":["AscendersBane","Strike_B","Defend_B","Defend_B","Defend_B","Defend_B","Zap+1","Dualcast","Glacier","FTL","Coolheaded+1","Cold Snap","Seek","Ball Lightning","Double Energy","Ball Lightning","Chill+1","Blizzard+1","Cold Snap","Seek","Coolheaded+1","Necronomicurse","Electrodynamics+1","Double Energy","Coolheaded+1"],"relics":["Cracked Core","NeowsBlessing","Golden Idol","Smiling Mask","Regal Pillow","Dodecahedron","Orichalcum","Ectoplasm","Necronomicon","Mango","Meat on the Bone","Frozen Egg 2"],"potions_floor_usage":[24,30],"damage_taken":[{"damage":0,"enemies":"Jaw Worm","floor":1,"turns":1},{"damage":0,"enemies":"2 Louse","floor":5,"turns":1},{"damage":0,"enemies":"Gremlin Nob","floor":6,"turns":1},{"damage":0,"enemies":"Cultist","floor":8,"turns":3},{"damage":19,"enemies":"Lagavulin","floor":11,"turns":6},{"damage":1,"enemies":"Looter","floor":14,"turns":2},{"damage":17,"enemies":"The Guardian","floor":16,"turns":11},{"damage":0,"enemies":"Chosen","floor":18,"turns":4},{"damage":7,"enemies":"3 Byrds","floor":20,"turns":4},{"damage":11,"enemies":"Book of Stabbing","floor":24,"turns":7},{"damage":0,"enemies":"Gremlin Leader","floor":27,"turns":4},{"damage":9,"enemies":"Centurion and Healer","floor":29,"turns":5},{"damage":47,"enemies":"Book of Stabbing","floor":30,"turns":5}],"seed_played":"-8676201480288289481","potions_obtained":[{"floor":8,"key":"Dexterity Potion"},{"floor":11,"key":"Dexterity Potion"},{"floor":14,"key":"Weak Potion"},{"floor":24,"key":"FearPotion"}],"is_trial":false,"path_per_floor":["M","$","?","?","M","E","R","M","T","R","E","T","$","M","R","B",null,"M","$","M","?","?","R","E","R","T","E","R","M","E"],"character_chosen":"DEFECT","items_purchased":["FTL","Coolheaded","Ball Lightning","Chill","Blizzard"],"campfire_rested":0,"item_purchase_floors":[2,2,13,13,13],"current_hp_per_floor":[68,68,68,68,68,68,68,68,68,68,49,49,49,48,48,31,60,60,60,53,37,37,37,40,40,40,52,52,43,0],"gold":103,"neow_bonus":"THREE_ENEMY_KILL","is_prod":false,"is_daily":false,"chose_seed":false,"campfire_upgraded":6,"win_rate":0,"timestamp":1555445862,"path_taken":["M","$","?","?","M","E","R","M","T","R","E","?","$","?","R","BOSS","M","$","M","?","?","R","E","R","T","E","R","M","E"],"build_version":"2019-01-23","purchased_purges":2,"victory":false,"max_hp_per_floor":[75,75,69,69,69,69,69,69,69,69,69,69,69,69,69,69,69,69,69,69,69,69,69,83,83,83,83,83,83,83],"card_choices":[{"not_picked":["Hologram","Beam Cell"],"picked":"Glacier","floor":1},{"not_picked":["Recycle","Compile Driver"],"picked":"Cold Snap","floor":5},{"not_picked":["Leap","Go for the Eyes"],"picked":"Seek","floor":6},{"not_picked":["Conserve Battery","Beam Cell"],"picked":"Ball Lightning","floor":8},{"not_picked":["Barrage","Redo"],"picked":"Double Energy","floor":11},{"not_picked":["Streamline","Gash"],"picked":"Cold Snap","floor":14},{"not_picked":["Buffer","Reboot"],"picked":"Seek","floor":16},{"not_picked":["Go for the Eyes","Barrage","Stack"],"picked":"SKIP","floor":18},{"not_picked":["Stack+1","Compile Driver"],"picked":"Coolheaded","floor":20},{"not_picked":["BootSequence","Barrage"],"picked":"Electrodynamics","floor":24},{"not_picked":["Gash+1","Auto Shields"],"picked":"Double Energy","floor":27},{"not_picked":["Steam+1","Compile Driver"],"picked":"Coolheaded+1","floor":29}],"player_experience":644180,"relics_obtained":[{"floor":6,"key":"Smiling Mask"},{"floor":9,"key":"Regal Pillow"},{"floor":11,"key":"Dodecahedron"},{"floor":12,"key":"Orichalcum"},{"floor":21,"key":"Necronomicon"},{"floor":24,"key":"Mango"},{"floor":26,"key":"Meat on the Bone"},{"floor":27,"key":"Frozen Egg 2"}],"event_choices":[{"damage_healed":0,"gold_gain":0,"player_choice":"Lose Max HP","damage_taken":0,"relics_obtained":["Golden Idol"],"max_hp_gain":0,"max_hp_loss":6,"event_name":"Golden Idol","floor":3,"gold_loss":0},{"damage_healed":0,"gold_gain":0,"player_choice":"Ignored","damage_taken":0,"max_hp_gain":0,"max_hp_loss":0,"event_name":"Liars Game","floor":4,"gold_loss":0},{"damage_healed":0,"gold_gain":0,"player_choice":"Obtained Book","damage_taken":16,"max_hp_gain":0,"max_hp_loss":0,"event_name":"Cursed Tome","floor":21,"gold_loss":0},{"cards_removed":["Strike_B"],"damage_healed":0,"gold_gain":0,"player_choice":"Purged","damage_taken":0,"max_hp_gain":0,"max_hp_loss":0,"event_name":"Purifier","floor":22,"gold_loss":0}],"is_beta":false,"boss_relics":[{"not_picked":["Philosopher\u0027s Stone","Coffee Dripper"],"picked":"Ectoplasm"}],"items_purged_floors":[13,19],"is_endless":false,"potions_floor_spawned":[8,11,14,16,24,29],"killed_by":"Book of Stabbing","ascension_level":10}