{"gold_per_floor":[118,118,118,118,133,163,163,196,196,196,214,246,261,274,274,350,350,366,416,426,351,370,370,370,370],"floor_reached":25,"playtime":694,"items_purged":[],"score":480,"play_id":"9d7bee27-8301-40b2-bc47-edff2ec9f487","local_time":"20181217142435","is_ascension_mode":true,"campfire_choices":[{"data":"Barrage","floor":7,"key":"SMITH"},{"data":"Darkness","floor":10,"key":"SMITH"},{"floor":15,"key":"REST"},{"data":"Redo","floor":23,"key":"SMITH"}],"neow_cost":"NONE","seed_source_timestamp":14449165943850,"circlet_count":0,"master_deck":["AscendersBane","Strike_B","Strike_B","Strike_B","Defend_B","Defend_B","Defend_B","Defend_B","Zap+1","Dualcast","Chill","Sweeping Beam","Darkness+1","Barrage+1","Hologram","Hologram+1","Ball Lightning","BootSequence","Ball Lightning","Meteor Strike","Ball Lightning","Redo+1"],"relics":["Cracked Core","NeowsBlessing","Girya","Omamori","Shuriken","Bag of Preparation","Sozu"],"potions_floor_usage":[12,16],"damage_taken":[{"damage":0,"enemies":"2 Louse","floor":1,"turns":1},{"damage":0,"enemies":"Small Slimes","floor":5,"turns":1},{"damage":0,"enemies":"3 Sentries","floor":6,"turns":2},{"damage":21,"enemies":"Lagavulin","floor":8,"turns":6},{"damage":7,"enemies":"Jaw Worm","floor":11,"turns":3},{"damage":20,"enemies":"3 Sentries","floor":12,"turns":5},{"damage":2,"enemies":"Red Slaver","floor":13,"turns":3},{"damage":1,"enemies":"3 Louse","floor":14,"turns":2},{"damage":28,"enemies":"Slime Boss","floor":16,"turns":5},{"damage":0,"enemies":"2 Thieves","floor":18,"turns":3},{"damage":20,"enemies":"Spheric Guardian","floor":20,"turns":4},{"damage":37,"enemies":"Snake Plant","floor":22,"turns":5},{"damage":6,"enemies":"3 Cultists","floor":25,"turns":4}],"seed_played":"-7042764980902972649","potions_obtained":[{"floor":5,"key":"Explosive Potion"},{"floor":6,"key":"SneckoOil"},{"floor":13,"key":"Fire Potion"}],"is_trial":false,"path_per_floor":["M","?","?","?","M","E","R","E","T","R","M","E","M","M","R","B",null,"M","?","M","?","M","R","?","M"],"character_chosen":"DEFECT","items_purchased":[],"campfire_rested":1,"item_purchase_floors":[],"current_hp_per_floor":[64,64,69,69,69,69,69,48,48,48,41,21,19,18,40,12,60,60,60,40,40,3,3,3,0],"gold":370,"neow_bonus":"THREE_ENEMY_KILL","is_prod":false,"is_daily":false,"chose_seed":false,"campfire_upgraded":3,"win_rate":0,"timestamp":1545053075,"path_taken":["M","?","?","?","M","E","R","E","T","R","M","E","?","M","R","BOSS","M","?","M","?","M","R","?","?"],"build_version":"2018-12-13","purchased_purges":0,"victory":false,"max_hp_per_floor":[71,71,76,76,76,76,76,76,76,76,76,76,76,76,76,76,76,76,76,76,76,76,76,76,76],"card_choices":[{"not_picked":["Turbo","Gash"],"picked":"Chill","floor":1},{"not_picked":["Steam","Storm"],"picked":"Darkness","floor":5},{"not_picked":["Recycle","Consume"],"picked":"Barrage","floor":6},{"not_picked":["Multi-Cast","Go for the Eyes"],"picked":"Hologram","floor":8},{"not_picked":["Turbo","Stack"],"picked":"Hologram","floor":11},{"not_picked":["Seek","Tempest"],"picked":"Ball Lightning","floor":12},{"not_picked":["Stack","Coolheaded"],"picked":"BootSequence","floor":13},{"not_picked":["FTL","Turbo"],"picked":"Ball Lightning","floor":14},{"not_picked":["Machine Learning","Creative AI"],"picked":"Meteor Strike","floor":16},{"not_picked":["Genetic Algorithm","Steam"],"picked":"Ball Lightning","floor":18},{"not_picked":["Turbo+1","Tempest","Cold Snap"],"picked":"SKIP","floor":20},{"not_picked":["Streamline","Barrage"],"picked":"Redo","floor":22}],"player_experience":985572,"relics_obtained":[{"floor":6,"key":"Girya"},{"floor":8,"key":"Omamori"},{"floor":9,"key":"Shuriken"},{"floor":12,"key":"Bag of Preparation"}],"event_choices":[{"damage_healed":0,"gold_gain":0,"player_choice":"Grow","damage_taken":0,"max_hp_gain":0,"max_hp_loss":0,"event_name":"Living Wall","floor":2,"gold_loss":0,"cards_upgraded":["Zap"]},{"damage_healed":0,"gold_gain":0,"player_choice":"Donut","damage_taken":0,"max_hp_gain":5,"max_hp_loss":0,"event_name":"Big Fish","floor":3,"gold_loss":0},{"damage_healed":0,"gold_gain":0,"player_choice":"1 cards matched","damage_taken":0,"max_hp_gain":0,"max_hp_loss":0,"event_name":"Match and Keep!","floor":4,"gold_loss":0,"cards_obtained":["Sweeping Beam"]},{"damage_healed":0,"gold_gain":50,"player_choice":"Stole From Cult","damage_taken":0,"max_hp_gain":0,"max_hp_loss":0,"event_name":"Nest","floor":19,"gold_loss":0},{"cards_removed":["Strike_B"],"damage_healed":0,"gold_gain":0,"player_choice":"Gave Gold","damage_taken":0,"max_hp_gain":0,"max_hp_loss":0,"event_name":"Beggar","floor":21,"gold_loss":75},{"damage_healed":0,"gold_gain":0,"player_choice":"Forge","damage_taken":0,"max_hp_gain":0,"max_hp_loss":0,"event_name":"Accursed Blacksmith","floor":24,"gold_loss":0,"cards_upgraded":["Hologram"]}],"is_beta":false,"boss_relics":[{"not_picked":["White Beast Statue","Nuclear Battery"],"picked":"Sozu"}],"items_purged_floors":[],"is_endless":false,"potions_floor_spawned":[5,6,13,18,20],"killed_by":"3 Cultists","ascension_level":19}