{"gold_per_floor":[117,130,130,95,95,127,48,48,96,96,96,111,111,130,130,206,206,222,242,242,277,295,295,307,319,319,319,319,330,330,31,31,31],"floor_reached":33,"playtime":1215,"items_purged":["Strike_B+1"],"score":466,"play_id":"e15399eb-38e7-45f9-af85-133477048469","local_time":"20181126133733","is_ascension_mode":true,"campfire_choices":[{"floor":8,"key":"REST"},{"floor":11,"key":"REST"},{"data":"Biased Cognition","floor":13,"key":"SMITH"},{"data":"Coolheaded","floor":15,"key":"SMITH"},{"data":"Electrodynamics","floor":23,"key":"SMITH"},{"floor":30,"key":"REST"},{"floor":32,"key":"REST"}],"neow_cost":"NONE","seed_source_timestamp":9261635084391,"circlet_count":0,"master_deck":["AscendersBane","Defend_B","Defend_B","Defend_B","Defend_B+1","Zap","Dualcast","Biased Cognition+1","Sweeping Beam","Coolheaded+1","FTL","Doom and Gloom","Undo","Capacitor","Conserve Battery","Electrodynamics+1","Hello World+1","All For One+1","Coolheaded+1","Cold Snap","BootSequence+1","Ball Lightning","Ball Lightning","Ball Lightning","White Noise","Go for the Eyes"],"relics":["Cracked Core","Omamori","Blood Vial","Juzu Bracelet","Astrolabe","Red Mask","Mercury Hourglass","Art of War"],"potions_floor_usage":[6,16,21,28],"damage_taken":[{"damage":2,"enemies":"2 Louse","floor":1,"turns":2},{"damage":9,"enemies":"Jaw Worm","floor":2,"turns":4},{"damage":20,"enemies":"Lagavulin","floor":6,"turns":8},{"damage":0,"enemies":"Cultist","floor":12,"turns":3},{"damage":13,"enemies":"Exordium Wildlife","floor":14,"turns":6},{"damage":4,"enemies":"The Guardian","floor":16,"turns":11},{"damage":7,"enemies":"Chosen","floor":18,"turns":5},{"damage":7,"enemies":"2 Thieves","floor":19,"turns":4},{"damage":16,"enemies":"Masked Bandits","floor":21,"turns":4},{"damage":1,"enemies":"Chosen and Byrds","floor":22,"turns":4},{"damage":19,"enemies":"Shelled Parasite and Fungi","floor":24,"turns":6},{"damage":3,"enemies":"Snecko","floor":25,"turns":4},{"damage":17,"enemies":"Colosseum Slavers","floor":28,"turns":4},{"damage":5,"enemies":"Sentry and Sphere","floor":29,"turns":4},{"damage":48,"enemies":"Champ","floor":33,"turns":12}],"seed_played":"-8290266017863722194","potions_obtained":[{"floor":2,"key":"SneckoOil"},{"floor":6,"key":"EssenceOfSteel"},{"floor":14,"key":"SkillPotion"},{"floor":16,"key":"SkillPotion"},{"floor":21,"key":"Strength Potion"},{"floor":24,"key":"SpeedPotion"},{"floor":25,"key":"Ancient Potion"}],"is_trial":false,"path_per_floor":["M","M","?","?","?","E","$","R","T","?","R","M","R","M","R","B",null,"M","M","?","?","M","R","M","M","T","?","?","M","R","$","R","B"],"character_chosen":"DEFECT","items_purchased":["Doom and Gloom","Art of War","Go for the Eyes"],"campfire_rested":4,"item_purchase_floors":[7,31,31],"current_hp_per_floor":[62,53,32,49,23,3,3,24,24,24,45,47,47,36,36,34,62,57,52,52,38,39,39,22,21,21,21,6,3,24,24,45,0],"gold":31,"neow_bonus":"ONE_RANDOM_RARE_CARD","is_prod":false,"is_daily":false,"chose_seed":false,"campfire_upgraded":3,"win_rate":0,"timestamp":1543235853,"path_taken":["M","M","?","?","?","E","$","R","T","?","R","M","R","M","R","BOSS","M","M","?","?","M","R","M","M","T","?","?","M","R","?","R","BOSS"],"build_version":"2018-11-15","purchased_purges":1,"victory":false,"max_hp_per_floor":[71,71,71,71,71,71,71,71,71,71,71,71,71,71,71,71,71,71,71,71,71,71,71,71,71,71,71,71,71,71,71,71,71],"card_choices":[{"not_picked":["Go for the Eyes","Double Energy"],"picked":"Sweeping Beam","floor":1},{"not_picked":["BootSequence","Cold Snap"],"picked":"Coolheaded","floor":2},{"not_picked":["Darkness","Lockon"],"picked":"FTL","floor":6},{"not_picked":["Coolheaded","Streamline"],"picked":"Capacitor","floor":12},{"not_picked":["Rebound","Leap"],"picked":"Conserve Battery","floor":14},{"not_picked":["Seek","Multi-Cast"],"picked":"Electrodynamics","floor":16},{"not_picked":["Gash","Storm"],"picked":"Cold Snap","floor":18},{"not_picked":["Cold Snap","Beam Cell"],"picked":"BootSequence+1","floor":19},{"not_picked":["Leap","Steam"],"picked":"Ball Lightning","floor":21},{"not_picked":["Auto Shields","Genetic Algorithm"],"picked":"Ball Lightning","floor":22},{"not_picked":["Gash","Electrodynamics"],"picked":"White Noise","floor":24},{"not_picked":["Blizzard","Redo","Turbo"],"picked":"SKIP","floor":25},{"not_picked":["Beam Cell","Streamline","Multi-Cast"],"picked":"SKIP","floor":29}],"player_experience":867567,"relics_obtained":[{"floor":6,"key":"Blood Vial"},{"floor":9,"key":"Juzu Bracelet"},{"floor":21,"key":"Red Mask"},{"floor":26,"key":"Mercury Hourglass"}],"event_choices":[{"damage_healed":0,"gold_gain":0,"player_choice":"Entered Light","damage_taken":21,"max_hp_gain":0,"max_hp_loss":0,"event_name":"Shining Light","floor":3,"gold_loss":0,"cards_upgraded":["Strike_B","Defend_B"]},{"damage_healed":17,"gold_gain":0,"player_choice":"Healed","damage_taken":0,"max_hp_gain":0,"max_hp_loss":0,"event_name":"The Cleric","floor":4,"gold_loss":35},{"damage_healed":0,"gold_gain":0,"player_choice":"Success","damage_taken":26,"relics_obtained":["Omamori"],"max_hp_gain":0,"max_hp_loss":0,"event_name":"Scrap Ooze","floor":5,"gold_loss":0},{"damage_healed":0,"gold_gain":0,"player_choice":"1 cards matched","damage_taken":0,"max_hp_gain":0,"max_hp_loss":0,"event_name":"Match and Keep!","floor":10,"gold_loss":0,"cards_obtained":["Undo"]},{"damage_healed":0,"gold_gain":0,"player_choice":"Read","damage_taken":0,"max_hp_gain":0,"max_hp_loss":0,"event_name":"The Library","floor":20,"gold_loss":0,"cards_obtained":["Ball Lightning"]},{"damage_healed":0,"gold_gain":0,"player_choice":"Fought Bandits","damage_taken":0,"max_hp_gain":0,"max_hp_loss":0,"event_name":"Masked Bandits","floor":21,"gold_loss":0},{"damage_healed":0,"gold_gain":0,"player_choice":"Smashed Altar","damage_taken":0,"max_hp_gain":0,"max_hp_loss":0,"event_name":"Forgotten Altar","floor":27,"gold_loss":0,"cards_obtained":["Decay"]},{"damage_healed":0,"gold_gain":0,"player_choice":"Fight","damage_taken":0,"max_hp_gain":0,"max_hp_loss":0,"event_name":"Colosseum","floor":28,"gold_loss":0},{"damage_healed":0,"gold_gain":0,"player_choice":"Fled From Nobs","damage_taken":0,"max_hp_gain":0,"max_hp_loss":0,"event_name":"Colosseum","floor":28,"gold_loss":0}],"is_beta":false,"boss_relics":[{"not_picked":["Fusion Hammer","Runic Pyramid"],"picked":"Astrolabe"}],"items_purged_floors":[31],"is_endless":false,"potions_floor_spawned":[2,6,14,16,21,24,25,28],"killed_by":"Champ","ascension_level":18}