{"gold_per_floor":[14,14,14,28,28,28,53,53,53,83,83,108,108,141,141,141],"floor_reached":16,"playtime":415,"items_purged":[],"score":103,"play_id":"57f1a136-771c-4162-bfca-440b133b12c7","local_time":"20190324180852","is_ascension_mode":true,"campfire_choices":[{"data":"Body Slam","floor":6,"key":"SMITH"},{"floor":8,"key":"DIG"},{"floor":11,"key":"DIG"},{"data":"Body Slam","floor":13,"key":"SMITH"},{"floor":15,"key":"DIG"}],"neow_cost":"NO_GOLD","seed_source_timestamp":0,"circlet_count":0,"master_deck":["Strike_R","Strike_R","Strike_R","Strike_R","Strike_R","Defend_R","Defend_R","Defend_R","Defend_R","Bash","Body Slam+1","Body Slam+1"],"special_seed":0,"relics":["Burning Blood","Shovel","Golden Idol","Boot","Torii","Potion Belt","Happy Flower","Lantern","Turnip"],"potions_floor_usage":[12,14],"damage_taken":[{"damage":2,"enemies":"2 Louse","floor":1,"turns":3},{"damage":2,"enemies":"Small Slimes","floor":4,"turns":5},{"damage":6,"enemies":"Jaw Worm","floor":7,"turns":3},{"damage":1,"enemies":"Blue Slaver","floor":12,"turns":3},{"damage":12,"enemies":"3 Sentries","floor":14,"turns":13},{"damage":68,"enemies":"Hexaghost","floor":16,"turns":11}],"seed_played":"5290929485004463320","potions_obtained":[{"floor":7,"key":"GamblersBrew"},{"floor":12,"key":"EssenceOfSteel"}],"is_trial":false,"path_per_floor":["M","?","?","M","?","R","M","R","T","?","R","M","R","E","R","B"],"character_chosen":"IRONCLAD","items_purchased":[],"campfire_rested":0,"item_purchase_floors":[],"current_hp_per_floor":[80,85,64,68,68,68,68,68,68,68,68,73,73,67,67,0],"gold":141,"neow_bonus":"ONE_RARE_RELIC","is_prod":false,"is_daily":false,"chose_seed":false,"campfire_upgraded":2,"win_rate":0,"timestamp":1553476132,"path_taken":["M","?","?","M","?","R","M","R","T","?","R","?","R","E","R","BOSS"],"build_version":"2019-01-23","purchased_purges":0,"victory":false,"max_hp_per_floor":[80,85,85,85,85,85,85,85,85,85,85,85,85,85,85,85],"card_choices":[{"not_picked":["Warcry","Shockwave"],"picked":"Body Slam","floor":1},{"not_picked":["Havoc","Perfected Strike","Infernal Blade"],"picked":"SKIP","floor":4},{"not_picked":["Sentinel","Power Through","Blood for Blood"],"picked":"SKIP","floor":7},{"not_picked":["Wild Strike","Battle Trance"],"picked":"Body Slam","floor":12},{"not_picked":["Armaments","Infernal Blade","Brutality"],"picked":"SKIP","floor":14}],"player_experience":826627,"relics_obtained":[{"floor":8,"key":"Boot"},{"floor":9,"key":"Torii"},{"floor":11,"key":"Happy Flower"},{"floor":14,"key":"Lantern"},{"floor":15,"key":"Turnip"}],"event_choices":[{"damage_healed":0,"gold_gain":0,"player_choice":"Donut","damage_taken":0,"max_hp_gain":5,"max_hp_loss":0,"event_name":"Big Fish","floor":2,"gold_loss":0},{"damage_healed":0,"gold_gain":0,"player_choice":"Take Damage","damage_taken":21,"relics_obtained":["Golden Idol"],"max_hp_gain":0,"max_hp_loss":0,"event_name":"Golden Idol","floor":3,"gold_loss":0},{"damage_healed":0,"gold_gain":0,"player_choice":"Ignored","damage_taken":0,"max_hp_gain":0,"max_hp_loss":0,"event_name":"Liars Game","floor":5,"gold_loss":0},{"damage_healed":0,"gold_gain":30,"player_choice":"Searched \u00272\u0027 times","damage_taken":0,"relics_obtained":["Potion Belt"],"max_hp_gain":0,"max_hp_loss":0,"event_name":"Dead Adventurer","floor":10,"gold_loss":0}],"is_beta":false,"boss_relics":[],"items_purged_floors":[],"is_endless":false,"potions_floor_spawned":[7,12],"killed_by":"Hexaghost","ascension_level":1}