{"gold_per_floor":[209,227,240,240,240,240,240,240,291,323,7,7,22,22,22,99,99,116,116,127,107,107],"floor_reached":22,"playtime":688,"items_purged":[],"score":364,"play_id":"9a72cc18-94b8-4db1-a575-7151a1602ad5","local_time":"20190429005206","is_ascension_mode":true,"campfire_choices":[{"data":"Zap","floor":6,"key":"SMITH"},{"floor":8,"key":"REST"},{"data":"Static Discharge","floor":15,"key":"SMITH"}],"neow_cost":"NONE","seed_source_timestamp":784602042402857,"circlet_count":0,"master_deck":["AscendersBane","Strike_B","Strike_B","Strike_B","Defend_B","Defend_B","Defend_B","Defend_B","Zap+1","Dualcast","Lockon","Sweeping Beam","Static Discharge+1","Cold Snap","Core Surge","Go for the Eyes+1","Hologram"],"relics":["Cracked Core","Blue Candle","Strawberry","Juzu Bracelet","Runic Capacitor","Sozu"],"potions_floor_usage":[10,16,16],"damage_taken":[{"damage":4,"enemies":"Jaw Worm","floor":1,"turns":4},{"damage":15,"enemies":"Small Slimes","floor":2,"turns":3},{"damage":7,"enemies":"2 Louse","floor":3,"turns":2},{"damage":20,"enemies":"Lagavulin","floor":10,"turns":6},{"damage":9,"enemies":"Red Slaver","floor":13,"turns":3},{"damage":16,"enemies":"Hexaghost","floor":16,"turns":7},{"damage":18,"enemies":"Spheric Guardian","floor":18,"turns":5},{"damage":30,"enemies":"2 Thieves","floor":20,"turns":3},{"damage":18,"enemies":"Centurion and Healer","floor":22,"turns":1}],"seed_played":"-5152972860224889856","potions_obtained":[{"floor":3,"key":"SteroidPotion"},{"floor":13,"key":"AttackPotion"}],"is_trial":false,"path_per_floor":["M","M","M","?","?","R","?","R","T","E","$","?","M","?","R","B",null,"M","?","M","?","M"],"character_chosen":"DEFECT","items_purchased":["Runic Capacitor","Static Discharge","Poison Potion"],"campfire_rested":1,"item_purchase_floors":[11,11,11],"current_hp_per_floor":[60,45,38,33,38,38,31,53,60,40,40,40,31,31,31,15,66,48,40,10,10,0],"gold":107,"neow_bonus":"HUNDRED_GOLD","is_prod":false,"is_daily":false,"chose_seed":false,"campfire_upgraded":2,"win_rate":0,"timestamp":1556491926,"path_taken":["M","M","M","?","?","R","?","R","T","E","$","?","M","?","R","BOSS","M","?","M","?","M"],"build_version":"2019-01-23","purchased_purges":0,"victory":false,"max_hp_per_floor":[71,71,71,71,76,76,76,76,83,83,83,83,83,83,83,83,83,83,83,83,83,83],"card_choices":[{"not_picked":["Hologram","Double Energy"],"picked":"Lockon","floor":1},{"not_picked":["Leap","Stack","Redo"],"picked":"SKIP","floor":2},{"not_picked":["Heatsinks","Turbo","Stack"],"picked":"SKIP","floor":3},{"not_picked":["Chaos","Gash"],"picked":"Sweeping Beam","floor":10},{"not_picked":["Turbo","Sweeping Beam"],"picked":"Cold Snap","floor":13},{"not_picked":["Buffer","Machine Learning"],"picked":"Core Surge","floor":16},{"not_picked":["Conserve Battery","Redo"],"picked":"Go for the Eyes+1","floor":18},{"not_picked":["Conserve Battery","Gash"],"picked":"Hologram","floor":20}],"player_experience":871148,"relics_obtained":[{"floor":9,"key":"Strawberry"},{"floor":10,"key":"Juzu Bracelet"}],"event_choices":[{"damage_healed":0,"gold_gain":0,"player_choice":"Success","damage_taken":5,"relics_obtained":["Blue Candle"],"max_hp_gain":0,"max_hp_loss":0,"event_name":"Scrap Ooze","floor":4,"gold_loss":0},{"damage_healed":0,"gold_gain":0,"player_choice":"Donut","damage_taken":0,"max_hp_gain":5,"max_hp_loss":0,"event_name":"Big Fish","floor":5,"gold_loss":0},{"cards_removed":["Strike_B"],"damage_healed":0,"gold_gain":0,"player_choice":"Card Removal","damage_taken":7,"max_hp_gain":0,"max_hp_loss":0,"event_name":"Golden Wing","floor":7,"gold_loss":0},{"damage_healed":0,"gold_gain":0,"player_choice":"Leave","damage_taken":0,"max_hp_gain":0,"max_hp_loss":0,"event_name":"The Cleric","floor":12,"gold_loss":0},{"damage_healed":0,"gold_gain":0,"player_choice":"Ignored","damage_taken":0,"max_hp_gain":0,"max_hp_loss":0,"event_name":"Liars Game","floor":14,"gold_loss":0},{"damage_healed":0,"gold_gain":0,"player_choice":"","damage_taken":8,"max_hp_gain":0,"max_hp_loss":0,"event_name":"Knowing Skull","floor":19,"potions_obtained":[],"gold_loss":0,"cards_obtained":[]},{"damage_healed":0,"gold_gain":0,"player_choice":"Bought 1 Potion","damage_taken":0,"max_hp_gain":0,"max_hp_loss":0,"event_name":"The Woman in Blue","floor":21,"gold_loss":0}],"is_beta":false,"boss_relics":[{"not_picked":["FrozenCore","Inserter"],"picked":"Sozu"}],"items_purged_floors":[],"is_endless":false,"potions_floor_spawned":[3,13,20],"killed_by":"Centurion and Healer","ascension_level":20}