{"gold_per_floor":[114,134,146,160,160,203,219,239,239,239,239,272,272,287,287,413,413,429,413,413,73,91,124,49,62,62,62,62,62,62,106,106,225,225,244,49,149,172,19,19,58,58,105,143,143,156,156,156,156,156,156,156,106,106],"floor_reached":54,"playtime":7410,"items_purged":["Defend_R"],"score":1028,"play_id":"16f21d5b-7508-4d2c-a4f0-80a5f2981c53","local_time":"20190427170854","is_ascension_mode":true,"campfire_choices":[{"floor":10,"key":"REST"},{"floor":13,"key":"REST"},{"floor":15,"key":"REST"},{"data":"Apotheosis","floor":28,"key":"SMITH"},{"floor":32,"key":"REST"},{"floor":40,"key":"RECALL"},{"data":"Whirlwind","floor":42,"key":"SMITH"},{"data":"Flame Barrier","floor":45,"key":"SMITH"},{"data":"Barricade","floor":47,"key":"SMITH"},{"data":"Inflame","floor":49,"key":"SMITH"},{"data":"Uppercut","floor":52,"key":"SMITH"}],"neow_cost":"TEN_PERCENT_HP_LOSS","seed_source_timestamp":339363480534700,"circlet_count":0,"master_deck":["Defend_R","Bash","Battle Trance+1","Iron Wave","Pummel+1","Flame Barrier+1","Headbutt","Flame Barrier+1","Flame Barrier+1","Offering","Uppercut+1","Apotheosis+1","Inflame+1","Ghostly Armor","Bite","Bite","Bite","Bite","Bite","Whirlwind+1","Barricade+1","Body Slam","Ghostly Armor+1","Ghostly Armor+1"],"relics":["Burning Blood","Ginger","Golden Idol","Oddly Smooth Stone","Matryoshka","Art of War","Sozu","Singing Bowl","Dream Catcher","Smiling Mask","Coffee Dripper","OrangePellets","Bronze Scales","Molten Egg 2","Ancient Tea Set","War Paint","Mercury Hourglass"],"potions_floor_usage":[6,12,16,16],"damage_taken":[{"damage":6,"enemies":"Cultist","floor":1,"turns":4},{"damage":5,"enemies":"Small Slimes","floor":2,"turns":4},{"damage":4,"enemies":"Jaw Worm","floor":3,"turns":4},{"damage":9,"enemies":"Blue Slaver","floor":4,"turns":4},{"damage":35,"enemies":"Gremlin Nob","floor":6,"turns":6},{"damage":0,"enemies":"Large Slime","floor":7,"turns":5},{"damage":11,"enemies":"Lots of Slimes","floor":8,"turns":5},{"damage":17,"enemies":"Lagavulin","floor":12,"turns":13},{"damage":3,"enemies":"2 Fungi Beasts","floor":14,"turns":4},{"damage":21,"enemies":"The Guardian","floor":16,"turns":18},{"damage":8,"enemies":"Shell Parasite","floor":18,"turns":10},{"damage":6,"enemies":"2 Thieves","floor":19,"turns":4},{"damage":3,"enemies":"Chosen and Byrds","floor":22,"turns":6},{"damage":7,"enemies":"Book of Stabbing","floor":23,"turns":5},{"damage":16,"enemies":"Snecko","floor":25,"turns":5},{"damage":55,"enemies":"Gremlin Leader","floor":31,"turns":8},{"damage":43,"enemies":"Collector","floor":33,"turns":14},{"damage":0,"enemies":"3 Shapes","floor":35,"turns":6},{"damage":31,"enemies":"3 Darklings","floor":38,"turns":4},{"damage":10,"enemies":"Giant Head","floor":41,"turns":9},{"damage":33,"enemies":"Reptomancer","floor":44,"turns":7},{"damage":6,"enemies":"Sphere and 2 Shapes","floor":46,"turns":5},{"damage":28,"enemies":"Awakened One","floor":50,"turns":13},{"damage":75,"enemies":"Shield and Spear","floor":54,"turns":5}],"seed_played":"3799843915433917223","potions_obtained":[{"floor":1,"key":"Block Potion"},{"floor":4,"key":"Swift Potion"},{"floor":12,"key":"SkillPotion"},{"floor":14,"key":"Weak Potion"}],"is_trial":false,"path_per_floor":["M","M","M","M","?","E","M","M","T","R","?","E","R","M","R","B",null,"M","M","?","$","M","E","?","M","T","?","R","$","?","E","R","B",null,"M","$","?","M","$","R","E","R","T","E","R","M","R","?","R","B",null,"R","$","E"],"character_chosen":"IRONCLAD","items_purchased":["Apotheosis","Inflame","Ghostly Armor","OrangePellets","Bronze Scales"],"campfire_rested":4,"item_purchase_floors":[21,21,21,36,39],"current_hp_per_floor":[72,72,72,69,51,22,28,23,23,44,30,19,40,43,64,49,66,64,64,64,64,67,68,68,60,60,53,53,53,53,27,43,45,53,55,55,55,36,36,36,57,57,57,45,45,59,59,59,59,59,59,59,59,0],"gold":106,"neow_bonus":"ONE_RARE_RELIC","is_prod":false,"is_daily":false,"chose_seed":false,"campfire_upgraded":6,"win_rate":0,"timestamp":1556399334,"path_taken":["M","M","?","?","?","E","M","M","T","R","?","E","R","M","R","BOSS","M","M","?","$","M","E","?","M","T","?","R","$","?","E","R","BOSS","M","?","?","?","?","R","E","R","T","E","R","M","R","?","R","BOSS","R","$","E"],"build_version":"2019-01-23","purchased_purges":1,"victory":false,"max_hp_per_floor":[72,72,72,72,72,72,72,72,72,72,72,72,72,72,72,72,72,72,72,72,72,72,74,74,76,76,53,53,53,53,55,55,55,55,55,55,55,55,55,55,57,57,57,57,57,59,59,59,59,59,59,59,59,59],"card_choices":[{"not_picked":["Thunderclap","Clash"],"picked":"Battle Trance","floor":1},{"not_picked":["Warcry","Seeing Red"],"picked":"Iron Wave","floor":2},{"not_picked":["Brutality","Combust"],"picked":"Pummel","floor":3},{"not_picked":["Cleave","Spot Weakness"],"picked":"Flame Barrier","floor":4},{"not_picked":["Infernal Blade","Clash","Dark Embrace"],"picked":"SKIP","floor":6},{"not_picked":["Wild Strike","Heavy Blade"],"picked":"Headbutt","floor":7},{"not_picked":["Headbutt","Pommel Strike"],"picked":"Flame Barrier","floor":8},{"not_picked":["Anger","Clothesline"],"picked":"Flame Barrier","floor":12},{"not_picked":["Sword Boomerang","Rage","Anger"],"picked":"SKIP","floor":14},{"not_picked":["Brutality","Berserk"],"picked":"Offering","floor":16},{"not_picked":["Pummel","Clash"],"picked":"Uppercut","floor":18},{"not_picked":["Clash+1","Clothesline","Anger"],"picked":"SKIP","floor":19},{"not_picked":["Rupture+1","Seeing Red","Fire Breathing"],"picked":"SKIP","floor":22},{"not_picked":["True Grit","Fiend Fire","Body Slam+1"],"picked":"Singing Bowl","floor":23},{"not_picked":["Iron Wave","Twin Strike","Pummel+1"],"picked":"Singing Bowl","floor":25},{"not_picked":["Searing Blow","Armaments","Shrug It Off"],"picked":"Singing Bowl","floor":31},{"not_picked":["Ghostly Armor","Battle Trance"],"picked":"Whirlwind","floor":32},{"not_picked":["Immolate","Brutality"],"picked":"Barricade","floor":33},{"not_picked":["Rage+1","Warcry+1"],"picked":"Body Slam","floor":35},{"not_picked":["Dropkick+1","Anger+1"],"picked":"Ghostly Armor","floor":38},{"not_picked":["Spot Weakness","Armaments+1","Fire Breathing+1"],"picked":"Singing Bowl","floor":41},{"not_picked":["Clash+1","Headbutt+1"],"picked":"Ghostly Armor+1","floor":44},{"not_picked":["Wild Strike+1","Thunderclap+1","Havoc+1"],"picked":"Singing Bowl","floor":46}],"player_experience":228733,"relics_obtained":[{"floor":6,"key":"Oddly Smooth Stone"},{"floor":9,"key":"Matryoshka"},{"floor":12,"key":"Art of War"},{"floor":23,"key":"Singing Bowl"},{"floor":26,"key":"Dream Catcher"},{"floor":31,"key":"Smiling Mask"},{"floor":41,"key":"Molten Egg 2"},{"floor":43,"key":"Ancient Tea Set"},{"floor":43,"key":"War Paint"},{"floor":44,"key":"Mercury Hourglass"}],"event_choices":[{"damage_healed":0,"gold_gain":0,"player_choice":"Take Damage","damage_taken":18,"relics_obtained":["Golden Idol"],"max_hp_gain":0,"max_hp_loss":0,"event_name":"Golden Idol","floor":5,"gold_loss":0},{"damage_healed":0,"gold_gain":0,"player_choice":"Entered Light","damage_taken":14,"max_hp_gain":0,"max_hp_loss":0,"event_name":"Shining Light","floor":11,"gold_loss":0,"cards_upgraded":["Pummel","Flame Barrier"]},{"damage_healed":0,"gold_gain":0,"player_choice":"Ignored","damage_taken":0,"max_hp_gain":0,"max_hp_loss":0,"event_name":"Ghosts","floor":20,"gold_loss":0},{"cards_removed":["Defend_R"],"damage_healed":0,"gold_gain":0,"player_choice":"Gave Gold","damage_taken":0,"max_hp_gain":0,"max_hp_loss":0,"event_name":"Beggar","floor":24,"gold_loss":75},{"damage_healed":0,"gold_gain":0,"player_choice":"Became a vampire","damage_taken":0,"max_hp_gain":0,"max_hp_loss":23,"event_name":"Vampires","floor":27,"gold_loss":0,"cards_obtained":["Bite","Bite","Bite","Bite","Bite"]},{"damage_healed":0,"gold_gain":0,"player_choice":"Upgraded","damage_taken":0,"max_hp_gain":0,"max_hp_loss":0,"event_name":"Upgrade Shrine","floor":30,"gold_loss":0,"cards_upgraded":["Flame Barrier"]},{"damage_healed":0,"gold_gain":100,"player_choice":"Pray","damage_taken":0,"max_hp_gain":0,"max_hp_loss":0,"event_name":"Golden Shrine","floor":37,"gold_loss":0},{"cards_removed":["Defend_R"],"damage_healed":0,"gold_gain":0,"player_choice":"Offered Basic","damage_taken":0,"max_hp_gain":0,"max_hp_loss":0,"event_name":"Bonfire Elementals","floor":48,"gold_loss":0}],"is_beta":false,"boss_relics":[{"not_picked":["Busted Crown","Ectoplasm"],"picked":"Sozu"},{"not_picked":["Empty Cage","Eternal Feather"],"picked":"Coffee Dripper"}],"items_purged_floors":[53],"is_endless":false,"potions_floor_spawned":[1,4,12,14,18,22,23,35],"killed_by":"Shield and Spear","ascension_level":7}