{"gold_per_floor":[113,126,143,143,154,189,189,204,273,273,19,44,58,84,84,161,161,137,149,149,149,70,70,99,99,99,129,148,181,196,0,0,78,78,98,98,98,117,170,196,196,196],"floor_reached":42,"playtime":1824,"items_purged":[],"score":1008,"play_id":"da612371-e4e5-4344-8918-622370fecd17","local_time":"20190102201243","is_ascension_mode":true,"campfire_choices":[{"data":"Anger","floor":7.0,"key":"SMITH"},{"data":"Pommel Strike","floor":10.0,"key":"SMITH"},{"data":"True Grit","floor":15.0,"key":"SMITH"},{"data":"Reaper","floor":23.0,"key":"SMITH"},{"data":"Bash","floor":25.0,"key":"SMITH"},{"data":"Demon Form","floor":32.0,"key":"SMITH"},{"data":"Body Slam","floor":41.0,"key":"SMITH"}],"neow_cost":"NONE","seed_source_timestamp":0,"circlet_count":0,"master_deck":["AscendersBane","Strike_R+1","Strike_R+1","Defend_R+1","Defend_R+1","Defend_R+1","Defend_R+1","Bash+1","Anger+1","Pommel Strike+1","Flex","Flex","Infernal Blade","Twin Strike","Offering","Disarm","Pommel Strike","Flame Barrier","True Grit+1","Reaper+1","Sword Boomerang+1","Iron Wave+1","Exhume+1","Feel No Pain","Disarm","Demon Form+1","Spot Weakness+1","Apotheosis+1","Juggernaut","Power Through+1","Master of Strategy+1","Madness+1","Havoc+1","Body Slam+1"],"special_seed":0,"relics":["Burning Blood","NeowsBlessing","GremlinMask","Red Skull","Meat on the Bone","Calipers","Bag of Preparation","Astrolabe","Nilry\u0027s Codex","Pantograph","Bag of Marbles","Anchor","Toxic Egg 2","Philosopher\u0027s Stone","Juzu Bracelet","WingedGreaves"],"potions_floor_usage":[],"damage_taken":[{"damage":0.0,"enemies":"Cultist","floor":1.0,"turns":1.0},{"damage":0.0,"enemies":"Jaw Worm","floor":2.0,"turns":1.0},{"damage":0.0,"enemies":"Small Slimes","floor":3.0,"turns":1.0},{"damage":12.0,"enemies":"Exordium Wildlife","floor":5.0,"turns":5.0},{"damage":36.0,"enemies":"Gremlin Nob","floor":6.0,"turns":4.0},{"damage":18.0,"enemies":"Large Slime","floor":8.0,"turns":3.0},{"damage":18.0,"enemies":"Lagavulin","floor":12.0,"turns":4.0},{"damage":2.0,"enemies":"3 Louse","floor":13.0,"turns":3.0},{"damage":12.0,"enemies":"Gremlin Nob","floor":14.0,"turns":3.0},{"damage":13.0,"enemies":"Hexaghost","floor":16.0,"turns":7.0},{"damage":25.0,"enemies":"2 Thieves","floor":18.0,"turns":4.0},{"damage":35.0,"enemies":"Shell Parasite","floor":19.0,"turns":6.0},{"damage":19.0,"enemies":"Gremlin Leader","floor":24.0,"turns":6.0},{"damage":35.0,"enemies":"Book of Stabbing","floor":27.0,"turns":6.0},{"damage":0.0,"enemies":"Snake Plant","floor":28.0,"turns":4.0},{"damage":93.0,"enemies":"Slavers","floor":29.0,"turns":6.0},{"damage":6.0,"enemies":"Chosen and Byrds","floor":30.0,"turns":5.0},{"damage":27.0,"enemies":"Champ","floor":33.0,"turns":11.0},{"damage":1.0,"enemies":"3 Shapes","floor":35.0,"turns":5.0},{"damage":6.0,"enemies":"Orb Walker","floor":38.0,"turns":3.0},{"damage":48.0,"enemies":"Giant Head","floor":40.0,"turns":7.0},{"damage":107,"enemies":"Reptomancer","floor":42,"turns":4}],"seed_played":"3020605861110131784","potions_obtained":[{"floor":1.0,"key":"SkillPotion"},{"floor":5.0,"key":"Regen Potion"},{"floor":12.0,"key":"BloodPotion"},{"floor":13.0,"key":"Fruit Juice"},{"floor":14.0,"key":"Block Potion"},{"floor":19.0,"key":"Regen Potion"},{"floor":28.0,"key":"LiquidBronze"},{"floor":29.0,"key":"Poison Potion"},{"floor":30.0,"key":"BloodPotion"},{"floor":35.0,"key":"Weak Potion"}],"is_trial":false,"path_per_floor":["M","M","M","?","M","E","R","M","T","R","$","E","M","E","R","B",null,"M","M","?","?","$","R","E","R","T","E","M","E","M","$","R","B",null,"M","?","?","M","T","E","R","E"],"character_chosen":"IRONCLAD","items_purchased":["Offering","Disarm","Disarm","Apotheosis+1"],"campfire_rested":0,"item_purchase_floors":[11,11,22,31],"current_hp_per_floor":[74,75,75,75,69,44,44,32,32,32,32,32,48,47,47,52,73,54,58,58,37,37,37,80,80,80,63,69,19,46,46,46,50,73,78,73,80,80,80,58,58,0],"gold":196,"neow_bonus":"THREE_ENEMY_KILL","is_prod":false,"is_daily":false,"chose_seed":false,"campfire_upgraded":7,"win_rate":0,"timestamp":1546456363,"path_taken":["M","M","?","?","?","E","R","M","T","R","$","E","M","E","R","BOSS","M","M","?","?","$","R","E","R","T","E","M","E","M","?","R","BOSS","M","?","?","?","?","E","R","E"],"build_version":"2018-12-20","purchased_purges":0,"victory":false,"max_hp_per_floor":[75,75,75,75,75,75,75,75,75,75,75,75,75,80,80,80,80,80,80,80,80,80,80,80,80,80,80,80,80,80,80,80,80,80,80,80,80,80,80,80,80,80],"card_choices":[{"not_picked":["Reckless Charge","Entrench"],"picked":"Anger","floor":1.0},{"not_picked":["Heavy Blade","Power Through"],"picked":"Pommel Strike","floor":2.0},{"not_picked":["Fire Breathing","Heavy Blade"],"picked":"Flex","floor":3.0},{"not_picked":["Dual Wield","Wild Strike"],"picked":"Flex","floor":5.0},{"not_picked":["Dropkick","Blood for Blood"],"picked":"Infernal Blade","floor":6.0},{"not_picked":["Entrench","Sentinel"],"picked":"Twin Strike","floor":8.0},{"not_picked":["Clash","Clothesline"],"picked":"Pommel Strike","floor":12.0},{"not_picked":["Fiend Fire","Shrug It Off"],"picked":"Flame Barrier","floor":13.0},{"not_picked":["Clothesline","Havoc"],"picked":"True Grit","floor":14.0},{"not_picked":["Dark Embrace","Brutality"],"picked":"Reaper","floor":16.0},{"not_picked":["Perfected Strike","Iron Wave","Infernal Blade"],"picked":"SKIP","floor":18.0},{"not_picked":["Second Wind","Havoc"],"picked":"Feel No Pain","floor":19.0},{"not_picked":["Clash","True Grit","Reckless Charge"],"picked":"SKIP","floor":24.0},{"not_picked":["Headbutt","Searing Blow+1","Clothesline"],"picked":"SKIP","floor":27.0},{"not_picked":["Pommel Strike","Thunderclap","Anger"],"picked":"SKIP","floor":28.0},{"not_picked":["Flex","Bludgeon"],"picked":"Demon Form","floor":29.0},{"not_picked":["Warcry+1","Metallicize"],"picked":"Spot Weakness+1","floor":30.0},{"not_picked":["Feed","Immolate"],"picked":"Juggernaut","floor":33.0},{"not_picked":["Body Slam","Warcry+1"],"picked":"Power Through+1","floor":35.0},{"not_picked":["Forethought+1","Magnetism"],"picked":"Master of Strategy+1","floor":36.0},{"not_picked":["Secret Weapon+1","Deep Breath+1"],"picked":"Madness+1","floor":36.0},{"not_picked":["Flex+1","Inflame+1"],"picked":"Havoc+1","floor":38.0},{"not_picked":["Metallicize","Wild Strike"],"picked":"Body Slam","floor":40.0}],"player_experience":1094802,"relics_obtained":[{"floor":6.0,"key":"Red Skull"},{"floor":9.0,"key":"Meat on the Bone"},{"floor":12.0,"key":"Calipers"},{"floor":14.0,"key":"Bag of Preparation"},{"floor":21.0,"key":"Nilry\u0027s Codex"},{"floor":24.0,"key":"Pantograph"},{"floor":26.0,"key":"Bag of Marbles"},{"floor":27.0,"key":"Anchor"},{"floor":29.0,"key":"Toxic Egg 2"},{"floor":39.0,"key":"Juzu Bracelet"},{"floor":40.0,"key":"WingedGreaves"}],"event_choices":[{"damage_healed":0.0,"max_hp_gain":0.0,"max_hp_loss":0.0,"gold_gain":0.0,"event_name":"FaceTrader","player_choice":"Trade","floor":4.0,"gold_loss":0.0,"damage_taken":0.0,"relics_obtained":["GremlinMask"]},{"damage_healed":0.0,"max_hp_gain":0.0,"max_hp_loss":0.0,"gold_gain":0.0,"event_name":"Back to Basics","player_choice":"Simplicity","floor":20.0,"gold_loss":0.0,"damage_taken":0.0,"cards_upgraded":["Strike_R","Strike_R","Defend_R","Defend_R","Defend_R","Defend_R"]},{"damage_healed":0.0,"max_hp_gain":0.0,"max_hp_loss":0.0,"gold_gain":0.0,"event_name":"Cursed Tome","player_choice":"Obtained Book","floor":21.0,"gold_loss":0.0,"damage_taken":21.0},{"damage_healed":0.0,"max_hp_gain":0.0,"max_hp_loss":0.0,"gold_gain":0.0,"event_name":"SensoryStone","player_choice":"Memory 2","floor":36.0,"gold_loss":0.0,"damage_taken":5.0},{"damage_healed":7.0,"max_hp_gain":0.0,"max_hp_loss":0.0,"gold_gain":0.0,"event_name":"Wheel of Change","player_choice":"Full Heal","floor":37.0,"gold_loss":0.0,"damage_taken":0.0}],"is_beta":false,"boss_relics":[{"not_picked":["Coffee Dripper","Busted Crown"],"picked":"Astrolabe"},{"not_picked":["White Beast Statue","Runic Cube"],"picked":"Philosopher\u0027s Stone"}],"items_purged_floors":[],"is_endless":false,"potions_floor_spawned":[1,5,12,13,14,19,28,29,30,35,38],"killed_by":"Reptomancer","ascension_level":20}