{"gold_per_floor":[118,268,36,48,48,81,81,156,156,186,186,1,34,60,72,156,168,192,204,236,258,286,298,310,322,334,346],"floor_reached":27,"playtime":838,"items_purged":["Doubt"],"score":558,"play_id":"98c67929-483b-4ad7-8f39-f3dbb472e29b","local_time":"20190118135220","is_ascension_mode":true,"campfire_choices":[{"data":"Noxious Fumes","floor":7,"key":"SMITH"},{"floor":11,"key":"REST"},{"data":"Footwork","floor":15,"key":"SMITH"},{"floor":23,"key":"REST"},{"floor":25,"key":"REST"}],"neow_cost":"NONE","seed_source_timestamp":769111739263967,"circlet_count":0,"master_deck":["AscendersBane","Defend_G","Defend_G","Defend_G","Defend_G","Defend_G","Strike_G","Strike_G","Strike_G","Strike_G","Strike_G","Survivor","Neutralize","Dagger Spray","Noxious Fumes+1","After Image","Calculated Gamble","Footwork+1","Blur","Poisoned Stab","Deadly Poison","Corpse Explosion","Footwork","Bane","Well Laid Plans+1"],"relics":["Ring of the Snake","NeowsBlessing","Anchor","Pen Nib","Vajra","MawBank","Fusion Hammer","Bottled Flame"],"potions_floor_usage":[13,13,21,21,27,27],"damage_taken":[{"damage":0,"enemies":"Jaw Worm","floor":1,"turns":1},{"damage":0,"enemies":"Cultist","floor":4,"turns":1},{"damage":0,"enemies":"3 Sentries","floor":6,"turns":1},{"damage":37,"enemies":"Lagavulin","floor":10,"turns":10},{"damage":0,"enemies":"Gremlin Nob","floor":13,"turns":4},{"damage":0,"enemies":"2 Louse","floor":14,"turns":2},{"damage":15,"enemies":"The Guardian","floor":16,"turns":11},{"damage":2,"enemies":"3 Byrds","floor":18,"turns":3},{"damage":6,"enemies":"Shell Parasite","floor":20,"turns":6},{"damage":41,"enemies":"Cultist and Chosen","floor":21,"turns":6},{"damage":2,"enemies":"Centurion and Healer","floor":22,"turns":5},{"damage":40,"enemies":"Book of Stabbing","floor":27,"turns":5}],"seed_played":"7043023339952441605","potions_obtained":[{"floor":4,"key":"LiquidBronze"},{"floor":13,"key":"PowerPotion"},{"floor":14,"key":"Explosive Potion"},{"floor":21,"key":"LiquidBronze"},{"floor":22,"key":"EssenceOfSteel"}],"is_trial":false,"path_per_floor":["M","?","$","M","?","E","R","?","T","E","R","$","E","M","R","B",null,"M","$","M","M","M","R","?","R","T","E"],"character_chosen":"THE_SILENT","items_purchased":["Noxious Fumes","GhostInAJar","Footwork","Fire Potion","Blur"],"campfire_rested":3,"item_purchase_floors":[3,3,12,12,12],"current_hp_per_floor":[59,59,59,59,59,59,59,48,48,11,30,30,30,30,30,15,53,51,51,45,4,2,21,21,40,40,0],"gold":346,"neow_bonus":"THREE_ENEMY_KILL","is_prod":false,"is_daily":false,"chose_seed":false,"campfire_upgraded":2,"win_rate":0,"timestamp":1547815940,"path_taken":["M","?","$","M","?","E","R","?","T","E","R","$","E","?","R","BOSS","M","?","?","M","M","R","?","R","T","E"],"build_version":"2019-01-17v2","purchased_purges":1,"victory":false,"max_hp_per_floor":[66,66,66,66,66,66,66,66,66,66,66,66,66,66,66,66,66,66,66,66,66,66,66,66,66,66,66],"card_choices":[{"not_picked":["Poisoned Stab","Sucker Punch"],"picked":"Dagger Spray","floor":1},{"not_picked":["Expertise","Deflect","Tactician"],"picked":"SKIP","floor":4},{"not_picked":["Predator","Prepared"],"picked":"After Image","floor":6},{"not_picked":["Setup","Tactician"],"picked":"Calculated Gamble","floor":10},{"not_picked":["Endless Agony","Cloak And Dagger"],"picked":"Poisoned Stab","floor":13},{"not_picked":["Riddle With Holes","Dagger Spray"],"picked":"Deadly Poison","floor":14},{"not_picked":["Malaise","Wraith Form v2"],"picked":"Corpse Explosion","floor":16},{"not_picked":["Poisoned Stab","Cloak And Dagger"],"picked":"Footwork","floor":18},{"not_picked":["Slice","Blade Dance"],"picked":"Bane","floor":20},{"not_picked":["Setup","Finisher","Dagger Throw"],"picked":"SKIP","floor":21},{"not_picked":["Outmaneuver","Prepared"],"picked":"Well Laid Plans+1","floor":22}],"player_experience":1215682,"relics_obtained":[{"floor":6,"key":"Anchor"},{"floor":9,"key":"Pen Nib"},{"floor":10,"key":"Vajra"},{"floor":13,"key":"MawBank"},{"floor":26,"key":"Bottled Flame"}],"event_choices":[{"damage_healed":0,"gold_gain":150,"player_choice":"AGREE","damage_taken":0,"max_hp_gain":0,"max_hp_loss":0,"event_name":"Liars Game","floor":2,"gold_loss":0,"cards_obtained":["Doubt"]},{"damage_healed":0,"gold_gain":0,"player_choice":"Leave","damage_taken":0,"max_hp_gain":0,"max_hp_loss":0,"event_name":"The Cleric","floor":5,"gold_loss":0},{"damage_healed":0,"gold_gain":75,"player_choice":"Gather Gold","damage_taken":11,"max_hp_gain":0,"max_hp_loss":0,"event_name":"World of Goop","floor":8,"gold_loss":0},{"damage_healed":0,"gold_gain":0,"player_choice":"Ignored","damage_taken":0,"max_hp_gain":0,"max_hp_loss":0,"event_name":"Vampires","floor":24,"gold_loss":0}],"is_beta":false,"boss_relics":[{"not_picked":["Eternal Feather","White Beast Statue"],"picked":"Fusion Hammer"}],"items_purged_floors":[3],"is_endless":false,"potions_floor_spawned":[4,10,13,14,18,21,22],"killed_by":"Book of Stabbing","ascension_level":20}