{"path_per_floor":["M","?","?","M","M","E","?","?","T","R","M","M","?","E","R","B",null,"M","$","M","?","M","R","M","R","T","M","R","M","?","E","R","B",null,"M","?","M","M","?","R"],"character_chosen":"IRONCLAD","items_purchased":["Bottled Lightning","Armaments","Deep Breath","Reckless Charge","Armaments"],"gold_per_floor":[109,109,109,125,141,176,233,233,282,282,296,316,316,345,345,443,443,457,12,24,24,34,34,51,51,51,66,66,85,85,112,112,210,210,230,230,241,256,356,356],"floor_reached":41,"campfire_rested":3,"playtime":5139,"current_hp_per_floor":[79,79,61,65,71,50,53,53,53,79,58,62,62,62,62,40,98,83,83,73,73,65,65,64,64,64,48,81,79,79,97,97,31,121,124,108,92,57,57,95],"items_purged":["Normality"],"gold":356,"score":448,"play_id":"cc84bddd-cde8-44b4-9b3f-d55b00531cf9","is_prod":false,"is_daily":false,"is_ascension_mode":false,"campfire_upgraded":4,"path_taken":["M","?","?","M","?","E","?","?","T","R","?","M","?","E","R","BOSS","M","$","M","?","M","R","?","R","T","M","R","M","?","E","R","BOSS","M","?","M","?","?","R","E"],"build_version":"2018-02-15-PROD1","purchased_purges":1,"victory":false,"master_deck":["Strike_R+1","Strike_R+1","Strike_R+1","Strike_R+1","Strike_R+1","Defend_R+1","Defend_R+1","Defend_R+1","Defend_R+1","Bash","Uppercut","Rampage","Searing Blow+2","Metallicize","Double Tap","Twin Strike","Battle Trance","Regret","Headbutt","Feed","Disarm+1","Armaments+1","Deep Breath","Reckless Charge","Armaments+1","Warcry","Warcry+1","Warcry","Twin Strike+1","Thunderclap+1","Cleave","Bludgeon","Clothesline","Madness","Madness","Shrug It Off+1","Headbutt"],"max_hp_per_floor":[88,88,88,88,88,88,88,88,88,88,88,88,88,98,98,98,98,101,101,101,101,104,104,108,108,108,111,111,111,111,121,121,121,121,124,124,124,127,127,127],"relics":["Burning Blood","Pantograph","Letter Opener","The Courier","Bag of Preparation","Orichalcum","Pear","Sozu","Bottled Lightning","Magic Flower","Strawberry","Runic Cube"],"card_choices":[{"not_picked":["Headbutt","Thunderclap"],"picked":"Uppercut"},{"not_picked":["Iron Wave","Anger"],"picked":"Rampage"},{"not_picked":["Combust","Body Slam"],"picked":"Searing Blow"},{"not_picked":["Cleave","Clothesline"],"picked":"Metallicize"},{"not_picked":["Thunderclap","Flex"],"picked":"Double Tap"},{"not_picked":["Body Slam","Sever Soul"],"picked":"Twin Strike"},{"not_picked":["Heavy Blade","Infernal Blade"],"picked":"Battle Trance"},{"not_picked":["Warcry","Double Tap"],"picked":"Headbutt"},{"not_picked":["Barricade","Limit Break"],"picked":"Feed"},{"not_picked":["Rampage","True Grit"],"picked":"Disarm"},{"not_picked":["Thunderclap","True Grit"],"picked":"Warcry"},{"not_picked":["Fire Breathing","Body Slam"],"picked":"Warcry"},{"not_picked":["Flame Barrier","Body Slam"],"picked":"Warcry"},{"not_picked":["Thunderclap","Reckless Charge"],"picked":"Twin Strike"},{"not_picked":["Body Slam","Dual Wield"],"picked":"Thunderclap"},{"not_picked":["Limit Break","Feel No Pain"],"picked":"Cleave"},{"not_picked":["Demon Form","Offering"],"picked":"Bludgeon"},{"not_picked":["Twin Strike","Body Slam"],"picked":"Clothesline"},{"not_picked":["Thunderclap","Armaments"],"picked":"Shrug It Off"},{"not_picked":["Shrug It Off","Second Wind"],"picked":"Headbutt"}],"player_experience":137418,"potions_floor_usage":[6,7,12,16],"damage_taken":[{"damage":15,"enemies":"Jaw Worm","floor":1,"turns":5},{"damage":2,"enemies":"2 Louse","floor":4,"turns":4},{"damage":0,"enemies":"Cultist","floor":5,"turns":3},{"damage":27,"enemies":"Lagavulin","floor":6,"turns":6},{"damage":3,"enemies":"Gremlin Nob","floor":7,"turns":3},{"damage":27,"enemies":"Exordium Thugs","floor":11,"turns":6},{"damage":2,"enemies":"Blue Slaver","floor":12,"turns":4},{"damage":16,"enemies":"3 Sentries","floor":14,"turns":6},{"damage":53,"enemies":"The Guardian","floor":16,"turns":12},{"damage":24,"enemies":"3 Byrds","floor":18,"turns":6},{"damage":16,"enemies":"Spheric Guardian","floor":20,"turns":5},{"damage":17,"enemies":"Snecko","floor":22,"turns":5},{"damage":11,"enemies":"Centurion and Healer","floor":24,"turns":5},{"damage":30,"enemies":"Chosen and Byrds","floor":27,"turns":7},{"damage":11,"enemies":"Slaver and Parasite","floor":29,"turns":5},{"damage":3,"enemies":"Book of Stabbing","floor":31,"turns":5},{"damage":99,"enemies":"Automaton","floor":33,"turns":12},{"damage":9,"enemies":"Orb Walker","floor":35,"turns":3},{"damage":25,"enemies":"3 Darklings","floor":37,"turns":6},{"damage":49,"enemies":"4 Shapes","floor":38,"turns":5},{"damage":157,"enemies":"Giant Head","floor":41,"turns":10}],"event_choices":[{"event_name":"The Cleric","player_choice":"Leave","floor":2,"damage_taken":0},{"event_name":"Shining Light","player_choice":"Entered Light","floor":3,"damage_taken":0},{"event_name":"Dead Adventurer","player_choice":"Searched \u00271\u0027 times","floor":7,"damage_taken":0},{"event_name":"Accursed Blacksmith","player_choice":"Rummage","floor":8,"damage_taken":0},{"event_name":"Big Fish","player_choice":"Box","floor":13,"damage_taken":0},{"event_name":"Addict","player_choice":"Ignored","floor":21,"damage_taken":0},{"event_name":"Back to Basics","player_choice":"Simplicity","floor":30,"damage_taken":0},{"event_name":"Winding Halls","player_choice":"Embrace Madness","floor":36,"damage_taken":0},{"event_name":"Golden Shrine","player_choice":"Pray","floor":39,"damage_taken":0}],"boss_relics":[{"not_picked":["Cursed Key","Black Star"],"picked":"Sozu"},{"not_picked":["Question Card","Pandora\u0027s Box"],"picked":"Runic Cube"}],"potions_floor_spawned":[4,6,11,12,18,20,29],"seed_played":"-6008622250114210292","killed_by":"Giant Head","ascension_level":0,"is_trial":false}