{"gold_per_floor":[115,129,75,75,91,116,391,44,44,44,44,44],"floor_reached":12,"playtime":238,"items_purged":["Regret"],"score":152,"play_id":"767d6ceb-d078-4a40-8373-7e6c8913228e","local_time":"20190118135955","is_ascension_mode":true,"campfire_choices":[{"floor":11,"key":"REST"}],"neow_cost":"NONE","seed_source_timestamp":770168608021851,"circlet_count":0,"master_deck":["AscendersBane","Defend_G","Defend_G","Defend_G","Defend_G","Defend_G","Strike_G","Strike_G","Strike_G","Strike_G","Strike_G","Survivor","Neutralize","Dagger Spray","Sucker Punch","Dash","Glass Knife"],"relics":["Ring of the Snake","NeowsBlessing","Oddly Smooth Stone","Paper Crane"],"potions_floor_usage":[6,8],"damage_taken":[{"damage":0,"enemies":"Cultist","floor":1,"turns":1},{"damage":0,"enemies":"2 Louse","floor":2,"turns":1},{"damage":0,"enemies":"Jaw Worm","floor":5,"turns":1},{"damage":55,"enemies":"Gremlin Nob","floor":6,"turns":6},{"damage":50,"enemies":"Lagavulin","floor":12,"turns":9}],"seed_played":"-6372351457425441498","potions_obtained":[],"is_trial":false,"path_per_floor":["M","M","$","?","M","E","?","$","T","$","R","E"],"character_chosen":"THE_SILENT","items_purchased":["PowerPotion","Glass Knife","Fruit Juice"],"campfire_rested":1,"item_purchase_floors":[3,8,8],"current_hp_per_floor":[59,59,59,64,64,9,9,14,14,14,36,0],"gold":44,"neow_bonus":"THREE_ENEMY_KILL","is_prod":false,"is_daily":false,"chose_seed":false,"campfire_upgraded":0,"win_rate":0,"timestamp":1547816395,"path_taken":["M","M","$","?","M","E","?","$","T","$","R","E"],"build_version":"2019-01-17v2","purchased_purges":1,"victory":false,"max_hp_per_floor":[66,66,66,71,71,71,71,76,76,76,76,76],"card_choices":[{"not_picked":["Deflect","Dodge and Roll"],"picked":"Dagger Spray","floor":1},{"not_picked":["Outmaneuver","Blade Dance","Underhanded Strike"],"picked":"SKIP","floor":2},{"not_picked":["Dagger Throw","Bane"],"picked":"Sucker Punch","floor":5},{"not_picked":["Well Laid Plans","Slice"],"picked":"Dash","floor":6}],"player_experience":1216717,"relics_obtained":[{"floor":6,"key":"Oddly Smooth Stone"},{"floor":9,"key":"Paper Crane"}],"event_choices":[{"damage_healed":0,"gold_gain":0,"player_choice":"Donut","damage_taken":0,"max_hp_gain":5,"max_hp_loss":0,"event_name":"Big Fish","floor":4,"gold_loss":0},{"damage_healed":0,"gold_gain":275,"player_choice":"Desecrate","damage_taken":0,"max_hp_gain":0,"max_hp_loss":0,"event_name":"Golden Shrine","floor":7,"gold_loss":0,"cards_obtained":["Regret"]}],"is_beta":false,"boss_relics":[],"items_purged_floors":[8],"is_endless":false,"potions_floor_spawned":[],"killed_by":"Lagavulin","ascension_level":20}