{"gold_per_floor":[115,127,137,137,147,147,182,199,199,214,214,54,54,54,54,126,126,143,143,155,155,169,169,169],"floor_reached":24,"playtime":811,"items_purged":[],"score":396,"play_id":"da409283-7d1d-4a36-89bd-5f2b30f7f0fe","local_time":"20181226150225","is_ascension_mode":true,"campfire_choices":[{"data":"Dagger Spray","floor":6,"key":"SMITH"},{"data":"A Thousand Cuts","floor":11,"key":"SMITH"},{"floor":15,"key":"REST"},{"floor":23,"key":"REST"}],"neow_cost":"TEN_PERCENT_HP_LOSS","seed_source_timestamp":425476884206973,"circlet_count":0,"master_deck":["AscendersBane","Defend_G","Defend_G","Defend_G","Defend_G","Strike_G","Strike_G","Strike_G","Strike_G","Survivor","Neutralize","Flying Knee","Dagger Spray+1","Terror","A Thousand Cuts+1","Neutralize","Well Laid Plans","Footwork","Dodge and Roll","Corpse Explosion+1","PiercingWail","Writhe","Choke"],"relics":["Ring of the Snake","Pear","Boot","Potion Belt","Busted Crown","Pen Nib"],"potions_floor_usage":[16,18,24],"damage_taken":[{"damage":4,"enemies":"Small Slimes","floor":1,"turns":4},{"damage":0,"enemies":"Cultist","floor":2,"turns":4},{"damage":5,"enemies":"2 Louse","floor":3,"turns":3},{"damage":4,"enemies":"2 Fungi Beasts","floor":5,"turns":4},{"damage":19,"enemies":"3 Sentries","floor":7,"turns":4},{"damage":8,"enemies":"Large Slime","floor":8,"turns":5},{"damage":5,"enemies":"3 Louse","floor":10,"turns":3},{"damage":20,"enemies":"Hexaghost","floor":16,"turns":9},{"damage":13,"enemies":"Shell Parasite","floor":18,"turns":5},{"damage":13,"enemies":"Spheric Guardian","floor":20,"turns":7},{"damage":10,"enemies":"Cultist and Chosen","floor":22,"turns":4},{"damage":45,"enemies":"Gremlin Leader","floor":24,"turns":2}],"seed_played":"1787357017184033671","potions_obtained":[{"floor":2,"key":"EssenceOfSteel"},{"floor":8,"key":"Block Potion"},{"floor":10,"key":"LiquidBronze"},{"floor":18,"key":"Poison Potion"}],"is_trial":false,"path_per_floor":["M","M","M","?","M","R","E","M","T","M","R","$","?","?","R","B",null,"M","?","M","?","M","R","E"],"character_chosen":"THE_SILENT","items_purchased":["Potion Belt"],"campfire_rested":2,"item_purchase_floors":[12],"current_hp_per_floor":[55,55,50,50,46,46,37,29,29,24,24,24,24,24,45,25,59,46,46,33,33,23,44,0],"gold":169,"neow_bonus":"REMOVE_TWO","is_prod":false,"is_daily":false,"chose_seed":false,"campfire_upgraded":2,"win_rate":0,"timestamp":1545832945,"path_taken":["M","M","M","?","?","R","E","M","T","M","R","$","?","?","R","BOSS","M","?","M","?","?","R","E"],"build_version":"2018-12-20","purchased_purges":0,"victory":false,"max_hp_per_floor":[60,60,60,60,60,60,70,70,70,70,70,70,70,70,70,70,70,70,70,70,70,70,70,70],"card_choices":[{"not_picked":["Quick Slash","Deflect"],"picked":"Flying Knee","floor":1},{"not_picked":["Blade Dance","Predator"],"picked":"Dagger Spray","floor":2},{"not_picked":["Tactician","PiercingWail"],"picked":"Terror","floor":3},{"not_picked":["Dagger Spray","Blur"],"picked":"Well Laid Plans","floor":5},{"not_picked":["Leg Sweep","PiercingWail"],"picked":"Footwork","floor":7},{"not_picked":["Bane","Reflex","Outmaneuver"],"picked":"SKIP","floor":8},{"not_picked":["Crippling Poison","Accuracy"],"picked":"Dodge and Roll","floor":10},{"not_picked":["Burst","Adrenaline"],"picked":"Corpse Explosion","floor":16},{"not_picked":[],"picked":"PiercingWail","floor":18},{"not_picked":["Backflip"],"picked":"SKIP","floor":20},{"not_picked":[],"picked":"Choke","floor":22}],"player_experience":1029953,"relics_obtained":[{"floor":7,"key":"Pear"},{"floor":9,"key":"Boot"}],"event_choices":[{"damage_healed":0,"gold_gain":0,"player_choice":"2 cards matched","damage_taken":0,"max_hp_gain":0,"max_hp_loss":0,"event_name":"Match and Keep!","floor":4,"gold_loss":0,"cards_obtained":["A Thousand Cuts","Neutralize"]},{"damage_healed":0,"gold_gain":0,"player_choice":"Ignored","damage_taken":0,"max_hp_gain":0,"max_hp_loss":0,"event_name":"Shining Light","floor":13,"gold_loss":0},{"damage_healed":0,"gold_gain":0,"player_choice":"Ignored","damage_taken":0,"max_hp_gain":0,"max_hp_loss":0,"event_name":"Liars Game","floor":14,"gold_loss":0},{"damage_healed":0,"gold_gain":0,"player_choice":"Opened","damage_taken":0,"relics_obtained":["Pen Nib"],"max_hp_gain":0,"max_hp_loss":0,"event_name":"The Mausoleum","floor":19,"gold_loss":0,"cards_obtained":["Writhe"]},{"damage_healed":0,"gold_gain":0,"player_choice":"Forge","damage_taken":0,"max_hp_gain":0,"max_hp_loss":0,"event_name":"Accursed Blacksmith","floor":21,"gold_loss":0,"cards_upgraded":["Corpse Explosion"]}],"is_beta":false,"boss_relics":[{"not_picked":["Fusion Hammer","Coffee Dripper"],"picked":"Busted Crown"}],"items_purged_floors":[],"is_endless":false,"potions_floor_spawned":[2,8,10,18],"killed_by":"Gremlin Leader","ascension_level":20}