{"gold_per_floor":[116,66,81,97,108,140,140,140,140,140,155,174,249,262,262,362,362,376,390,390,406,420,420,432,432,487,487,487,487,501,501],"floor_reached":31,"playtime":2839,"items_purged":[],"score":241,"play_id":"5d89e5de-fa48-4bb5-b3c2-c64f467e6d83","local_time":"20190207164435","is_ascension_mode":false,"campfire_choices":[{"data":"Neutralize","floor":7,"key":"SMITH"},{"data":"Survivor","floor":10,"key":"SMITH"},{"data":"Backflip","floor":15,"key":"SMITH"},{"data":"Adrenaline","floor":23,"key":"SMITH"},{"floor":25,"key":"REST"},{"floor":27,"key":"REST"},{"data":"Backflip","floor":29,"key":"SMITH"}],"neow_cost":"NONE","seed_source_timestamp":12540239953315,"circlet_count":0,"master_deck":["Defend_G","Defend_G","Defend_G","Defend_G","Defend_G","Strike_G","Strike_G","Strike_G","Strike_G","Survivor+1","Neutralize+1","Slice","Backflip+1","Dagger Throw","Slice","Finisher","Poisoned Stab","Backflip+1","Adrenaline+1","Quick Slash","Dash+1","Deadly Poison+1","All Out Attack","Quick Slash+1","PiercingWail","Bane"],"relics":["Ring of the Snake","Darkstone Periapt","Ornamental Fan","WristBlade","Dream Catcher"],"potions_floor_usage":[6,14,16,16,16,30],"damage_taken":[{"damage":1,"enemies":"Jaw Worm","floor":1,"turns":7},{"damage":0,"enemies":"Cultist","floor":3,"turns":4},{"damage":0,"enemies":"2 Louse","floor":4,"turns":4},{"damage":0,"enemies":"2 Fungi Beasts","floor":5,"turns":3},{"damage":14,"enemies":"Gremlin Nob","floor":6,"turns":4},{"damage":0,"enemies":"3 Louse","floor":11,"turns":3},{"damage":0,"enemies":"Red Slaver","floor":12,"turns":3},{"damage":3,"enemies":"Exordium Wildlife","floor":14,"turns":4},{"damage":25,"enemies":"The Guardian","floor":16,"turns":18},{"damage":6,"enemies":"2 Thieves","floor":18,"turns":4},{"damage":17,"enemies":"Chosen","floor":19,"turns":5},{"damage":5,"enemies":"Snecko","floor":21,"turns":5},{"damage":7,"enemies":"Centurion and Healer","floor":22,"turns":7},{"damage":17,"enemies":"Snake Plant","floor":24,"turns":4},{"damage":8,"enemies":"Shelled Parasite and Fungi","floor":30,"turns":5},{"damage":66,"enemies":"Gremlin Leader","floor":31,"turns":6}],"seed_played":"1857561160302961174","potions_obtained":[{"floor":0,"key":"EntropicBrew"},{"floor":0,"key":"FearPotion"},{"floor":0,"key":"SneckoOil"},{"floor":6,"key":"Regen Potion"},{"floor":11,"key":"Fire Potion"},{"floor":12,"key":"Block Potion"},{"floor":14,"key":"SkillPotion"},{"floor":24,"key":"AttackPotion"}],"is_trial":false,"path_per_floor":["?","?","M","?","?","?"],"character_chosen":"THE_SILENT","items_purchased":[],"campfire_rested":2,"item_purchase_floors":[],"current_hp_per_floor":[69,69,69,69,69,55,55,61,61,61,61,61,50,47,47,37,76,70,53,53,48,41,41,24,46,46,68,68,68,60,0],"gold":501,"neow_bonus":"THREE_SMALL_POTIONS","is_prod":false,"is_daily":false,"chose_seed":false,"campfire_upgraded":5,"win_rate":0.0,"timestamp":1549532675,"path_taken":["M","?","M","M","M","E","R","?","T","R","?","M","?","M","R","BOSS","M","M","?","M","M","R","M","R","T","R","?","R","M","E"],"build_version":"2019-01-23","purchased_purges":0,"victory":false,"max_hp_per_floor":[70,70,70,70,70,70,70,76,76,76,76,76,76,76,76,76,76,76,76,76,76,76,76,76,76,76,76,76,76,76,76],"card_choices":[{"not_picked":["Acrobatics","Skewer"],"picked":"Slice","floor":1},{"not_picked":["PiercingWail","Catalyst"],"picked":"Backflip","floor":3},{"not_picked":["Bane","Slice"],"picked":"Dagger Throw","floor":4},{"not_picked":["Deadly Poison","Dodge and Roll"],"picked":"Slice","floor":5},{"not_picked":["Dagger Throw","Venomology"],"picked":"Finisher","floor":6},{"not_picked":["All Out Attack","Blade Dance"],"picked":"Poisoned Stab","floor":11},{"not_picked":["Skewer","Malaise"],"picked":"Backflip","floor":12},{"not_picked":["Blade Dance","Endless Agony","Deadly Poison"],"picked":"SKIP","floor":14},{"not_picked":["After Image","A Thousand Cuts"],"picked":"Adrenaline","floor":16},{"not_picked":["Crippling Poison","Bane"],"picked":"Quick Slash","floor":18},{"not_picked":["Crippling Poison","Catalyst+1"],"picked":"Dash+1","floor":19},{"not_picked":["Sucker Punch","Poisoned Stab"],"picked":"Deadly Poison+1","floor":21},{"not_picked":["Bouncing Flask+1","Heel Hook"],"picked":"All Out Attack","floor":22},{"not_picked":["Acrobatics+1","Dash"],"picked":"Quick Slash+1","floor":24},{"not_picked":["Caltrops","Backflip"],"picked":"PiercingWail","floor":27},{"not_picked":["Catalyst","Acrobatics"],"picked":"Bane","floor":30}],"player_experience":32990,"relics_obtained":[{"floor":6,"key":"Darkstone Periapt"},{"floor":9,"key":"Ornamental Fan"},{"floor":26,"key":"Dream Catcher"}],"event_choices":[{"cards_removed":["Strike_G"],"damage_healed":0,"gold_gain":0,"player_choice":"Card Removal","damage_taken":0,"max_hp_gain":0,"max_hp_loss":0,"event_name":"The Cleric","floor":2,"gold_loss":50},{"damage_healed":0,"gold_gain":0,"player_choice":"Cursed","damage_taken":0,"max_hp_gain":0,"max_hp_loss":0,"event_name":"Wheel of Change","floor":8,"gold_loss":0,"cards_obtained":["Decay"]},{"damage_healed":0,"gold_gain":75,"player_choice":"Gather Gold","damage_taken":11,"max_hp_gain":0,"max_hp_loss":0,"event_name":"World of Goop","floor":13,"gold_loss":0},{"damage_healed":0,"gold_gain":0,"player_choice":"Ignored","damage_taken":0,"max_hp_gain":0,"max_hp_loss":0,"event_name":"Ghosts","floor":20,"gold_loss":0},{"cards_removed":["Decay"],"damage_healed":0,"gold_gain":0,"player_choice":"Removed Curses","damage_taken":0,"max_hp_gain":0,"max_hp_loss":0,"event_name":"Fountain of Cleansing","floor":28,"gold_loss":0}],"is_beta":false,"boss_relics":[{"not_picked":["Astrolabe","Busted Crown"],"picked":"WristBlade"}],"items_purged_floors":[],"is_endless":false,"potions_floor_spawned":[6,11,12,14,24],"killed_by":"Gremlin Leader","ascension_level":0}