{"gold_per_floor":[112,112,112,40,50,50,50,78,104,104,122,157,175,209,209,308,308,319,244,96,116,149,149,28,53,53,53,83,100,100,111,111,209,209,227,227,227,238,248,248,275,275,275,275,302,352,68,68,68,68],"floor_reached":51,"playtime":4109,"items_purged":["Strike_G","Parasite"],"score":1341,"play_id":"2f418792-2b4f-4874-8d61-acfb3df022b7","local_time":"20190420144801","is_ascension_mode":true,"campfire_choices":[{"data":"Backstab","floor":6,"key":"SMITH"},{"data":"Footwork","floor":10,"key":"SMITH"},{"floor":15,"key":"REST"},{"data":"Corpse Explosion","floor":23,"key":"SMITH"},{"data":"Noxious Fumes","floor":30,"key":"SMITH"},{"floor":32,"key":"REST"},{"data":"Wraith Form v2","floor":40,"key":"SMITH"},{"data":"Footwork","floor":42,"key":"SMITH"},{"data":"Neutralize","floor":44,"key":"SMITH"},{"data":"Die Die Die","floor":49,"key":"SMITH"}],"neow_cost":"NONE","seed_source_timestamp":573608658453,"circlet_count":0,"master_deck":["AscendersBane","Defend_G","Defend_G","Defend_G","Defend_G+1","Defend_G+1","Strike_G","Survivor","Neutralize+1","Backstab+1","Backstab+1","Footwork+1","Leg Sweep","Leg Sweep","Blur","Cloak And Dagger","Blur","Corpse Explosion+1","Poisoned Stab","Acrobatics","Deflect","Backflip","Prepared+1","Noxious Fumes+1","PiercingWail","Footwork+1","Deflect","PiercingWail","Wraith Form v2+1","Deflect+1","Noxious Fumes+1","Blur+1","Catalyst+1","Dodge and Roll","Die Die Die+1"],"relics":["Ring of the Snake","Darkstone Periapt","Ancient Tea Set","War Paint","Oddly Smooth Stone","Cursed Key","Red Mask","Bottled Tornado","Mummified Hand","Anchor","Empty Cage","Centennial Puzzle","Sundial","Bag of Preparation","Peace Pipe"],"potions_floor_usage":[13,46],"damage_taken":[{"damage":0,"enemies":"Jaw Worm","floor":1,"turns":5},{"damage":0,"enemies":"Small Slimes","floor":5,"turns":3},{"damage":25,"enemies":"Lagavulin","floor":8,"turns":13},{"damage":0,"enemies":"Cultist","floor":11,"turns":3},{"damage":37,"enemies":"Gremlin Nob","floor":12,"turns":6},{"damage":2,"enemies":"Large Slime","floor":13,"turns":14},{"damage":10,"enemies":"3 Sentries","floor":14,"turns":21},{"damage":8,"enemies":"The Guardian","floor":16,"turns":41},{"damage":0,"enemies":"3 Byrds","floor":18,"turns":5},{"damage":2,"enemies":"Spheric Guardian","floor":21,"turns":7},{"damage":18,"enemies":"Masked Bandits","floor":22,"turns":6},{"damage":0,"enemies":"Slavers","floor":25,"turns":3},{"damage":5,"enemies":"Gremlin Leader","floor":28,"turns":10},{"damage":6,"enemies":"Snake Plant","floor":29,"turns":6},{"damage":2,"enemies":"Snecko","floor":31,"turns":6},{"damage":8,"enemies":"Automaton","floor":33,"turns":15},{"damage":0,"enemies":"3 Shapes","floor":35,"turns":4},{"damage":0,"enemies":"Orb Walker","floor":38,"turns":4},{"damage":0,"enemies":"4 Shapes","floor":39,"turns":5},{"damage":8,"enemies":"Giant Head","floor":41,"turns":13},{"damage":0,"enemies":"Nemesis","floor":45,"turns":11},{"damage":3,"enemies":"2 Orb Walkers","floor":46,"turns":9},{"damage":2,"enemies":"Awakened One","floor":50,"turns":19}],"seed_played":"7596014832123033529","potions_obtained":[{"floor":1,"key":"SpeedPotion"},{"floor":5,"key":"Energy Potion"},{"floor":14,"key":"Fire Potion"}],"is_trial":false,"path_per_floor":["M","?","?","$","M","R","?","E","T","R","M","E","M","E","R","B",null,"M","?","$","M","?","R","$","E","T","?","E","M","R","M","R","B",null,"M","?","?","M","M","R","E","R","T","R","E","?","$","?","R","B",null],"character_chosen":"THE_SILENT","items_purchased":["Backstab","Acrobatics","Deflect","Noxious Fumes","PiercingWail","Dodge and Roll","Die Die Die"],"campfire_rested":2,"item_purchase_floors":[4,20,20,24,24,47,47],"current_hp_per_floor":[70,75,75,75,75,75,75,50,50,50,50,13,11,1,25,17,66,66,66,66,64,46,46,46,46,52,52,47,41,41,39,65,57,80,80,80,80,80,80,80,72,72,78,78,78,75,75,75,75,73],"gold":68,"neow_bonus":"TEN_PERCENT_HP_BONUS","is_prod":false,"is_daily":false,"chose_seed":false,"campfire_upgraded":8,"win_rate":0,"timestamp":1555782481,"path_taken":["M","?","?","$","M","R","?","E","T","R","M","E","M","E","R","BOSS","M","?","$","M","?","R","$","E","T","?","E","M","R","M","R","BOSS","M","?","?","M","?","R","E","R","T","R","E","?","$","?","R","BOSS"],"build_version":"2019-01-23","purchased_purges":2,"victory":true,"max_hp_per_floor":[77,82,82,82,82,82,82,82,82,82,82,82,82,82,82,82,82,82,82,82,82,82,82,82,82,88,88,88,88,88,88,88,88,88,88,88,88,88,88,88,88,88,94,94,94,94,91,91,91,91],"card_choices":[{"not_picked":["Skewer","Bane"],"picked":"Backstab","floor":1},{"not_picked":["Crippling Poison","Slice"],"picked":"Footwork","floor":5},{"not_picked":["Concentrate","Quick Slash"],"picked":"Leg Sweep","floor":8},{"not_picked":["Sucker Punch","Reflex"],"picked":"Leg Sweep","floor":11},{"not_picked":["Cloak And Dagger","Deflect"],"picked":"Blur","floor":12},{"not_picked":["Masterful Stab","Setup"],"picked":"Cloak And Dagger","floor":13},{"not_picked":["Outmaneuver","Calculated Gamble"],"picked":"Blur","floor":14},{"not_picked":["Doppelganger","Malaise"],"picked":"Corpse Explosion","floor":16},{"not_picked":["Cloak And Dagger","Outmaneuver+1"],"picked":"Poisoned Stab","floor":18},{"not_picked":["Deadly Poison","Bullet Time"],"picked":"Backflip","floor":21},{"not_picked":["Outmaneuver","Quick Slash"],"picked":"Prepared+1","floor":22},{"not_picked":["Sucker Punch","Tools of the Trade","Masterful Stab"],"picked":"SKIP","floor":25},{"not_picked":["Escape Plan","Quick Slash"],"picked":"Footwork","floor":28},{"not_picked":["Distraction","Prepared"],"picked":"Deflect","floor":29},{"not_picked":["Quick Slash","Prepared"],"picked":"PiercingWail","floor":31},{"not_picked":["Unload","Grand Finale"],"picked":"Wraith Form v2","floor":33},{"not_picked":["Dodge and Roll","Slice"],"picked":"Deflect+1","floor":35},{"not_picked":["Sucker Punch+1","Dagger Throw+1"],"picked":"Blur+1","floor":38},{"not_picked":["Outmaneuver","Slice","Blade Dance"],"picked":"SKIP","floor":39},{"not_picked":["Terror+1","Finisher+1","Expertise"],"picked":"SKIP","floor":41},{"not_picked":["Bane","Outmaneuver"],"picked":"Catalyst+1","floor":45}],"player_experience":678870,"relics_obtained":[{"floor":8,"key":"Darkstone Periapt"},{"floor":9,"key":"Ancient Tea Set"},{"floor":12,"key":"War Paint"},{"floor":14,"key":"Oddly Smooth Stone"},{"floor":22,"key":"Red Mask"},{"floor":25,"key":"Bottled Tornado"},{"floor":26,"key":"Mummified Hand"},{"floor":28,"key":"Anchor"},{"floor":41,"key":"Centennial Puzzle"},{"floor":43,"key":"Sundial"},{"floor":45,"key":"Bag of Preparation"},{"floor":46,"key":"Peace Pipe"}],"event_choices":[{"damage_healed":0,"gold_gain":0,"player_choice":"Donut","damage_taken":0,"max_hp_gain":5,"max_hp_loss":0,"event_name":"Big Fish","floor":2,"gold_loss":0},{"damage_healed":0,"gold_gain":0,"player_choice":"Grow","damage_taken":0,"max_hp_gain":0,"max_hp_loss":0,"event_name":"Living Wall","floor":3,"gold_loss":0,"cards_upgraded":["Backstab"]},{"cards_removed":["Strike_G"],"damage_healed":0,"gold_gain":0,"player_choice":"Offered Basic","damage_taken":0,"max_hp_gain":0,"max_hp_loss":0,"event_name":"Bonfire Elementals","floor":7,"gold_loss":0},{"cards_removed":["Strike_G"],"damage_healed":0,"gold_gain":0,"player_choice":"Gave Gold","damage_taken":0,"max_hp_gain":0,"max_hp_loss":0,"event_name":"Beggar","floor":19,"gold_loss":75},{"damage_healed":0,"gold_gain":0,"player_choice":"Fought Bandits","damage_taken":0,"max_hp_gain":0,"max_hp_loss":0,"event_name":"Masked Bandits","floor":22,"gold_loss":0},{"damage_healed":0,"gold_gain":0,"player_choice":"Ignored","damage_taken":0,"max_hp_gain":0,"max_hp_loss":0,"event_name":"Vampires","floor":27,"gold_loss":0},{"damage_healed":0,"gold_gain":0,"player_choice":"Ignored","damage_taken":0,"max_hp_gain":0,"max_hp_loss":0,"event_name":"Tomb of Lord Red Mask","floor":36,"gold_loss":0},{"damage_healed":0,"gold_gain":0,"player_choice":"Copied","damage_taken":0,"max_hp_gain":0,"max_hp_loss":0,"event_name":"Duplicator","floor":37,"gold_loss":0,"cards_obtained":["Noxious Fumes"]},{"damage_healed":0,"gold_gain":0,"player_choice":"Fight","damage_taken":0,"max_hp_gain":0,"max_hp_loss":0,"event_name":"Mysterious Sphere","floor":46,"gold_loss":0},{"damage_healed":0,"gold_gain":0,"player_choice":"Memory 1","damage_taken":0,"max_hp_gain":0,"max_hp_loss":0,"event_name":"SensoryStone","floor":48,"gold_loss":0}],"is_beta":false,"boss_relics":[{"not_picked":["Coffee Dripper","Runic Dome"],"picked":"Cursed Key"},{"not_picked":["Lizard Tail","HoveringKite"],"picked":"Empty Cage"}],"items_purged_floors":[20,47],"is_endless":false,"potions_floor_spawned":[1,5,8,14,16,25,28,29,31,33,35,39,41],"ascension_level":12}