{"gold_per_floor":[13,13,25,25,42,71,71,104,104,29,29,49,66,83,83,182,182,167,182,200,215,227,290,290,305,305,305,338,350,362,374],"floor_reached":31,"playtime":1469,"items_purged":["Strike_R"],"score":289,"play_id":"c8e9231c-282e-4dcf-8807-886e934f03bd","local_time":"20190421165950","is_ascension_mode":false,"campfire_choices":[{"data":"Exhume","floor":7.0,"key":"SMITH"},{"data":"Disarm","floor":15.0,"key":"SMITH"},{"floor":24,"key":"REST"},{"floor":27,"key":"REST"},{"floor":29,"key":"REST"}],"neow_cost":"NO_GOLD","seed_source_timestamp":0,"circlet_count":0,"master_deck":["Strike_R","Strike_R","Strike_R","Strike_R","Defend_R","Defend_R","Defend_R","Defend_R","Bash","Reaper","Sword Boomerang","Shrug It Off","Metallicize","Exhume+1","Disarm+1","Offering","Flex","Flame Barrier","Flame Barrier+1"],"special_seed":0,"relics":["Burning Blood","GremlinMask","Bag of Marbles","Torii","Frozen Egg 2","Anchor","Black Star","Tiny Chest","Darkstone Periapt","Paper Frog","Toxic Egg 2","MawBank"],"potions_floor_usage":[25],"damage_taken":[{"damage":0.0,"enemies":"Small Slimes","floor":1.0,"turns":4.0},{"damage":6.0,"enemies":"Cultist","floor":3.0,"turns":3.0},{"damage":0.0,"enemies":"2 Louse","floor":5.0,"turns":2.0},{"damage":25.0,"enemies":"3 Sentries","floor":6.0,"turns":7.0},{"damage":32.0,"enemies":"Gremlin Nob","floor":8.0,"turns":5.0},{"damage":6.0,"enemies":"Exordium Thugs","floor":12.0,"turns":5.0},{"damage":4.0,"enemies":"Lots of Slimes","floor":13.0,"turns":6.0},{"damage":48.0,"enemies":"Gremlin Gang","floor":14.0,"turns":11.0},{"damage":12.0,"enemies":"Hexaghost","floor":16.0,"turns":13.0},{"damage":14.0,"enemies":"2 Thieves","floor":18.0,"turns":4.0},{"damage":8.0,"enemies":"Chosen","floor":19.0,"turns":8.0},{"damage":6.0,"enemies":"Snake Plant","floor":20.0,"turns":9.0},{"damage":24.0,"enemies":"Snecko","floor":21.0,"turns":5.0},{"damage":13.0,"enemies":"Chosen and Byrds","floor":22.0,"turns":12.0},{"damage":70,"enemies":"Slavers","floor":23,"turns":13},{"damage":29,"enemies":"Cultist and Chosen","floor":25,"turns":12},{"damage":26,"enemies":"Book of Stabbing","floor":28,"turns":8},{"damage":76,"enemies":"3 Cultists","floor":31,"turns":7}],"seed_played":"4916765566860953477","potions_obtained":[{"floor":1.0,"key":"Energy Potion"},{"floor":2.0,"key":"Regen Potion"},{"floor":2.0,"key":"PowerPotion"},{"floor":6.0,"key":"PowerPotion"},{"floor":13.0,"key":"SkillPotion"},{"floor":14.0,"key":"Swift Potion"},{"floor":21.0,"key":"Ancient Potion"},{"floor":25,"key":"Energy Potion"},{"floor":28,"key":"Weak Potion"}],"is_trial":false,"path_per_floor":["M","?","M","?","M","E","R","E","T","$","T","M","M","M","R","B",null,"M","M","M","M","M","E","R","M","T","R","E","R","$","M"],"character_chosen":"IRONCLAD","items_purchased":[],"campfire_rested":3,"item_purchase_floors":[],"current_hp_per_floor":[80,80,80,80,80,68,68,58,58,58,58,66,80,45,45,43,80,78,80,80,68,69,19,43,28,28,52,32,56,56,0],"gold":374,"neow_bonus":"THREE_RARE_CARDS","is_prod":false,"is_daily":false,"chose_seed":false,"campfire_upgraded":2,"win_rate":0,"timestamp":1555858790,"path_taken":["M","?","?","?","M","E","R","E","T","$","?","M","M","M","R","BOSS","M","M","M","M","M","E","R","M","T","R","E","R","?","M"],"build_version":"2019-01-23","purchased_purges":1,"victory":false,"max_hp_per_floor":[80,80,80,80,80,80,80,80,80,80,80,80,80,80,80,80,80,80,80,80,80,80,80,80,80,80,80,80,80,80,80],"card_choices":[{"not_picked":["Brutality","Demon Form"],"picked":"Reaper","floor":0.0},{"not_picked":["Intimidate","Clothesline"],"picked":"Sword Boomerang","floor":1.0},{"not_picked":["Perfected Strike","Armaments"],"picked":"Shrug It Off","floor":3.0},{"not_picked":["Perfected Strike","Pommel Strike"],"picked":"Metallicize","floor":5.0},{"not_picked":["Dropkick","Rupture"],"picked":"Exhume","floor":6.0},{"not_picked":["Warcry","Thunderclap","True Grit"],"picked":"SKIP","floor":8.0},{"not_picked":["Armaments","True Grit","Carnage"],"picked":"SKIP","floor":12.0},{"not_picked":["True Grit","Entrench"],"picked":"Disarm","floor":13.0},{"not_picked":["Reckless Charge","Dark Embrace+1","Twin Strike"],"picked":"SKIP","floor":14.0},{"not_picked":["Reaper","Exhume"],"picked":"Offering","floor":16.0},{"not_picked":["Headbutt","Pummel","True Grit"],"picked":"SKIP","floor":18.0},{"not_picked":["Sever Soul","Clash","Clothesline"],"picked":"SKIP","floor":19.0},{"not_picked":["Thunderclap","Body Slam"],"picked":"Flex","floor":20.0},{"not_picked":["Seeing Red+1","Evolve+1","Second Wind"],"picked":"SKIP","floor":21.0},{"not_picked":["Anger","Limit Break"],"picked":"Flame Barrier","floor":22.0},{"not_picked":["Clothesline","Body Slam","Thunderclap"],"picked":"SKIP","floor":23},{"not_picked":["Iron Wave","Combust+1","Body Slam"],"picked":"SKIP","floor":25},{"not_picked":["Rampage","Armaments"],"picked":"Flame Barrier","floor":28}],"player_experience":619322,"relics_obtained":[{"floor":6.0,"key":"Bag of Marbles"},{"floor":8.0,"key":"Torii"},{"floor":9.0,"key":"Frozen Egg 2"},{"floor":11.0,"key":"Anchor"},{"floor":23,"key":"Tiny Chest"},{"floor":23,"key":"Darkstone Periapt"},{"floor":26,"key":"Paper Frog"},{"floor":28,"key":"Toxic Egg 2"},{"floor":28,"key":"MawBank"}],"event_choices":[{"damage_healed":0.0,"max_hp_gain":0.0,"max_hp_loss":0.0,"gold_gain":0.0,"event_name":"Lab","player_choice":"Got Potions","floor":2.0,"gold_loss":0.0,"damage_taken":0.0},{"damage_healed":0.0,"max_hp_gain":0.0,"max_hp_loss":0.0,"gold_gain":0.0,"event_name":"FaceTrader","player_choice":"Trade","floor":4.0,"gold_loss":0.0,"damage_taken":0.0,"relics_obtained":["GremlinMask"]}],"is_beta":false,"boss_relics":[{"not_picked":["Pandora\u0027s Box","Runic Pyramid"],"picked":"Black Star"}],"items_purged_floors":[10],"is_endless":false,"potions_floor_spawned":[1,5,6,13,14,21,25,28],"killed_by":"3 Cultists","ascension_level":0}