{"gold_per_floor":[112,132,7,7,22,53,53,82,109,184,184,30,62,82,82,186,186,201,20,20,30,49,74,74,100,127,155,155,183,183,202,202,299,299,315,332,347,447,447,447,479,479,479,533,560,573,573,591,591,591],"floor_reached":51,"playtime":3361,"items_purged":["Strike_G"],"score":1086,"play_id":"f3f1ebc5-cd95-4087-941a-a85318146297","local_time":"20190310160204","is_ascension_mode":true,"campfire_choices":[{"floor":7,"key":"REST"},{"floor":15,"key":"REST"},{"data":"Footwork","floor":28,"key":"SMITH"},{"data":"Envenom","floor":32,"key":"SMITH"},{"floor":40,"key":"RECALL"},{"data":"Cloak And Dagger","floor":42,"key":"SMITH"},{"data":"Catalyst","floor":49,"key":"SMITH"}],"neow_cost":"NONE","seed_source_timestamp":1085011152061699,"circlet_count":0,"master_deck":["Defend_G","Defend_G","Defend_G","Defend_G","Survivor","Neutralize+1","Backflip","Deadly Poison","Caltrops","Deflect","Cloak And Dagger+1","Corpse Explosion","Deflect","Expertise","Quick Slash","Envenom+1","Noxious Fumes","Footwork+1","Dagger Throw","Quick Slash+1","Slice","Catalyst+1","Bite","Bite","Bite","Bite","Bite","Acrobatics+1","Blade Dance","Distraction","Dash","After Image+1","Deflect+1","Catalyst+1","Sucker Punch","Catalyst+1","Finisher+1","Poisoned Stab+1","Noxious Fumes+1","PiercingWail+1","Backflip+1"],"relics":["White Beast Statue","Snake Skull","Oddly Smooth Stone","Bronze Scales","Strawberry","Coffee Dripper","Kunai","Ornamental Fan","Frozen Egg 2","PreservedInsect","Gremlin Horn","Tingsha","NlothsMask","Eternal Feather","FossilizedHelix","Bottled Tornado","The Specimen","Lantern"],"potions_floor_usage":[6,6,8,13,16,16,21,21,23,23,23,25,29,31,33,33,38,38,45,46,50],"damage_taken":[{"damage":2,"enemies":"Cultist","floor":1,"turns":5},{"damage":1,"enemies":"2 Louse","floor":2,"turns":3},{"damage":0,"enemies":"Jaw Worm","floor":5,"turns":4},{"damage":18,"enemies":"3 Sentries","floor":6,"turns":10},{"damage":12,"enemies":"Lagavulin","floor":8,"turns":5},{"damage":23,"enemies":"3 Sentries","floor":13,"turns":5},{"damage":4,"enemies":"Large Slime","floor":14,"turns":5},{"damage":9,"enemies":"The Guardian","floor":16,"turns":9},{"damage":0,"enemies":"3 Byrds","floor":18,"turns":2},{"damage":12,"enemies":"2 Thieves","floor":21,"turns":3},{"damage":11,"enemies":"Centurion and Healer","floor":22,"turns":6},{"damage":16,"enemies":"Slavers","floor":23,"turns":3},{"damage":14,"enemies":"Gremlin Leader","floor":25,"turns":6},{"damage":14,"enemies":"Book of Stabbing","floor":27,"turns":5},{"damage":3,"enemies":"Gremlin Leader","floor":29,"turns":4},{"damage":6,"enemies":"Cultist and Chosen","floor":31,"turns":6},{"damage":31,"enemies":"Automaton","floor":33,"turns":8},{"damage":0,"enemies":"3 Shapes","floor":35,"turns":5},{"damage":4,"enemies":"Orb Walker","floor":36,"turns":4},{"damage":0,"enemies":"Maw","floor":37,"turns":8},{"damage":1,"enemies":"Mind Bloom Boss Battle","floor":38,"turns":7},{"damage":0,"enemies":"Nemesis","floor":41,"turns":5},{"damage":40,"enemies":"2 Orb Walkers","floor":44,"turns":4},{"damage":21,"enemies":"Giant Head","floor":45,"turns":7},{"damage":0,"enemies":"Jaw Worm Horde","floor":46,"turns":3},{"damage":0,"enemies":"Spire Growth","floor":48,"turns":4},{"damage":37,"enemies":"Awakened One","floor":50,"turns":11}],"seed_played":"6390515427350673512","potions_obtained":[{"floor":1,"key":"Swift Potion"},{"floor":2,"key":"SkillPotion"},{"floor":5,"key":"GamblersBrew"},{"floor":6,"key":"Energy Potion"},{"floor":8,"key":"Ancient Potion"},{"floor":13,"key":"Ancient Potion"},{"floor":14,"key":"SteroidPotion"},{"floor":16,"key":"FearPotion"},{"floor":18,"key":"Energy Potion"},{"floor":21,"key":"Fruit Juice"},{"floor":22,"key":"SteroidPotion"},{"floor":23,"key":"Block Potion"},{"floor":25,"key":"GamblersBrew"},{"floor":27,"key":"PowerPotion"},{"floor":29,"key":"Strength Potion"},{"floor":31,"key":"Regen Potion"},{"floor":33,"key":"Ancient Potion"},{"floor":35,"key":"Regen Potion"},{"floor":36,"key":"Swift Potion"},{"floor":38,"key":"Fruit Juice"},{"floor":41,"key":"GhostInAJar"},{"floor":45,"key":"SpeedPotion"},{"floor":46,"key":"Dexterity Potion"}],"is_trial":false,"path_per_floor":["M","M","$","?","M","E","R","E","T","?","?","$","E","M","R","B",null,"M","$","T","M","M","E","?","E","T","E","R","E","?","M","R","B",null,"M","M","M","?","?","R","E","R","T","?","E","M","?","M","R","B",null],"character_chosen":"THE_SILENT","items_purchased":["Caltrops","Deflect","Bronze Scales","Footwork","Dagger Throw"],"campfire_rested":2,"item_purchase_floors":[3,3,12,19,19],"current_hp_per_floor":[68,67,67,67,67,49,70,58,58,47,47,47,33,31,54,47,77,77,77,77,70,61,47,47,47,47,35,35,38,38,38,38,34,82,82,82,82,87,87,87,87,87,87,49,53,55,55,59,83,60],"gold":591,"neow_bonus":"BOSS_RELIC","is_prod":false,"is_daily":false,"chose_seed":false,"campfire_upgraded":4,"win_rate":0,"timestamp":1552258924,"path_taken":["M","?","$","?","?","E","R","E","T","?","?","$","E","M","R","BOSS","M","?","?","M","M","E","?","E","T","E","R","E","?","M","R","BOSS","M","?","?","?","?","R","E","R","T","?","E","?","?","M","R","BOSS"],"build_version":"2019-02-06","purchased_purges":1,"victory":true,"max_hp_per_floor":[70,70,70,70,70,70,70,70,70,70,70,70,77,77,77,77,77,77,77,77,82,82,82,82,82,82,82,82,82,82,82,82,82,82,82,82,82,87,87,87,87,87,87,87,87,87,87,87,87,87],"card_choices":[{"not_picked":["Prepared","PiercingWail"],"picked":"Backflip","floor":1},{"not_picked":["Underhanded Strike","Acrobatics"],"picked":"Deadly Poison","floor":2},{"not_picked":["Quick Slash","Dagger Spray"],"picked":"Cloak And Dagger","floor":5},{"not_picked":["Unload","Flying Knee"],"picked":"Corpse Explosion","floor":6},{"not_picked":["All Out Attack","Dodge and Roll"],"picked":"Deflect","floor":8},{"not_picked":["Blade Dance","Dagger Throw"],"picked":"Expertise","floor":13},{"not_picked":["Underhanded Strike","All Out Attack"],"picked":"Quick Slash","floor":14},{"not_picked":["Glass Knife","Grand Finale"],"picked":"Envenom","floor":16},{"not_picked":["Blade Dance+1","Heel Hook"],"picked":"Noxious Fumes","floor":18},{"not_picked":["Cloak And Dagger","Dagger Throw"],"picked":"Quick Slash+1","floor":21},{"not_picked":["Dodge and Roll","Flying Knee"],"picked":"Slice","floor":22},{"not_picked":["Deflect","Malaise"],"picked":"Catalyst+1","floor":23},{"not_picked":["Dagger Spray","Dagger Throw"],"picked":"Acrobatics+1","floor":25},{"not_picked":["Flying Knee","Deadly Poison+1"],"picked":"Blade Dance","floor":27},{"not_picked":["Bullet Time","Dagger Spray"],"picked":"Distraction","floor":29},{"not_picked":["Blade Dance","Deflect"],"picked":"Dash","floor":31},{"not_picked":["Malaise","Unload"],"picked":"After Image+1","floor":33},{"not_picked":["Setup","Sucker Punch"],"picked":"Deflect+1","floor":35},{"not_picked":["Deflect+1","Choke"],"picked":"Catalyst","floor":36},{"not_picked":["All Out Attack","Dagger Throw"],"picked":"Sucker Punch","floor":37},{"not_picked":["Dodge and Roll","Endless Agony"],"picked":"Catalyst+1","floor":38},{"not_picked":["Flying Knee","Flechettes+1"],"picked":"Finisher+1","floor":41},{"not_picked":["Prepared+1","Endless Agony+1"],"picked":"Poisoned Stab+1","floor":44},{"not_picked":["Backflip+1","Phantasmal Killer"],"picked":"Noxious Fumes+1","floor":45},{"not_picked":["Dagger Throw","Riddle With Holes"],"picked":"PiercingWail+1","floor":46},{"not_picked":["Tactician","Heel Hook"],"picked":"Backflip+1","floor":48}],"player_experience":617352,"relics_obtained":[{"floor":6,"key":"Snake Skull"},{"floor":8,"key":"Blood Vial"},{"floor":9,"key":"Oddly Smooth Stone"},{"floor":13,"key":"Strawberry"},{"floor":20,"key":"Kunai"},{"floor":23,"key":"Ornamental Fan"},{"floor":25,"key":"Frozen Egg 2"},{"floor":26,"key":"PreservedInsect"},{"floor":27,"key":"Gremlin Horn"},{"floor":29,"key":"Tingsha"},{"floor":38,"key":"FossilizedHelix"},{"floor":41,"key":"Bottled Tornado"},{"floor":44,"key":"The Specimen"},{"floor":45,"key":"Lantern"}],"event_choices":[{"damage_healed":0,"gold_gain":0,"player_choice":"Forge","damage_taken":0,"max_hp_gain":0,"max_hp_loss":0,"event_name":"Accursed Blacksmith","floor":4,"gold_loss":0,"cards_upgraded":["Neutralize"]},{"damage_healed":0,"gold_gain":75,"player_choice":"Gather Gold","damage_taken":11,"max_hp_gain":0,"max_hp_loss":0,"event_name":"World of Goop","floor":10,"gold_loss":0},{"damage_healed":0,"gold_gain":0,"player_choice":"Ignored","damage_taken":0,"max_hp_gain":0,"max_hp_loss":0,"event_name":"Upgrade Shrine","floor":11,"gold_loss":0},{"damage_healed":0,"gold_gain":0,"player_choice":"Became a vampire (Vial)","damage_taken":0,"max_hp_gain":0,"max_hp_loss":0,"event_name":"Vampires","floor":24,"relics_lost":["Blood Vial"],"gold_loss":0,"cards_obtained":["Bite","Bite","Bite","Bite","Bite"]},{"damage_healed":0,"gold_gain":0,"player_choice":"Trade","damage_taken":0,"relics_obtained":["NlothsMask"],"max_hp_gain":0,"max_hp_loss":0,"event_name":"FaceTrader","floor":30,"gold_loss":0},{"damage_healed":0,"gold_gain":0,"player_choice":"Fight","damage_taken":0,"max_hp_gain":0,"max_hp_loss":0,"event_name":"MindBloom","floor":38,"gold_loss":0},{"damage_healed":0,"gold_gain":0,"player_choice":"Ignored","damage_taken":0,"max_hp_gain":0,"max_hp_loss":0,"event_name":"Tomb of Lord Red Mask","floor":39,"gold_loss":0},{"damage_healed":0,"gold_gain":0,"player_choice":"Fight","damage_taken":0,"max_hp_gain":0,"max_hp_loss":0,"event_name":"Mysterious Sphere","floor":44,"gold_loss":0},{"cards_removed":["Defend_G"],"damage_healed":0,"gold_gain":0,"player_choice":"Removed Skill","damage_taken":0,"max_hp_gain":0,"max_hp_loss":0,"event_name":"Falling","floor":47,"gold_loss":0}],"is_beta":true,"boss_relics":[{"not_picked":["Philosopher\u0027s Stone","Snecko Eye"],"picked":"Coffee Dripper"},{"not_picked":["Velvet Choker","Astrolabe"],"picked":"Eternal Feather"}],"items_purged_floors":[19],"is_endless":false,"potions_floor_spawned":[1,2,5,6,8,13,14,16,18,21,22,23,25,27,29,31,33,35,36,37,38,41,44,45,46,48],"ascension_level":4}