{"gold_per_floor":[115,125,138,138,138,138,165,194,217,252,252,264,27,53,53,158,158,176,50,0,15,15,15,43,43,69,94,94,21,21,21,21,123,123,141,155,255,265,265,265,295,42,96,96,125,125,155,170,170,170],"floor_reached":51,"playtime":2459,"items_purged":["Strike_G","Strike_G"],"score":901,"play_id":"6d8237a5-8114-409a-960a-9d91dbb30284","local_time":"20190331165924","is_ascension_mode":true,"campfire_choices":[{"data":"Dodge and Roll","floor":6,"key":"SMITH"},{"data":"Bouncing Flask","floor":11,"key":"SMITH"},{"floor":15,"key":"REST"},{"data":"A Thousand Cuts","floor":23,"key":"SMITH"},{"data":"Bouncing Flask","floor":25,"key":"SMITH"},{"data":"Crippling Poison","floor":28,"key":"SMITH"},{"data":"Footwork","floor":30,"key":"SMITH"},{"floor":32,"key":"REST"},{"data":"Crippling Poison","floor":40,"key":"SMITH"},{"data":"Footwork","floor":44,"key":"SMITH"},{"data":"Malaise","floor":46,"key":"SMITH"},{"data":"Dash","floor":49,"key":"SMITH"}],"neow_cost":"NONE","seed_source_timestamp":13818764563131,"circlet_count":0,"master_deck":["Defend_G","Defend_G","Defend_G","Defend_G","Defend_G+1","Strike_G","Strike_G","Survivor+1","Neutralize+1","Dash+1","Dodge and Roll+1","Flying Knee","Bouncing Flask+1","Deflect","Bouncing Flask+1","Poisoned Stab","Dagger Spray","A Thousand Cuts+1","Crippling Poison+1","Blur","PiercingWail","Crippling Poison+1","Skewer+1","Footwork+1","Die Die Die","Well Laid Plans+1","Deflect+1","Dodge and Roll+1","Footwork+1","Apotheosis","Malaise+1","Deflect+1","Flying Knee+1"],"relics":["Ring of the Snake","Regal Pillow","Odd Mushroom","Smiling Mask","War Paint","Bag of Preparation","Snecko Eye","Bronze Scales","Juzu Bracelet","Pen Nib","WingedGreaves","Eternal Feather","FossilizedHelix","PreservedInsect","Orichalcum","Pocketwatch","Ancient Tea Set"],"potions_floor_usage":[14,41,41,50],"damage_taken":[{"damage":5,"enemies":"Jaw Worm","floor":1,"turns":5},{"damage":0,"enemies":"Small Slimes","floor":2,"turns":4},{"damage":1,"enemies":"Cultist","floor":3,"turns":4},{"damage":23,"enemies":"3 Sentries","floor":7,"turns":14},{"damage":11,"enemies":"The Mushroom Lair","floor":8,"turns":7},{"damage":9,"enemies":"Lagavulin","floor":10,"turns":11},{"damage":0,"enemies":"Looter","floor":12,"turns":2},{"damage":6,"enemies":"Gremlin Nob","floor":14,"turns":4},{"damage":11,"enemies":"The Guardian","floor":16,"turns":9},{"damage":7,"enemies":"Chosen","floor":18,"turns":4},{"damage":0,"enemies":"Spheric Guardian","floor":21,"turns":2},{"damage":0,"enemies":"Slavers","floor":24,"turns":4},{"damage":20,"enemies":"Gremlin Leader","floor":27,"turns":6},{"damage":41,"enemies":"Automaton","floor":33,"turns":10},{"damage":2,"enemies":"3 Shapes","floor":35,"turns":4},{"damage":6,"enemies":"Orb Walker","floor":36,"turns":3},{"damage":1,"enemies":"Mind Bloom Boss Battle","floor":37,"turns":8},{"damage":11,"enemies":"Writhing Mass","floor":38,"turns":5},{"damage":21,"enemies":"Reptomancer","floor":41,"turns":8},{"damage":0,"enemies":"Giant Head","floor":45,"turns":7},{"damage":0,"enemies":"Nemesis","floor":47,"turns":7},{"damage":3,"enemies":"4 Shapes","floor":48,"turns":3},{"damage":13,"enemies":"Donu and Deca","floor":50,"turns":11}],"seed_played":"7874841477233149033","potions_obtained":[{"floor":1,"key":"Swift Potion"},{"floor":7,"key":"Fire Potion"},{"floor":8,"key":"SmokeBomb"},{"floor":22,"key":"Regen Potion"},{"floor":22,"key":"Energy Potion"},{"floor":41,"key":"Poison Potion"},{"floor":45,"key":"Energy Potion"}],"is_trial":false,"path_per_floor":["M","M","M","?","?","R","E","?","T","E","R","M","$","E","R","B",null,"M","$","?","M","?","R","E","R","T","E","R","$","R","?","R","B",null,"M","M","?","M","?","R","E","$","T","R","E","R","E","M","R","B",null],"character_chosen":"THE_SILENT","items_purchased":["Bouncing Flask","Poisoned Stab","Dagger Spray","Weak Potion","Blur","Footwork","Footwork","Apotheosis"],"campfire_rested":2,"item_purchase_floors":[13,13,13,13,19,29,42,42],"current_hp_per_floor":[65,65,64,57,57,57,34,23,23,14,14,14,14,8,44,33,70,63,63,63,63,63,63,63,63,63,43,43,43,43,43,70,29,70,68,62,61,50,50,65,44,44,44,62,62,66,66,63,66,53],"gold":170,"neow_bonus":"UPGRADE_CARD","is_prod":false,"is_daily":false,"chose_seed":false,"campfire_upgraded":10,"win_rate":0,"timestamp":1554062364,"path_taken":["M","M","M","?","?","R","E","?","T","E","R","M","$","E","R","BOSS","M","$","?","?","?","R","E","R","T","E","R","$","R","?","R","BOSS","M","M","?","M","?","R","E","$","T","R","E","R","E","M","R","BOSS"],"build_version":"2019-01-23","purchased_purges":2,"victory":true,"max_hp_per_floor":[70,70,70,70,70,70,70,70,70,70,70,70,70,70,70,70,70,70,70,70,70,70,70,70,70,70,70,70,70,70,70,70,70,70,70,70,70,70,66,66,66,66,66,66,66,66,66,66,66,66],"card_choices":[{"not_picked":["Escape Plan","Dagger Throw"],"picked":"Dash","floor":1},{"not_picked":["Infinite Blades","Finisher","Flechettes"],"picked":"SKIP","floor":2},{"not_picked":["Slice","Setup"],"picked":"Dodge and Roll","floor":3},{"not_picked":["Bane","Concentrate","Underhanded Strike"],"picked":"SKIP","floor":7},{"not_picked":["Cloak And Dagger","Slice"],"picked":"Flying Knee","floor":8},{"not_picked":["Sucker Punch","Acrobatics"],"picked":"Bouncing Flask","floor":10},{"not_picked":["Underhanded Strike","Acrobatics"],"picked":"Deflect","floor":12},{"not_picked":["Sucker Punch","Flying Knee"],"picked":"A Thousand Cuts","floor":14},{"not_picked":["Cloak And Dagger","Bane"],"picked":"Crippling Poison","floor":18},{"not_picked":["Accuracy+1","Finisher"],"picked":"PiercingWail","floor":21},{"not_picked":["Quick Slash","Underhanded Strike"],"picked":"Crippling Poison","floor":24},{"not_picked":["Terror","Underhanded Strike"],"picked":"Skewer+1","floor":27},{"not_picked":["Grand Finale","Tools of the Trade"],"picked":"Die Die Die","floor":33},{"not_picked":["Sucker Punch","Quick Slash+1","Reflex"],"picked":"SKIP","floor":35},{"not_picked":["Acrobatics","Quick Slash+1","Distraction+1"],"picked":"SKIP","floor":36},{"not_picked":["Acrobatics+1","Concentrate"],"picked":"Well Laid Plans+1","floor":37},{"not_picked":["Reflex","Blade Dance+1"],"picked":"Deflect+1","floor":38},{"not_picked":["Deflect","Quick Slash+1"],"picked":"Dodge and Roll+1","floor":41},{"not_picked":["Finisher","Heel Hook"],"picked":"Malaise","floor":45},{"not_picked":["Dagger Throw+1","Bane+1"],"picked":"Deflect+1","floor":47},{"not_picked":["Calculated Gamble","Flying Knee+1","Terror+1"],"picked":"SKIP","floor":48},{"not_picked":["Calculated Gamble","Terror+1"],"picked":"Flying Knee+1","floor":48}],"player_experience":452526,"relics_obtained":[{"floor":7,"key":"Regal Pillow"},{"floor":8,"key":"Odd Mushroom"},{"floor":9,"key":"Smiling Mask"},{"floor":10,"key":"War Paint"},{"floor":14,"key":"Bag of Preparation"},{"floor":24,"key":"Juzu Bracelet"},{"floor":26,"key":"Pen Nib"},{"floor":27,"key":"WingedGreaves"},{"floor":37,"key":"FossilizedHelix"},{"floor":41,"key":"PreservedInsect"},{"floor":43,"key":"Orichalcum"},{"floor":45,"key":"Pocketwatch"},{"floor":47,"key":"Ancient Tea Set"}],"event_choices":[{"cards_removed":["Strike_G"],"damage_healed":0,"gold_gain":0,"player_choice":"Card Removal","damage_taken":7,"max_hp_gain":0,"max_hp_loss":0,"event_name":"Golden Wing","floor":4,"gold_loss":0},{"damage_healed":0,"gold_gain":0,"player_choice":"Ignored","damage_taken":0,"max_hp_gain":0,"max_hp_loss":0,"event_name":"Golden Idol","floor":5,"gold_loss":0},{"damage_healed":0,"gold_gain":0,"player_choice":"Fought Mushrooms","damage_taken":0,"max_hp_gain":0,"max_hp_loss":0,"event_name":"Mushrooms","floor":8,"gold_loss":0},{"damage_healed":0,"gold_gain":0,"player_choice":"Paid Gold","damage_taken":0,"relics_obtained":["Bronze Scales"],"max_hp_gain":0,"max_hp_loss":0,"event_name":"WeMeetAgain","floor":20,"gold_loss":50},{"damage_healed":0,"gold_gain":0,"player_choice":"Got Potions","damage_taken":0,"max_hp_gain":0,"max_hp_loss":0,"event_name":"Lab","floor":22,"gold_loss":0},{"damage_healed":0,"gold_gain":0,"player_choice":"Ignored","damage_taken":0,"max_hp_gain":0,"max_hp_loss":0,"event_name":"The Mausoleum","floor":31,"gold_loss":0},{"damage_healed":0,"gold_gain":0,"player_choice":"Fight","damage_taken":0,"max_hp_gain":0,"max_hp_loss":0,"event_name":"MindBloom","floor":37,"gold_loss":0},{"damage_healed":0,"gold_gain":0,"player_choice":"Max HP","damage_taken":0,"max_hp_gain":0,"max_hp_loss":4,"event_name":"Winding Halls","floor":39,"gold_loss":0}],"is_beta":false,"boss_relics":[{"not_picked":["Sozu","Fusion Hammer"],"picked":"Snecko Eye"},{"not_picked":["Runic Dome","WristBlade"],"picked":"Eternal Feather"}],"items_purged_floors":[13,19],"is_endless":false,"potions_floor_spawned":[1,7,8,12,33,36,41,45,48],"ascension_level":1}