{"gold_per_floor":[109,9,9,84,95,122,75,108,108,141,141,175,175,191,191,286,286,301,316,316,316,330,355,355,386,386,404,404,404,9,9,9,112,112,127,127,138,153,167,167,201,201,253,282,296,315,326,340,340,340],"floor_reached":51,"playtime":3302,"items_purged":["Strike_R"],"score":913,"play_id":"b40f9c19-c95a-4079-87b1-65b3839506d8","local_time":"20190327213651","is_ascension_mode":true,"campfire_choices":[{"data":"Shockwave","floor":13,"key":"SMITH"},{"data":"Bludgeon","floor":15,"key":"SMITH"},{"floor":24,"key":"DIG"},{"floor":29,"key":"DIG"},{"floor":32,"key":"DIG"},{"floor":40,"key":"DIG"},{"data":"1","floor":42,"key":"LIFT"},{"floor":49,"key":"REST"}],"neow_cost":"NONE","seed_source_timestamp":19767270725958,"circlet_count":0,"master_deck":["Strike_R+1","Strike_R+1","Strike_R+1","Defend_R+1","Defend_R+1","Defend_R+1","Defend_R+1","Bash+1","Rampage+1","Clothesline","Shockwave+1","Spot Weakness","Anger+1","Power Through+1","True Grit+1","Bludgeon+1","Exhume+1","Shockwave+1","Feel No Pain+1","True Grit+1","Hemokinesis+1","Entrench+1","Spot Weakness+1","Secret Weapon+1","Inflame","Shrug It Off+1","Inflame","True Grit+1","Inflame","Impervious+1","Heavy Blade+1"],"relics":["Burning Blood","NeowsBlessing","Bottled Lightning","Boot","Toxic Egg 2","Unceasing Top","Shovel","Fusion Hammer","Letter Opener","Regal Pillow","Turnip","Orichalcum","Dead Branch","Self Forming Clay","Singing Bowl","Whetstone","PreservedInsect","Black Star","Mummified Hand","Girya","Dodecahedron","Ancient Tea Set","Bronze Scales","Strawberry"],"potions_floor_usage":[25,25,50,50,50],"damage_taken":[{"damage":0,"enemies":"2 Louse","floor":1,"turns":1},{"damage":0,"enemies":"Small Slimes","floor":5,"turns":1},{"damage":0,"enemies":"Lagavulin","floor":6,"turns":1},{"damage":24,"enemies":"Gremlin Nob","floor":8,"turns":4},{"damage":20,"enemies":"Lagavulin","floor":10,"turns":5},{"damage":17,"enemies":"3 Sentries","floor":12,"turns":8},{"damage":2,"enemies":"Cultist","floor":14,"turns":4},{"damage":14,"enemies":"Slime Boss","floor":16,"turns":9},{"damage":1,"enemies":"3 Byrds","floor":18,"turns":4},{"damage":9,"enemies":"Shell Parasite","floor":19,"turns":4},{"damage":11,"enemies":"Shelled Parasite and Fungi","floor":22,"turns":5},{"damage":8,"enemies":"Gremlin Leader","floor":23,"turns":4},{"damage":10,"enemies":"Book of Stabbing","floor":25,"turns":4},{"damage":2,"enemies":"3 Cultists","floor":27,"turns":5},{"damage":38,"enemies":"Automaton","floor":33,"turns":10},{"damage":7,"enemies":"3 Shapes","floor":35,"turns":5},{"damage":12,"enemies":"3 Darklings","floor":37,"turns":6},{"damage":11,"enemies":"Writhing Mass","floor":38,"turns":5},{"damage":20,"enemies":"Sphere and 2 Shapes","floor":39,"turns":7},{"damage":23,"enemies":"Reptomancer","floor":41,"turns":7},{"damage":21,"enemies":"Giant Head","floor":44,"turns":7},{"damage":6,"enemies":"4 Shapes","floor":45,"turns":3},{"damage":11,"enemies":"Transient","floor":46,"turns":5},{"damage":11,"enemies":"Jaw Worm Horde","floor":47,"turns":5},{"damage":4,"enemies":"Sphere and 2 Shapes","floor":48,"turns":5},{"damage":65,"enemies":"Time Eater","floor":50,"turns":14}],"seed_played":"-2899683123214934227","potions_obtained":[{"floor":6,"key":"Regen Potion"},{"floor":8,"key":"Block Potion"},{"floor":10,"key":"Energy Potion"},{"floor":18,"key":"Dexterity Potion"},{"floor":33,"key":"FearPotion"},{"floor":35,"key":"SneckoOil"},{"floor":37,"key":"Poison Potion"}],"is_trial":false,"path_per_floor":["M","$","?","?","M","E","$","E","T","E","T","E","R","M","R","B",null,"M","M","?","?","M","E","R","E","T","M","?","R","$","?","R","B",null,"M","?","M","M","M","R","E","R","T","E","M","M","M","M","R","B",null],"character_chosen":"IRONCLAD","items_purchased":["Clothesline","Anger","Whetstone","Secret Weapon+1","Inflame"],"campfire_rested":1,"item_purchase_floors":[2,7,30,30,30],"current_hp_per_floor":[80,80,80,72,78,80,80,62,62,48,48,37,37,41,41,33,80,80,77,77,77,72,70,70,66,66,70,70,70,70,70,70,40,82,81,81,77,72,60,60,43,43,43,35,35,32,27,31,75,16],"gold":340,"neow_bonus":"THREE_ENEMY_KILL","is_prod":false,"is_daily":false,"chose_seed":false,"campfire_upgraded":2,"win_rate":0,"timestamp":1553733411,"path_taken":["M","$","?","?","?","E","$","E","T","E","?","E","R","M","R","BOSS","M","M","?","?","?","E","R","E","T","M","?","R","$","?","R","BOSS","M","?","M","M","M","R","E","R","T","E","M","M","M","M","R","BOSS"],"build_version":"2019-01-23","purchased_purges":1,"victory":true,"max_hp_per_floor":[80,80,80,80,80,80,80,80,80,80,80,80,80,80,80,80,80,80,80,80,80,80,80,80,80,80,80,80,80,80,80,80,82,82,82,82,84,84,86,86,86,86,86,93,93,95,95,97,97,97],"card_choices":[{"not_picked":["Cleave","Perfected Strike"],"picked":"Rampage","floor":1},{"not_picked":["Warcry","Cleave"],"picked":"Shockwave","floor":5},{"not_picked":["Flex","Shrug It Off"],"picked":"Spot Weakness","floor":6},{"not_picked":["Twin Strike","Burning Pact","Bloodletting"],"picked":"SKIP","floor":8},{"not_picked":["Flex+1","Body Slam"],"picked":"Power Through+1","floor":10},{"not_picked":["Dropkick","Rupture"],"picked":"True Grit+1","floor":12},{"not_picked":["Sword Boomerang","Twin Strike"],"picked":"Bludgeon","floor":14},{"not_picked":["Brutality","Dark Embrace"],"picked":"Exhume+1","floor":16},{"not_picked":["Iron Wave","Metallicize+1"],"picked":"Shockwave+1","floor":18},{"not_picked":["Uppercut","Flex+1"],"picked":"Feel No Pain+1","floor":19},{"not_picked":["Sever Soul+1","Body Slam"],"picked":"True Grit+1","floor":22},{"not_picked":["Combust","Sword Boomerang"],"picked":"Hemokinesis+1","floor":23},{"not_picked":["Clothesline","Perfected Strike+1"],"picked":"Entrench+1","floor":25},{"not_picked":["Twin Strike","Armaments+1"],"picked":"Spot Weakness+1","floor":27},{"not_picked":["Juggernaut","Berserk","Feed"],"picked":"Singing Bowl","floor":33},{"not_picked":["Dropkick+1","Cleave"],"picked":"Shrug It Off+1","floor":35},{"not_picked":["Sever Soul+1","Armaments+1","Body Slam"],"picked":"Singing Bowl","floor":37},{"not_picked":["Uppercut+1","Twin Strike+1"],"picked":"Inflame","floor":38},{"not_picked":["Twin Strike+1","Body Slam","Clothesline"],"picked":"Singing Bowl","floor":39},{"not_picked":["Second Wind+1","Cleave"],"picked":"True Grit+1","floor":41},{"not_picked":["Dropkick+1","Body Slam+1"],"picked":"Inflame","floor":44},{"not_picked":["Shrug It Off+1","Shockwave+1"],"picked":"Impervious+1","floor":45},{"not_picked":["Wild Strike+1","Blood for Blood","Clothesline+1"],"picked":"Singing Bowl","floor":46},{"not_picked":["Havoc+1","Anger+1"],"picked":"Heavy Blade+1","floor":47},{"not_picked":["Heavy Blade","Cleave","Rampage"],"picked":"Singing Bowl","floor":48}],"player_experience":407278,"relics_obtained":[{"floor":6,"key":"Bottled Lightning"},{"floor":8,"key":"Boot"},{"floor":9,"key":"Toxic Egg 2"},{"floor":10,"key":"Unceasing Top"},{"floor":12,"key":"Shovel"},{"floor":23,"key":"Regal Pillow"},{"floor":24,"key":"Turnip"},{"floor":25,"key":"Orichalcum"},{"floor":26,"key":"Dead Branch"},{"floor":29,"key":"Singing Bowl"},{"floor":32,"key":"PreservedInsect"},{"floor":40,"key":"Mummified Hand"},{"floor":41,"key":"Girya"},{"floor":41,"key":"Dodecahedron"},{"floor":43,"key":"Ancient Tea Set"},{"floor":44,"key":"Bronze Scales"},{"floor":44,"key":"Strawberry"}],"event_choices":[{"damage_healed":0,"gold_gain":0,"player_choice":"Grow","damage_taken":0,"max_hp_gain":0,"max_hp_loss":0,"event_name":"Living Wall","floor":3,"gold_loss":0,"cards_upgraded":["Bash"]},{"damage_healed":0,"gold_gain":75,"player_choice":"Touch","damage_taken":8,"max_hp_gain":0,"max_hp_loss":0,"event_name":"FaceTrader","floor":4,"gold_loss":0},{"damage_healed":0,"gold_gain":0,"player_choice":"Simplicity","damage_taken":0,"max_hp_gain":0,"max_hp_loss":0,"event_name":"Back to Basics","floor":20,"gold_loss":0,"cards_upgraded":["Strike_R","Strike_R","Strike_R","Strike_R","Defend_R","Defend_R","Defend_R","Defend_R"]},{"damage_healed":0,"gold_gain":0,"player_choice":"Gave Potion","damage_taken":0,"relics_obtained":["Letter Opener"],"max_hp_gain":0,"max_hp_loss":0,"event_name":"WeMeetAgain","floor":21,"gold_loss":0},{"damage_healed":0,"gold_gain":0,"player_choice":"Opened","damage_taken":0,"relics_obtained":["Self Forming Clay"],"max_hp_gain":0,"max_hp_loss":0,"event_name":"The Mausoleum","floor":28,"gold_loss":0},{"damage_healed":0,"gold_gain":0,"player_choice":"Ignored","damage_taken":0,"max_hp_gain":0,"max_hp_loss":0,"event_name":"Ghosts","floor":31,"gold_loss":0},{"cards_removed":["Strike_R"],"damage_healed":0,"gold_gain":0,"player_choice":"Removed Attack","damage_taken":0,"max_hp_gain":0,"max_hp_loss":0,"event_name":"Falling","floor":36,"gold_loss":0}],"is_beta":false,"boss_relics":[{"not_picked":["Coffee Dripper","Empty Cage"],"picked":"Fusion Hammer"},{"not_picked":["Mark of Pain","Runic Pyramid"],"picked":"Black Star"}],"items_purged_floors":[2],"is_endless":false,"potions_floor_spawned":[6,8,10,18,19,33,35,37,38],"ascension_level":3}