{"path_per_floor":["M","?","?","$","M","E","R","M","T","M","?","M","M","E","R","B",null,"M","M","$","M","?","R"],"character_chosen":"THE_SILENT","items_purchased":["Panache","Panache"],"gold_per_floor":[118,293,293,29,48,78,78,89,89,108,108,122,142,176,176,273,273,287,306,18,30,30,30,30],"floor_reached":24,"campfire_rested":2,"playtime":2650,"current_hp_per_floor":[70,70,70,70,70,58,58,58,58,58,44,32,25,5,26,7,70,65,39,39,3,25,45,0],"items_purged":["Regret","Parasite"],"gold":30,"score":218,"play_id":"dd00c0ba-975b-4396-8210-6e4e0e5ffbef","local_time":"20180522081626","is_prod":false,"is_daily":false,"chose_seed":false,"is_ascension_mode":true,"campfire_upgraded":1,"timestamp":1527002186,"campfire_choices":[{"data":"Panache","floor":7,"key":"SMITH"},{"floor":15,"key":"REST"},{"floor":23,"key":"REST"}],"path_taken":["M","?","?","?","?","E","R","M","T","M","?","?","M","E","R","BOSS","M","M","?","M","?","R","E"],"build_version":"2018-05-17","seed_source_timestamp":49750541936153,"purchased_purges":2,"victory":false,"master_deck":["Defend_G","Defend_G","Defend_G","Defend_G","Defend_G","Strike_G","Strike_G","Strike_G+1","Survivor","Neutralize","Masterful Stab","Panache+1","Cloak And Dagger","Blur","Caltrops","Noxious Fumes","Bouncing Flask+1","Caltrops","Terror","Outmaneuver","Envenom","After Image+1","Flying Knee+1","Masterful Stab","Panache","Well Laid Plans"],"max_hp_per_floor":[70,70,70,70,70,70,70,70,70,70,70,70,70,70,70,70,70,70,70,67,67,67,67,67],"relics":["Philosopher\u0027s Stone","Letter Opener","Vajra","Prayer Wheel","Sundial","Astrolabe"],"card_choices":[{"not_picked":["Prepared","Dagger Throw"],"picked":"Masterful Stab","floor":1},{"not_picked":["Eviscerate","Bane"],"picked":"Cloak And Dagger","floor":5},{"not_picked":["Backflip","Deflect"],"picked":"Blur","floor":6},{"not_picked":["Backflip","Bane"],"picked":"Caltrops","floor":8},{"not_picked":["Quick Slash","Expertise"],"picked":"Noxious Fumes","floor":10},{"not_picked":["Deadly Poison","Accuracy"],"picked":"Bouncing Flask","floor":10},{"not_picked":["Malaise","Masterful Stab"],"picked":"Caltrops","floor":12},{"not_picked":["Flying Knee","PiercingWail","Calculated Gamble"],"picked":"SKIP","floor":12},{"not_picked":["Expertise","Dash"],"picked":"Terror","floor":13},{"not_picked":["Finisher","Backflip","Eviscerate"],"picked":"SKIP","floor":13},{"not_picked":["Flechettes","Concentrate"],"picked":"Outmaneuver","floor":14},{"not_picked":["Corpse Explosion","Glass Knife"],"picked":"Envenom","floor":16},{"not_picked":["Poisoned Stab","Backflip"],"picked":"Masterful Stab","floor":18},{"not_picked":["Setup","Bane","Backflip+1"],"picked":"SKIP","floor":18},{"not_picked":["Flying Knee","Cloak And Dagger","Deadly Poison"],"picked":"SKIP","floor":19},{"not_picked":["Choke","Reflex","Prepared"],"picked":"SKIP","floor":19},{"not_picked":["Underhanded Strike+1","Deflect"],"picked":"Well Laid Plans","floor":21},{"not_picked":["Backflip+1","Dagger Throw","Deadly Poison+1"],"picked":"SKIP","floor":21}],"player_experience":398615,"potions_floor_usage":[12,12,16,19],"damage_taken":[{"damage":0,"enemies":"2 Louse","floor":1,"turns":4},{"damage":0,"enemies":"Jaw Worm","floor":5,"turns":5},{"damage":12,"enemies":"3 Sentries","floor":6,"turns":6},{"damage":0,"enemies":"Cultist","floor":8,"turns":3},{"damage":0,"enemies":"Exordium Wildlife","floor":10,"turns":3},{"damage":12,"enemies":"Exordium Thugs","floor":12,"turns":3},{"damage":7,"enemies":"3 Louse","floor":13,"turns":3},{"damage":20,"enemies":"Gremlin Nob","floor":14,"turns":5},{"damage":19,"enemies":"Hexaghost","floor":16,"turns":8},{"damage":5,"enemies":"3 Byrds","floor":18,"turns":3},{"damage":26,"enemies":"Chosen","floor":19,"turns":7},{"damage":36,"enemies":"Snecko","floor":21,"turns":5},{"damage":49,"enemies":"Slavers","floor":24,"turns":3}],"relics_obtained":[{"floor":6,"key":"Vajra"},{"floor":9,"key":"Prayer Wheel"},{"floor":14,"key":"Sundial"}],"event_choices":[{"event_name":"Liars Game","player_choice":"agreed","floor":2,"damage_taken":0},{"event_name":"Big Fish","player_choice":"Box","floor":3,"damage_taken":0},{"event_name":"Shining Light","player_choice":"Entered Light","floor":11,"damage_taken":0},{"event_name":"The Library","player_choice":"Heal","floor":22,"damage_taken":0}],"boss_relics":[{"not_picked":["Ectoplasm","Runic Pyramid"],"picked":"Astrolabe"}],"potions_floor_spawned":[5,10,14,18],"seed_played":"-6359290260839266218","killed_by":"Slavers","ascension_level":1,"potions_obtained":[{"floor":5,"key":"EssenceOfSteel"},{"floor":10,"key":"SkillPotion"},{"floor":14,"key":"GamblersBrew"},{"floor":18,"key":"Block Potion"}],"is_trial":false}