{"gold_per_floor":[114,114,114,133,133,153,153,179,179,211,225,241,51,83,83,185,185,204,204,204,223,77,77,177,177],"floor_reached":25,"playtime":926,"items_purged":[],"score":296,"play_id":"521251dc-89a9-48ee-97a0-e04065c4dc82","local_time":"20180927140118","is_ascension_mode":true,"campfire_choices":[{"data":"Zap","floor":7,"key":"SMITH"},{"floor":15,"key":"REST"},{"floor":23,"key":"REST"}],"neow_cost":"NONE","seed_source_timestamp":256318992510291,"circlet_count":0,"master_deck":["Strike_B","Strike_B","Strike_B+1","Defend_B","Defend_B","Defend_B","Defend_B","Zap+1","Dualcast","Leap","Ball Lightning+1","Redo","Ball Lightning","Steam","Sweeping Beam","Defragment","Steam","Multi-Cast","Rainbow","Self Repair","Ball Lightning+1","White Noise"],"relics":["Cracked Core","Meat on the Bone","Sundial","Boot","Bronze Scales","Gremlin Horn","Cursed Key","Whetstone","Incense Burner","Mercury Hourglass"],"potions_floor_usage":[8,16,21,24,24],"damage_taken":[{"damage":0,"enemies":"2 Louse","floor":1,"turns":3},{"damage":3,"enemies":"Small Slimes","floor":4,"turns":3},{"damage":0,"enemies":"Cultist","floor":6,"turns":3},{"damage":18,"enemies":"Gremlin Nob","floor":8,"turns":4},{"damage":10,"enemies":"Lagavulin","floor":10,"turns":7},{"damage":0,"enemies":"Large Slime","floor":11,"turns":4},{"damage":12,"enemies":"Looter","floor":12,"turns":3},{"damage":9,"enemies":"3 Sentries","floor":14,"turns":4},{"damage":35,"enemies":"Hexaghost","floor":16,"turns":9},{"damage":4,"enemies":"Spheric Guardian","floor":18,"turns":4},{"damage":24,"enemies":"2 Thieves","floor":21,"turns":3},{"damage":28,"enemies":"Colosseum Slavers","floor":24,"turns":4},{"damage":47,"enemies":"Colosseum Nobs","floor":24,"turns":4},{"damage":36,"enemies":"Gremlin Leader","floor":25,"turns":2}],"seed_played":"7468848272102826391","potions_obtained":[{"floor":1,"key":"Strength Potion"},{"floor":6,"key":"AttackPotion"},{"floor":10,"key":"Explosive Potion"},{"floor":16,"key":"PowerPotion"},{"floor":18,"key":"FocusPotion"}],"is_trial":false,"path_per_floor":["M","?","?","M","?","M","R","E","T","E","M","M","$","E","R","B",null,"M","?","?","M","$","R","?"],"character_chosen":"DEFECT","items_purchased":["Bronze Scales","Steam","Whetstone"],"campfire_rested":2,"item_purchase_floors":[13,13,22],"current_hp_per_floor":[68,68,68,65,65,65,65,47,47,49,49,49,49,40,62,39,66,62,62,48,43,43,67,30,0],"gold":177,"neow_bonus":"THREE_CARDS","is_prod":false,"is_daily":false,"chose_seed":false,"campfire_upgraded":1,"win_rate":0,"timestamp":1538049678,"path_taken":["M","?","?","M","?","M","R","E","T","E","M","?","$","E","R","BOSS","M","?","?","?","?","R","?","E"],"build_version":"2018-09-20","purchased_purges":0,"victory":false,"max_hp_per_floor":[75,75,75,75,75,75,75,75,75,75,75,75,75,75,75,75,75,75,75,80,80,80,80,80,80],"card_choices":[{"not_picked":["Compile Driver","Gash"],"picked":"Leap","floor":0},{"not_picked":["Scrape","Consume"],"picked":"Ball Lightning","floor":1},{"not_picked":["Aggregate","Compile Driver","Force Field"],"picked":"SKIP","floor":4},{"not_picked":["Loop","Redo"],"picked":"Ball Lightning","floor":6},{"not_picked":["Cold Snap","Scrape"],"picked":"Steam","floor":8},{"not_picked":["Scrape","FTL","Rebound"],"picked":"SKIP","floor":10},{"not_picked":["Static Discharge","Cold Snap"],"picked":"Sweeping Beam","floor":11},{"not_picked":["Melter","Leap"],"picked":"Defragment","floor":12},{"not_picked":["Gash","Biased Cognition"],"picked":"Multi-Cast","floor":14},{"not_picked":["Machine Learning","Meteor Strike"],"picked":"Rainbow","floor":16},{"not_picked":["Steam Power","Compile Driver","Static Discharge"],"picked":"SKIP","floor":18},{"not_picked":["Conserve Battery","Redo"],"picked":"Ball Lightning+1","floor":21},{"not_picked":["Rebound","Rip and Tear"],"picked":"White Noise","floor":24}],"player_experience":426559,"relics_obtained":[{"floor":8,"key":"Meat on the Bone"},{"floor":9,"key":"Sundial"},{"floor":10,"key":"Boot"},{"floor":14,"key":"Gremlin Horn"},{"floor":24,"key":"Incense Burner"},{"floor":24,"key":"Mercury Hourglass"}],"event_choices":[{"event_name":"Golden Wing","player_choice":"Ignored","floor":2,"damage_taken":0},{"event_name":"Golden Idol","player_choice":"Ignored","floor":3,"damage_taken":0},{"event_name":"Transmorgrifier","player_choice":"Transform","floor":5,"damage_taken":0},{"event_name":"The Library","player_choice":"Read","floor":19,"damage_taken":0},{"event_name":"Forgotten Altar","player_choice":"Shed Blood","floor":20,"damage_taken":0},{"event_name":"Colosseum","player_choice":"Fight","floor":24,"damage_taken":0},{"event_name":"Colosseum","player_choice":"Fought Nobs","floor":24,"damage_taken":0}],"is_beta":false,"boss_relics":[{"not_picked":["Fusion Hammer","White Beast Statue"],"picked":"Cursed Key"}],"items_purged_floors":[],"is_endless":false,"potions_floor_spawned":[1,6,10,16,18,24],"killed_by":"Gremlin Leader","ascension_level":7}