{"gold_per_floor":[19,31,42,42,53,53,84,9,34,46,64,64,64,84,84,188,238,252,265,284,31,51,51,83,83,83,94,94,156,56,75,75,75],"floor_reached":33,"playtime":2801,"items_purged":["Strike_G","Strike_G"],"score":316,"play_id":"6edb670d-6bb2-4dec-9bd7-60dfc5553ac6","local_time":"20190311214001","is_ascension_mode":false,"campfire_choices":[{"data":"Corpse Explosion","floor":6.0,"key":"SMITH"},{"data":"Catalyst","floor":12.0,"key":"SMITH"},{"data":"Prepared","floor":15.0,"key":"SMITH"},{"data":"Corpse Explosion","floor":23,"key":"SMITH"},{"data":"Prepared","floor":25,"key":"SMITH"},{"floor":28,"key":"REST"},{"floor":32,"key":"REST"}],"neow_cost":"NO_GOLD","seed_source_timestamp":0,"circlet_count":0,"master_deck":["Defend_G","Defend_G","Defend_G","Defend_G","Defend_G","Strike_G","Strike_G","Strike_G","Survivor","Neutralize+1","Corpse Explosion+1","Prepared+1","Catalyst+1","Escape Plan","Prepared+1","Blur","Escape Plan","Backstab","Corpse Explosion+1","Bane","Blur","Deadly Poison+1","Prepared+1"],"special_seed":0,"relics":["Ring of the Snake","Potion Belt","Centennial Puzzle","Dream Catcher","Tiny House","Meat on the Bone","Art of War","Bottled Lightning","Tiny Chest"],"potions_floor_usage":[18,22,24,24,27,27,29,33,33],"damage_taken":[{"damage":0.0,"enemies":"Small Slimes","floor":1.0,"turns":2.0},{"damage":0.0,"enemies":"Jaw Worm","floor":2.0,"turns":3.0},{"damage":1.0,"enemies":"Cultist","floor":3.0,"turns":4.0},{"damage":10.0,"enemies":"Looter","floor":5.0,"turns":3.0},{"damage":6.0,"enemies":"Lagavulin","floor":7.0,"turns":6.0},{"damage":1.0,"enemies":"Blue Slaver","floor":10.0,"turns":3.0},{"damage":2.0,"enemies":"Large Slime","floor":11.0,"turns":6.0},{"damage":0.0,"enemies":"Red Slaver","floor":14.0,"turns":3.0},{"damage":7.0,"enemies":"Hexaghost","floor":16.0,"turns":8.0},{"damage":0,"enemies":"2 Thieves","floor":18,"turns":2},{"damage":10,"enemies":"Chosen","floor":19,"turns":3},{"damage":12,"enemies":"Snecko","floor":20,"turns":6},{"damage":12,"enemies":"Shelled Parasite and Fungi","floor":22,"turns":4},{"damage":14,"enemies":"Slavers","floor":24,"turns":2},{"damage":15,"enemies":"Sentry and Sphere","floor":27,"turns":4},{"damage":54,"enemies":"Gremlin Leader","floor":29,"turns":6},{"damage":3,"enemies":"Snecko","floor":31,"turns":4},{"damage":56,"enemies":"Collector","floor":33,"turns":7}],"seed_played":"2224769329503648602","potions_obtained":[{"floor":1.0,"key":"Ancient Potion"},{"floor":5.0,"key":"Block Potion"},{"floor":7.0,"key":"Swift Potion"},{"floor":11.0,"key":"GamblersBrew"},{"floor":14.0,"key":"Swift Potion"},{"floor":16.0,"key":"Strength Potion"},{"floor":19,"key":"Block Potion"},{"floor":22,"key":"SkillPotion"},{"floor":27,"key":"AttackPotion"},{"floor":31,"key":"GhostInAJar"}],"is_trial":false,"path_per_floor":["?","?"],"character_chosen":"THE_SILENT","items_purchased":["Meat on the Bone"],"campfire_rested":2,"item_purchase_floors":[21],"current_hp_per_floor":[70,70,69,69,59,59,53,53,53,52,50,50,47,47,47,40,75,75,65,53,53,41,41,39,39,39,36,58,16,16,25,47,0],"gold":75,"neow_bonus":"THREE_RARE_CARDS","is_prod":false,"is_daily":false,"chose_seed":false,"campfire_upgraded":5,"win_rate":0.0,"timestamp":1552315201,"path_taken":["M","M","M","?","M","R","E","$","T","M","M","R","?","M","R","BOSS","M","M","M","$","M","R","E","R","T","M","R","E","$","M","R","BOSS"],"build_version":"2019-01-23","purchased_purges":2,"victory":false,"max_hp_per_floor":[70,70,70,70,70,70,70,70,70,70,70,70,70,70,70,70,75,75,75,75,75,75,75,75,75,75,75,75,75,75,75,75,75],"card_choices":[{"not_picked":["Phantasmal Killer","Wraith Form v2"],"picked":"Corpse Explosion","floor":0.0},{"not_picked":["Masterful Stab","Bane"],"picked":"Prepared","floor":1.0},{"not_picked":["Flying Knee","Choke"],"picked":"Catalyst","floor":2.0},{"not_picked":["Finisher","Reflex"],"picked":"Escape Plan","floor":3.0},{"not_picked":["PiercingWail","Skewer"],"picked":"Prepared","floor":5.0},{"not_picked":["Blade Dance","PiercingWail","Choke"],"picked":"SKIP","floor":7.0},{"not_picked":["Dagger Spray","Acrobatics"],"picked":"Blur","floor":10.0},{"not_picked":["Predator","Blade Dance"],"picked":"Escape Plan","floor":11.0},{"not_picked":["Bouncing Flask","Dagger Spray"],"picked":"Backstab","floor":14.0},{"not_picked":["Unload","Malaise"],"picked":"Corpse Explosion","floor":16.0},{"not_picked":["Finisher","All Out Attack"],"picked":"Bane","floor":17},{"not_picked":["Prepared","Heel Hook"],"picked":"Blur","floor":18},{"not_picked":["Cloak And Dagger","Dagger Spray","Flechettes"],"picked":"SKIP","floor":19},{"not_picked":["Flying Knee","Distraction","Quick Slash"],"picked":"SKIP","floor":20},{"not_picked":["Expertise","Dagger Spray"],"picked":"Deadly Poison+1","floor":22},{"not_picked":["Bane","Dodge and Roll+1"],"picked":"Prepared+1","floor":24},{"not_picked":["Quick Slash+1","Leg Sweep","Heel Hook+1"],"picked":"SKIP","floor":27},{"not_picked":["Doppelganger","PiercingWail","Riddle With Holes"],"picked":"SKIP","floor":29},{"not_picked":["Bouncing Flask","Backstab","Acrobatics"],"picked":"SKIP","floor":31}],"player_experience":56164,"relics_obtained":[{"floor":7.0,"key":"Potion Belt"},{"floor":9.0,"key":"Centennial Puzzle"},{"floor":24,"key":"Art of War"},{"floor":26,"key":"Bottled Lightning"},{"floor":29,"key":"Tiny Chest"}],"event_choices":[{"damage_healed":0.0,"max_hp_gain":0.0,"max_hp_loss":0.0,"gold_gain":0.0,"event_name":"Liars Game","player_choice":"Ignored","floor":4.0,"gold_loss":0.0,"damage_taken":0.0},{"damage_healed":0.0,"max_hp_gain":0.0,"max_hp_loss":0.0,"gold_gain":0.0,"event_name":"Scrap Ooze","player_choice":"Success","floor":13.0,"gold_loss":0.0,"damage_taken":3.0,"relics_obtained":["Dream Catcher"]}],"is_beta":false,"boss_relics":[{"not_picked":["Busted Crown","Snecko Eye"],"picked":"Tiny House"}],"items_purged_floors":[8,30],"is_endless":false,"potions_floor_spawned":[1,5,7,11,14,16,19,22,27,31],"killed_by":"Collector","ascension_level":0}