{"gold_per_floor":[116,116,129,141,141,167,184,20,20,52,72,72,17,35,35,109,109,125,144,89,105,65,65,65,65,140,157,157,190,190,240,240,314,314,325,325,325,325,325,325,7,7,7,19,73,73,93,106,106,106],"floor_reached":50,"playtime":1634,"items_purged":[],"score":961,"play_id":"939ca1f1-6a49-4a54-b58c-6e77662cfc9f","local_time":"20181231165252","is_ascension_mode":true,"campfire_choices":[{"data":"Sweeping Beam","floor":12.0,"key":"SMITH"},{"floor":15.0,"key":"REST"},{"data":"Machine Learning","floor":23.0,"key":"SMITH"},{"data":"Storm","floor":25.0,"key":"SMITH"},{"data":"Biased Cognition","floor":28.0,"key":"SMITH"},{"data":"White Noise","floor":32.0,"key":"SMITH"},{"floor":40.0,"key":"REST"},{"floor":42.0,"key":"REST"},{"floor":49.0,"key":"REST"}],"neow_cost":"NONE","seed_source_timestamp":0,"circlet_count":0,"master_deck":["AscendersBane","Strike_B","Defend_B+1","Defend_B","Defend_B","Defend_B","Zap+1","Hologram+1","Gash","Ball Lightning","Gash","Sweeping Beam+1","Ball Lightning","Auto Shields","Melter","Machine Learning+1","Heatsinks+1","Conserve Battery+1","Self Repair+1","Gash","Glacier","Biased Cognition+1","Storm+1","Self Repair","White Noise+1","Echo Form","Storm+1","Defragment","Hologram+1"],"special_seed":0,"relics":["Cracked Core","NeowsBlessing","War Paint","Potion Belt","Art of War","Meat on the Bone","Astrolabe","Dodecahedron","Boot","Fusion Hammer","Letter Opener","DollysMirror","Oddly Smooth Stone","Thread and Needle"],"potions_floor_usage":[50,50],"damage_taken":[{"damage":0.0,"enemies":"Small Slimes","floor":1.0,"turns":1.0},{"damage":0.0,"enemies":"Cultist","floor":3.0,"turns":1.0},{"damage":0.0,"enemies":"2 Louse","floor":4.0,"turns":1.0},{"damage":39.0,"enemies":"Gremlin Nob","floor":6.0,"turns":4.0},{"damage":0.0,"enemies":"Exordium Wildlife","floor":7.0,"turns":3.0},{"damage":17.0,"enemies":"3 Sentries","floor":10.0,"turns":6.0},{"damage":0.0,"enemies":"Gremlin Gang","floor":11.0,"turns":2.0},{"damage":1.0,"enemies":"Large Slime","floor":14.0,"turns":4.0},{"damage":12.0,"enemies":"Slime Boss","floor":16.0,"turns":6.0},{"damage":24.0,"enemies":"Chosen","floor":18.0,"turns":6.0},{"damage":21.0,"enemies":"3 Byrds","floor":19.0,"turns":5.0},{"damage":28.0,"enemies":"Shelled Parasite and Fungi","floor":21.0,"turns":7.0},{"damage":5.0,"enemies":"Snecko","floor":27.0,"turns":4.0},{"damage":22.0,"enemies":"Book of Stabbing","floor":29.0,"turns":4.0},{"damage":27.0,"enemies":"Collector","floor":33.0,"turns":7.0},{"damage":36.0,"enemies":"3 Darklings","floor":35.0,"turns":5.0},{"damage":27.0,"enemies":"3 Shapes","floor":44.0,"turns":3.0},{"damage":27.0,"enemies":"2 Orb Walkers","floor":45.0,"turns":2.0},{"damage":34.0,"enemies":"Jaw Worm Horde","floor":47.0,"turns":4.0},{"damage":17.0,"enemies":"3 Darklings","floor":48.0,"turns":4.0},{"damage":70,"enemies":"Time Eater","floor":50,"turns":12}],"seed_played":"7263519832619848987","potions_obtained":[{"floor":3.0,"key":"Swift Potion"},{"floor":4.0,"key":"Explosive Potion"},{"floor":6.0,"key":"PowerPotion"},{"floor":11.0,"key":"Strength Potion"},{"floor":14.0,"key":"SteroidPotion"},{"floor":21.0,"key":"Block Potion"},{"floor":29.0,"key":"PowerPotion"},{"floor":44.0,"key":"GamblersBrew"},{"floor":45.0,"key":"SteroidPotion"},{"floor":48.0,"key":"Dexterity Potion"}],"is_trial":false,"path_per_floor":["M","?","M","M","?","E","M","$","T","E","M","R","$","M","R","B",null,"M","M","$","M","$","R","?","R","T","M","R","E","?","?","R","B",null,"M","?","?","T","?","R","$","R","T","M","?","?","M","M","R","B"],"character_chosen":"DEFECT","items_purchased":["Potion Belt","Energy Potion","PowerPotion","Storm","DollysMirror","Defragment"],"campfire_rested":4,"item_purchase_floors":[8,13,20,22,41,41],"current_hp_per_floor":[64,64,64,64,64,25,25,25,25,8,20,20,20,31,52,40,63,49,50,50,44,44,44,44,44,44,39,39,46,46,46,46,48,65,58,58,58,58,58,71,71,71,71,58,50,50,45,50,67,0],"gold":106,"neow_bonus":"THREE_ENEMY_KILL","is_prod":false,"is_daily":false,"chose_seed":false,"campfire_upgraded":5,"win_rate":0,"timestamp":1546271572,"path_taken":["M","?","M","?","?","E","M","?","T","E","M","R","$","M","R","BOSS","M","M","$","?","$","R","?","R","T","M","R","E","?","?","R","BOSS","M","?","?","?","?","R","$","R","T","?","?","?","M","M","R","BOSS"],"build_version":"2018-12-20","purchased_purges":0,"victory":false,"max_hp_per_floor":[71,71,71,71,71,71,71,71,71,71,71,71,71,71,71,71,71,71,71,71,71,71,71,71,71,71,71,71,71,71,71,71,71,71,71,71,71,71,71,71,71,71,71,71,71,67,67,67,67,67],"card_choices":[{"not_picked":["Stack","Recycle"],"picked":"Hologram","floor":1.0},{"not_picked":["Tempest","Hello World"],"picked":"Gash","floor":3.0},{"not_picked":["Self Repair","Rebound"],"picked":"Ball Lightning","floor":4.0},{"not_picked":["Static Discharge","Sweeping Beam"],"picked":"Gash","floor":6.0},{"not_picked":["Fusion","Darkness"],"picked":"Sweeping Beam","floor":7.0},{"not_picked":["Darkness","Steam"],"picked":"Ball Lightning","floor":10.0},{"not_picked":["Sweeping Beam","Compile Driver"],"picked":"Auto Shields","floor":11.0},{"not_picked":["Machine Learning","Fusion"],"picked":"Melter","floor":14.0},{"not_picked":["Echo Form","Creative AI"],"picked":"Machine Learning","floor":16.0},{"not_picked":["Heatsinks","Conserve Battery"],"picked":"Gash","floor":18.0},{"not_picked":["Coolheaded","Ball Lightning"],"picked":"Glacier","floor":19.0},{"not_picked":["Steam","Turbo"],"picked":"Biased Cognition","floor":21.0},{"not_picked":["Hologram+1","Force Field"],"picked":"Self Repair","floor":27.0},{"not_picked":["Leap","Double Energy","Go for the Eyes"],"picked":"SKIP","floor":29.0},{"not_picked":["Biased Cognition","Machine Learning"],"picked":"Echo Form","floor":33.0},{"not_picked":["Glacier","Auto Shields","Conserve Battery"],"picked":"SKIP","floor":35.0},{"not_picked":["Go for the Eyes","Coolheaded","Turbo"],"picked":"SKIP","floor":44.0},{"not_picked":["Undo","Go for the Eyes+1"],"picked":"Hologram+1","floor":47.0},{"not_picked":["Go for the Eyes","Tempest","Undo+1"],"picked":"SKIP","floor":48.0}],"player_experience":1083919,"relics_obtained":[{"floor":6.0,"key":"War Paint"},{"floor":9.0,"key":"Art of War"},{"floor":10.0,"key":"Meat on the Bone"},{"floor":26.0,"key":"Dodecahedron"},{"floor":29.0,"key":"Boot"},{"floor":38.0,"key":"Letter Opener"},{"floor":43.0,"key":"Oddly Smooth Stone"},{"floor":45.0,"key":"Thread and Needle"}],"event_choices":[{"damage_healed":0.0,"max_hp_gain":0.0,"max_hp_loss":0.0,"gold_gain":0.0,"event_name":"Upgrade Shrine","player_choice":"Upgraded","floor":2.0,"gold_loss":0.0,"damage_taken":0.0,"cards_upgraded":["Zap"]},{"damage_healed":0.0,"max_hp_gain":0.0,"max_hp_loss":0.0,"gold_gain":0.0,"event_name":"Living Wall","player_choice":"Grow","floor":5.0,"gold_loss":0.0,"damage_taken":0.0,"cards_upgraded":["Hologram"]},{"damage_healed":0.0,"max_hp_gain":0.0,"max_hp_loss":0.0,"gold_gain":0.0,"event_name":"Beggar","player_choice":"Ignored","floor":24.0,"gold_loss":0.0,"damage_taken":0.0},{"damage_healed":0.0,"max_hp_gain":0.0,"max_hp_loss":0.0,"gold_gain":0.0,"event_name":"The Library","player_choice":"Read","floor":30.0,"gold_loss":0.0,"damage_taken":0.0,"cards_obtained":["White Noise"]},{"damage_healed":0.0,"max_hp_gain":0.0,"max_hp_loss":0.0,"gold_gain":50.0,"event_name":"Nest","player_choice":"Stole From Cult","floor":31.0,"gold_loss":0.0,"damage_taken":0.0},{"cards_removed":["Dualcast"],"damage_healed":0.0,"max_hp_gain":0.0,"max_hp_loss":0.0,"gold_gain":0.0,"event_name":"Falling","player_choice":"Removed Skill","floor":36.0,"gold_loss":0.0,"damage_taken":0.0},{"damage_healed":0.0,"max_hp_gain":0.0,"max_hp_loss":0.0,"gold_gain":0.0,"event_name":"Tomb of Lord Red Mask","player_choice":"Ignored","floor":37.0,"gold_loss":0.0,"damage_taken":0.0},{"damage_healed":0.0,"max_hp_gain":0.0,"max_hp_loss":0.0,"gold_gain":0.0,"event_name":"SecretPortal","player_choice":"Ignored","floor":39.0,"gold_loss":0.0,"damage_taken":0.0},{"damage_healed":0.0,"max_hp_gain":0.0,"max_hp_loss":0.0,"gold_gain":0.0,"event_name":"Mysterious Sphere","player_choice":"Fight","floor":45.0,"gold_loss":0.0,"damage_taken":0.0},{"damage_healed":0.0,"max_hp_gain":0.0,"max_hp_loss":4.0,"gold_gain":0.0,"event_name":"Winding Halls","player_choice":"Max HP","floor":46.0,"gold_loss":0.0,"damage_taken":0.0}],"is_beta":false,"boss_relics":[{"not_picked":["Philosopher\u0027s Stone","Coffee Dripper"],"picked":"Astrolabe"},{"not_picked":["Empty Cage","Orrery"],"picked":"Fusion Hammer"}],"items_purged_floors":[],"is_endless":false,"potions_floor_spawned":[3,4,6,11,14,21,29,44,45,48],"killed_by":"Time Eater","ascension_level":20}