{"gold_per_floor":[111,36,55,4,14,14,41,58,81,96,96,129,139,89,89,185,185,203,217,217,217,227,227,244,279,353,83,83,83,83,93,93,188,188,199,212,212,512,512,512,525,539,566,566,666,666,458,408,408,408],"floor_reached":51,"playtime":1859,"items_purged":["Shame","Strike_B","Core Surge"],"score":1050,"play_id":"e4357408-772c-4cca-8a6e-a72ea8effad7","local_time":"20181010141033","is_ascension_mode":true,"campfire_choices":[{"data":"Zap","floor":6,"key":"SMITH"},{"floor":11,"key":"REST"},{"floor":15,"key":"REST"},{"floor":23,"key":"REST"},{"floor":28,"key":"REST"},{"data":"Gash","floor":30,"key":"SMITH"},{"floor":32,"key":"REST"},{"data":"Gash","floor":40,"key":"SMITH"},{"data":"Hyperbeam","floor":44,"key":"SMITH"},{"data":"Go for the Eyes","floor":46,"key":"SMITH"},{"floor":49,"key":"REST"}],"neow_cost":"CURSE","seed_source_timestamp":84033565983043,"circlet_count":0,"master_deck":["Strike_B","Defend_B","Defend_B","Defend_B","Zap+1","Dualcast","AscendersBane","All For One","Go for the Eyes+1","Beam Cell","Gash+1","Gash+1","Hyperbeam+1","BootSequence","Undo+1","Necronomicurse","Gash+1","Beam Cell","Conserve Battery","Beam Cell+1","Hologram","Steam"],"relics":["Cracked Core","Smiling Mask","Ancient Tea Set","Vajra","Blue Candle","Empty Cage","Necronomicon","DataDisk","Letter Opener","Membership Card","Juzu Bracelet","Nuclear Battery","Regal Pillow","Gambling Chip"],"potions_floor_usage":[10,33,50,50],"damage_taken":[{"damage":8,"enemies":"Jaw Worm","floor":1,"turns":4},{"damage":0,"enemies":"Cultist","floor":3,"turns":3},{"damage":6,"enemies":"2 Louse","floor":5,"turns":3},{"damage":30,"enemies":"3 Sentries","floor":7,"turns":7},{"damage":6,"enemies":"Exordium Wildlife","floor":8,"turns":2},{"damage":0,"enemies":"Large Slime","floor":10,"turns":4},{"damage":12,"enemies":"Gremlin Nob","floor":12,"turns":3},{"damage":3,"enemies":"Looter","floor":13,"turns":2},{"damage":22,"enemies":"Slime Boss","floor":16,"turns":9},{"damage":23,"enemies":"2 Thieves","floor":18,"turns":3},{"damage":8,"enemies":"3 Byrds","floor":19,"turns":3},{"damage":0,"enemies":"Centurion and Healer","floor":22,"turns":1},{"damage":11,"enemies":"Sentry and Sphere","floor":24,"turns":3},{"damage":0,"enemies":"Slavers","floor":25,"turns":2},{"damage":14,"enemies":"Shelled Parasite and Fungi","floor":31,"turns":4},{"damage":49,"enemies":"Automaton","floor":33,"turns":8},{"damage":1,"enemies":"Orb Walker","floor":35,"turns":3},{"damage":7,"enemies":"3 Shapes","floor":36,"turns":3},{"damage":5,"enemies":"Sphere and 2 Shapes","floor":41,"turns":8},{"damage":0,"enemies":"3 Darklings","floor":42,"turns":1},{"damage":61,"enemies":"Donu and Deca","floor":50,"turns":8}],"seed_played":"6012739518532155311","potions_obtained":[{"floor":5,"key":"Fire Potion"},{"floor":8,"key":"Dexterity Potion"},{"floor":10,"key":"SteroidPotion"},{"floor":13,"key":"SpeedPotion"},{"floor":35,"key":"EssenceOfSteel"}],"is_trial":false,"path_per_floor":["M","$","M","?","M","R","E","M","T","M","R","E","M","$","R","B",null,"M","M","$","?","M","R","M","E","T","$","R","?","R","M","R","B",null,"M","M","?","?","?","R","M","M","T","R","?","R","$","$","R","B"],"character_chosen":"DEFECT","items_purchased":["Membership Card","Juzu Bracelet","Gambling Chip","Hologram","Steam"],"campfire_rested":6,"item_purchase_floors":[27,27,47,48,48],"current_hp_per_floor":[60,60,60,60,54,54,24,18,18,18,40,28,25,25,47,25,63,40,32,32,16,16,38,27,27,27,27,49,49,49,35,57,8,58,57,50,50,50,50,50,45,45,45,45,45,45,45,45,75,14],"gold":408,"neow_bonus":"THREE_RARE_CARDS","is_prod":false,"is_daily":false,"chose_seed":false,"campfire_upgraded":5,"win_rate":0,"timestamp":1539173433,"path_taken":["M","$","M","?","M","R","E","M","T","M","R","E","M","?","R","BOSS","M","M","$","?","M","R","?","E","T","$","R","?","R","M","R","BOSS","M","M","?","?","?","R","M","M","T","R","?","R","?","$","R","BOSS"],"build_version":"2018-10-04v2","purchased_purges":3,"victory":true,"max_hp_per_floor":[75,75,75,75,75,75,75,75,75,75,75,75,75,75,75,75,75,75,75,75,75,75,75,75,75,75,75,75,75,75,75,75,75,75,75,75,75,75,75,75,75,75,75,75,75,75,75,75,75,75],"card_choices":[{"not_picked":["Multi-Cast","Fission"],"picked":"All For One","floor":0},{"not_picked":["Steam","Skim"],"picked":"Go for the Eyes","floor":1},{"not_picked":["Sweeping Beam","Steam"],"picked":"Core Surge","floor":3},{"not_picked":["Chaos","Stack","Blizzard"],"picked":"SKIP","floor":5},{"not_picked":["Chaos","Capacitor"],"picked":"Beam Cell","floor":7},{"not_picked":["Loop","Heatsinks"],"picked":"Gash","floor":8},{"not_picked":["Reprogram","Skim","Compile Driver"],"picked":"SKIP","floor":10},{"not_picked":["Leap","Melter"],"picked":"Gash","floor":12},{"not_picked":["Darkness","Stack","Reboot"],"picked":"SKIP","floor":13},{"not_picked":["Thunder Strike","Electrodynamics"],"picked":"Hyperbeam","floor":16},{"not_picked":["Steam+1","Conserve Battery"],"picked":"BootSequence","floor":18},{"not_picked":["Loop+1","Cold Snap+1"],"picked":"Undo+1","floor":19},{"not_picked":["Fusion","Conserve Battery+1"],"picked":"Gash+1","floor":22},{"not_picked":["Rainbow","Barrage","Darkness+1"],"picked":"SKIP","floor":24},{"not_picked":["Steam","Static Discharge"],"picked":"Beam Cell","floor":25},{"not_picked":["Stack","Double Energy"],"picked":"Conserve Battery","floor":31},{"not_picked":["Turbo+1","Force Field","Capacitor+1"],"picked":"SKIP","floor":35},{"not_picked":["Gash","Steam+1","Redo+1"],"picked":"SKIP","floor":36},{"not_picked":["Fusion+1","Streamline"],"picked":"Beam Cell+1","floor":41},{"not_picked":["Streamline+1","Barrage+1","Hello World+1"],"picked":"SKIP","floor":42}],"player_experience":537029,"relics_obtained":[{"floor":7,"key":"Ancient Tea Set"},{"floor":9,"key":"Vajra"},{"floor":12,"key":"Blue Candle"},{"floor":21,"key":"Necronomicon"},{"floor":25,"key":"DataDisk"},{"floor":26,"key":"Letter Opener"},{"floor":43,"key":"Regal Pillow"}],"event_choices":[{"event_name":"WeMeetAgain","player_choice":"Gold","floor":4,"damage_taken":0},{"event_name":"Cursed Tome","player_choice":"Obtained Book","floor":21,"damage_taken":0},{"event_name":"Ghosts","player_choice":"Ignored","floor":29,"damage_taken":0},{"event_name":"Falling","player_choice":"Removed Skill","floor":37,"damage_taken":0},{"event_name":"Wheel of Change","player_choice":"Gold","floor":38,"damage_taken":0},{"event_name":"SensoryStone","player_choice":"Memory 1","floor":39,"damage_taken":0},{"event_name":"Golden Shrine","player_choice":"Pray","floor":45,"damage_taken":0}],"is_beta":false,"boss_relics":[{"not_picked":["Runic Dome","Coffee Dripper"],"picked":"Empty Cage"},{"not_picked":["Inserter","FrozenCore"],"picked":"Nuclear Battery"}],"items_purged_floors":[2,14,47],"is_endless":false,"potions_floor_spawned":[5,8,10,13,18,25,31,35,42],"ascension_level":10}