{"gold_per_floor":[211,211,130,147,163,188,188,214,214,90,105,105,138,156,156,252,252,267,20,36,53,152,187,187,219,219,219,235,248,7,7,7,105,105,122,49,149,163,180,180,180,180,252,252,252,252,252,282,282,282],"floor_reached":51,"playtime":3392,"items_purged":["Strike_G","Strike_G"],"score":900,"play_id":"71612129-a3c2-4e36-9475-d1637affac18","local_time":"20190409032831","is_ascension_mode":true,"campfire_choices":[{"data":"Noxious Fumes","floor":7.0,"key":"SMITH"},{"data":"Catalyst","floor":15.0,"key":"SMITH"},{"floor":24.0,"key":"REST"},{"floor":32.0,"key":"REST"},{"data":"Malaise","floor":40,"key":"SMITH"},{"data":"Catalyst","floor":42,"key":"SMITH"},{"data":"Neutralize","floor":44,"key":"SMITH"},{"data":"Wraith Form v2","floor":46,"key":"SMITH"},{"floor":49,"key":"REST"}],"neow_cost":"NONE","seed_source_timestamp":0,"circlet_count":0,"master_deck":["Defend_G","Defend_G","Defend_G","Defend_G","Defend_G","Survivor","Neutralize+1","Sucker Punch","Noxious Fumes+1","Flying Knee","Finisher","Crippling Poison","Catalyst+1","Dodge and Roll","Backflip","Wraith Form v2+1","Glass Knife","Caltrops","Backflip","Well Laid Plans","Sucker Punch","Blur","Bane+1","PiercingWail","Noxious Fumes+1","Deflect","PiercingWail","After Image+1","Dark Shackles","Malaise+1","Catalyst+1","Deadly Poison+1","Riddle With Holes+1","A Thousand Cuts+1","Deadly Poison+1","Dash","Deflect","Noxious Fumes+1","Dash+1","Flying Knee+1"],"special_seed":0,"relics":["Ring of the Snake","Meat on the Bone","Peace Pipe","StoneCalendar","Blue Candle","Empty Cage","Frozen Egg 2","Mummified Hand","Bottled Flame","Orrery","Torii","Kunai","Dodecahedron"],"potions_floor_usage":[47,48,50],"damage_taken":[{"damage":0.0,"enemies":"2 Louse","floor":1.0,"turns":3.0},{"damage":1.0,"enemies":"Jaw Worm","floor":4.0,"turns":5.0},{"damage":4.0,"enemies":"Cultist","floor":5.0,"turns":3.0},{"damage":20.0,"enemies":"Lagavulin","floor":6.0,"turns":6.0},{"damage":20.0,"enemies":"3 Sentries","floor":8.0,"turns":7.0},{"damage":21.0,"enemies":"Exordium Wildlife","floor":11.0,"turns":5.0},{"damage":10.0,"enemies":"Gremlin Nob","floor":13.0,"turns":5.0},{"damage":4.0,"enemies":"2 Fungi Beasts","floor":14.0,"turns":5.0},{"damage":21.0,"enemies":"Slime Boss","floor":16.0,"turns":8.0},{"damage":4.0,"enemies":"3 Byrds","floor":18.0,"turns":4.0},{"damage":17.0,"enemies":"Shell Parasite","floor":20.0,"turns":5.0},{"damage":17.0,"enemies":"Centurion and Healer","floor":21.0,"turns":7.0},{"damage":41.0,"enemies":"Gremlin Leader","floor":23.0,"turns":7.0},{"damage":39.0,"enemies":"Book of Stabbing","floor":25.0,"turns":7.0},{"damage":1.0,"enemies":"Cultist and Chosen","floor":28.0,"turns":5.0},{"damage":3.0,"enemies":"Snecko","floor":29.0,"turns":5.0},{"damage":18.0,"enemies":"Champ","floor":33.0,"turns":17.0},{"damage":21,"enemies":"3 Darklings","floor":35,"turns":6},{"damage":0,"enemies":"Mind Bloom Boss Battle","floor":37,"turns":7},{"damage":4,"enemies":"3 Shapes","floor":38,"turns":7},{"damage":21,"enemies":"Maw","floor":39,"turns":8},{"damage":0,"enemies":"Jaw Worm Horde","floor":47,"turns":3},{"damage":37,"enemies":"Reptomancer","floor":48,"turns":5},{"damage":15,"enemies":"Time Eater","floor":50,"turns":10}],"seed_played":"-8220388594188616522","potions_obtained":[{"floor":5.0,"key":"Poison Potion"},{"floor":8.0,"key":"Ancient Potion"},{"floor":11.0,"key":"Fire Potion"},{"floor":14.0,"key":"SpeedPotion"},{"floor":16.0,"key":"Energy Potion"},{"floor":21.0,"key":"AttackPotion"},{"floor":23.0,"key":"Poison Potion"},{"floor":29.0,"key":"GhostInAJar"},{"floor":33.0,"key":"SmokeBomb"}],"is_trial":false,"path_per_floor":["M","?","$","M","M","E","R","E","T","$","M","?","E","M","R","B",null,"M","$","M","M","?","E","R","E","T","?","M","M","$","?","R","B",null,"M","$","?","M","M","R","?","R","T","R","?","R","M","E","R","B",null],"character_chosen":"THE_SILENT","items_purchased":["Noxious Fumes","Dodge and Roll","Backflip","Well Laid Plans","Sucker Punch","After Image+1","Dark Shackles","Dash"],"campfire_rested":3,"item_purchase_floors":[3,10,19,19,19,30,30,36],"current_hp_per_floor":[70,75,75,74,70,50,50,42,42,42,33,33,35,43,43,34,75,71,71,54,49,49,20,42,15,15,15,26,35,35,21,45,39,80,59,59,59,55,46,46,46,46,46,46,36,36,48,23,47,44],"gold":282,"neow_bonus":"HUNDRED_GOLD","is_prod":false,"is_daily":false,"chose_seed":false,"campfire_upgraded":6,"win_rate":0,"timestamp":1554791311,"path_taken":["M","?","$","M","M","E","R","E","T","$","M","?","E","?","R","BOSS","M","$","M","M","?","E","R","E","T","?","M","?","?","?","R","BOSS","M","$","?","M","M","R","?","R","T","R","?","R","M","E","R","BOSS"],"build_version":"2019-01-23","purchased_purges":2,"victory":true,"max_hp_per_floor":[70,75,75,75,75,75,75,75,75,75,75,75,75,75,75,75,75,75,75,75,75,75,75,75,75,75,75,75,75,75,80,80,80,80,80,80,80,80,80,80,80,80,80,80,80,80,80,80,80,80],"card_choices":[{"not_picked":["Underhanded Strike","Deflect"],"picked":"Sucker Punch","floor":1.0},{"not_picked":["PiercingWail","Backflip"],"picked":"Flying Knee","floor":4.0},{"not_picked":["Night Terror","Cloak And Dagger"],"picked":"Finisher","floor":5.0},{"not_picked":["Dagger Throw","Heel Hook"],"picked":"Crippling Poison","floor":6.0},{"not_picked":["Caltrops","Underhanded Strike"],"picked":"Catalyst","floor":8.0},{"not_picked":["Concentrate","Dagger Spray"],"picked":"Backflip","floor":11.0},{"not_picked":["A Thousand Cuts","Eviscerate"],"picked":"Blur","floor":13.0},{"not_picked":["Acrobatics","Escape Plan","Flying Knee"],"picked":"SKIP","floor":14.0},{"not_picked":["Night Terror","Unload"],"picked":"Glass Knife","floor":16.0},{"not_picked":["Sucker Punch","Blade Dance+1"],"picked":"Caltrops","floor":18.0},{"not_picked":["Quick Slash+1","Cloak And Dagger+1"],"picked":"Blur","floor":20.0},{"not_picked":["Prepared+1","Dagger Spray"],"picked":"Bane+1","floor":21.0},{"not_picked":["Caltrops","Tactician+1"],"picked":"PiercingWail","floor":23.0},{"not_picked":["Quick Slash","Well Laid Plans+1"],"picked":"Noxious Fumes+1","floor":25.0},{"not_picked":["Sucker Punch","Quick Slash"],"picked":"Deflect","floor":28.0},{"not_picked":["Poisoned Stab","Flying Knee"],"picked":"PiercingWail","floor":29.0},{"not_picked":["Storm of Steel","Envenom+1"],"picked":"Malaise","floor":33.0},{"not_picked":["Sucker Punch","Slice"],"picked":"Catalyst","floor":34.0},{"not_picked":["All Out Attack","Cloak And Dagger+1"],"picked":"Deadly Poison+1","floor":34.0},{"not_picked":["Deadly Poison","Accuracy+1"],"picked":"Riddle With Holes+1","floor":34.0},{"not_picked":["Acrobatics","Escape Plan"],"picked":"A Thousand Cuts+1","floor":34.0},{"not_picked":["Outmaneuver","Setup+1"],"picked":"Deadly Poison+1","floor":35},{"not_picked":["Calculated Gamble","Flechettes"],"picked":"Deflect","floor":37},{"not_picked":["Poisoned Stab","Quick Slash+1"],"picked":"Noxious Fumes+1","floor":38},{"not_picked":["Accuracy+1","Backstab"],"picked":"Dash+1","floor":39},{"not_picked":["Prepared","Slice"],"picked":"Flying Knee+1","floor":48}],"player_experience":556037,"relics_obtained":[{"floor":6.0,"key":"Meat on the Bone"},{"floor":8.0,"key":"Peace Pipe"},{"floor":9.0,"key":"StoneCalendar"},{"floor":13.0,"key":"Blue Candle"},{"floor":23.0,"key":"Frozen Egg 2"},{"floor":25.0,"key":"Mummified Hand"},{"floor":26.0,"key":"Bottled Flame"},{"floor":37,"key":"Torii"},{"floor":43,"key":"Kunai"},{"floor":48,"key":"Dodecahedron"}],"event_choices":[{"damage_healed":0.0,"max_hp_gain":5.0,"max_hp_loss":0.0,"gold_gain":0.0,"event_name":"Big Fish","player_choice":"Donut","floor":2.0,"gold_loss":0.0,"damage_taken":0.0},{"damage_healed":0.0,"max_hp_gain":0.0,"max_hp_loss":0.0,"gold_gain":0.0,"cards_transformed":["Strike_G"],"event_name":"Transmorgrifier","player_choice":"Transformed","floor":12.0,"gold_loss":0.0,"damage_taken":0.0,"cards_obtained":["Wraith Form v2"]},{"damage_healed":0.0,"max_hp_gain":0.0,"max_hp_loss":0.0,"gold_gain":99.0,"event_name":"Nest","player_choice":"Stole From Cult","floor":22.0,"gold_loss":0.0,"damage_taken":0.0},{"damage_healed":0.0,"max_hp_gain":0.0,"max_hp_loss":0.0,"gold_gain":0.0,"event_name":"Transmorgrifier","player_choice":"Ignored","floor":27.0,"gold_loss":0.0,"damage_taken":0.0},{"damage_healed":0.0,"max_hp_gain":5.0,"max_hp_loss":0.0,"gold_gain":0.0,"event_name":"Forgotten Altar","player_choice":"Shed Blood","floor":31.0,"gold_loss":0.0,"damage_taken":19.0},{"damage_healed":0,"gold_gain":0,"player_choice":"Fight","damage_taken":0,"max_hp_gain":0,"max_hp_loss":0,"event_name":"MindBloom","floor":37,"gold_loss":0},{"cards_removed":["Blur"],"damage_healed":0,"gold_gain":0,"player_choice":"Removed Skill","damage_taken":0,"max_hp_gain":0,"max_hp_loss":0,"event_name":"Falling","floor":41,"gold_loss":0},{"damage_healed":0,"gold_gain":0,"player_choice":"Memory 3","damage_taken":10,"max_hp_gain":0,"max_hp_loss":0,"event_name":"SensoryStone","floor":45,"gold_loss":0}],"is_beta":false,"boss_relics":[{"not_picked":["Lizard Tail","Philosopher\u0027s Stone"],"picked":"Empty Cage"},{"not_picked":["Tiny House","Runic Dome"],"picked":"Orrery"}],"items_purged_floors":[10,19],"is_endless":false,"potions_floor_spawned":[5,8,11,14,16,21,23,29,33,35,38,39],"ascension_level":4}