{"gold_per_floor":[10,29,29,39,58,58,58,58,85,102,102,102,113,144,144,240,240,260,278,36,49,49,49,83,83,109,134,146,146],"floor_reached":29,"playtime":8285,"items_purged":["Strike_G"],"score":377,"play_id":"4cc81c94-9f2e-4f86-b246-8ae4cecf1873","local_time":"20190416120146","is_ascension_mode":true,"campfire_choices":[{"data":"Tools of the Trade","floor":6,"key":"SMITH"},{"data":"Neutralize","floor":8,"key":"SMITH"},{"data":"Skewer","floor":11,"key":"SMITH"},{"data":"Backflip","floor":15,"key":"SMITH"},{"floor":23,"key":"REST"}],"neow_cost":"NO_GOLD","seed_source_timestamp":393720952961,"circlet_count":0,"master_deck":["Defend_G","Defend_G","Defend_G","Defend_G","Defend_G","Strike_G","Strike_G","Strike_G","Strike_G","Survivor","Neutralize+1","Tools of the Trade+1","Backflip+1","Bullet Time","Skewer+1","Flechettes+1","Dagger Spray","Crippling Poison","Envenom","Escape Plan","Blade Dance+1","Well Laid Plans","Riddle With Holes","Blur","Cloak And Dagger","Dash","Decay","Noxious Fumes","Riddle With Holes"],"relics":["Ring of the Snake","Regal Pillow","Smiling Mask","Philosopher\u0027s Stone","Bird Faced Urn","Bag of Marbles","Matryoshka"],"potions_floor_usage":[14,21,27,28,28],"damage_taken":[{"damage":2,"enemies":"Jaw Worm","floor":1,"turns":5},{"damage":2,"enemies":"2 Louse","floor":2,"turns":4},{"damage":6,"enemies":"Small Slimes","floor":4,"turns":4},{"damage":18,"enemies":"Exordium Thugs","floor":5,"turns":8},{"damage":1,"enemies":"2 Fungi Beasts","floor":10,"turns":3},{"damage":6,"enemies":"Large Slime","floor":13,"turns":6},{"damage":11,"enemies":"3 Sentries","floor":14,"turns":6},{"damage":17,"enemies":"The Guardian","floor":16,"turns":16},{"damage":46,"enemies":"Spheric Guardian","floor":18,"turns":7},{"damage":1,"enemies":"Chosen","floor":19,"turns":4},{"damage":7,"enemies":"Snecko","floor":21,"turns":4},{"damage":24,"enemies":"Book of Stabbing","floor":24,"turns":6},{"damage":0,"enemies":"Gremlin Leader","floor":27,"turns":5},{"damage":9,"enemies":"Centurion and Healer","floor":28,"turns":5},{"damage":28,"enemies":"Slavers","floor":29,"turns":2}],"seed_played":"-8575585117847060687","potions_obtained":[{"floor":2,"key":"Ancient Potion"},{"floor":5,"key":"GhostInAJar"},{"floor":13,"key":"EssenceOfSteel"},{"floor":18,"key":"AttackPotion"},{"floor":19,"key":"PowerPotion"},{"floor":21,"key":"Energy Potion"}],"is_trial":false,"path_per_floor":["?","?","?","?"],"character_chosen":"THE_SILENT","items_purchased":["Well Laid Plans","Riddle With Holes","Blur"],"campfire_rested":1,"item_purchase_floors":[20,20,20],"current_hp_per_floor":[61,59,59,53,35,35,58,58,58,57,57,57,51,40,40,23,58,12,11,11,4,4,40,16,16,16,22,21,0],"gold":146,"neow_bonus":"THREE_RARE_CARDS","is_prod":false,"is_daily":false,"chose_seed":false,"campfire_upgraded":4,"win_rate":0,"timestamp":1555390906,"path_taken":["M","M","$","M","M","R","?","R","T","M","R","?","M","E","R","BOSS","M","M","$","M","?","R","E","?","T","E","M","E"],"build_version":"2019-01-23","purchased_purges":1,"victory":false,"max_hp_per_floor":[70,70,70,70,70,70,70,70,70,70,70,70,70,70,70,70,70,70,70,70,70,70,70,70,70,70,70,70,70],"card_choices":[{"not_picked":["Burst","Venomology"],"picked":"Tools of the Trade","floor":0},{"not_picked":["Prepared","Heel Hook"],"picked":"Backflip","floor":1},{"not_picked":["Predator","Poisoned Stab","Bane"],"picked":"SKIP","floor":2},{"not_picked":["Bouncing Flask","Acrobatics"],"picked":"Bullet Time","floor":4},{"not_picked":["Deflect","Catalyst"],"picked":"Skewer","floor":5},{"not_picked":["Predator","Dodge and Roll"],"picked":"Flechettes","floor":10},{"not_picked":["Predator","Bane"],"picked":"Dagger Spray","floor":13},{"not_picked":["Dagger Spray","Poisoned Stab"],"picked":"Crippling Poison","floor":14},{"not_picked":["Venomology","Wraith Form v2"],"picked":"Envenom","floor":16},{"not_picked":["Prepared","Outmaneuver"],"picked":"Escape Plan","floor":18},{"not_picked":["Bane","Prepared"],"picked":"Blade Dance+1","floor":19},{"not_picked":["Predator","Slice"],"picked":"Cloak And Dagger","floor":21},{"not_picked":["Venomology","Prepared+1"],"picked":"Dash","floor":24},{"not_picked":["Dash+1","Cloak And Dagger"],"picked":"Noxious Fumes","floor":27},{"not_picked":["Concentrate","Cloak And Dagger"],"picked":"Riddle With Holes","floor":28}],"player_experience":228541,"relics_obtained":[{"floor":9,"key":"Regal Pillow"},{"floor":14,"key":"Smiling Mask"},{"floor":24,"key":"Bird Faced Urn"},{"floor":26,"key":"Bag of Marbles"},{"floor":27,"key":"Matryoshka"}],"event_choices":[{"damage_healed":23,"gold_gain":0,"player_choice":"Banana","damage_taken":0,"max_hp_gain":0,"max_hp_loss":0,"event_name":"Big Fish","floor":7,"gold_loss":0},{"damage_healed":0,"gold_gain":0,"player_choice":"Grow","damage_taken":0,"max_hp_gain":0,"max_hp_loss":0,"event_name":"Living Wall","floor":12,"gold_loss":0,"cards_upgraded":["Flechettes"]},{"damage_healed":0,"gold_gain":0,"player_choice":"Ignored","damage_taken":0,"max_hp_gain":0,"max_hp_loss":0,"event_name":"Cursed Tome","floor":22,"gold_loss":0},{"damage_healed":0,"gold_gain":0,"player_choice":"Smashed Altar","damage_taken":0,"max_hp_gain":0,"max_hp_loss":0,"event_name":"Forgotten Altar","floor":25,"gold_loss":0,"cards_obtained":["Decay"]}],"is_beta":false,"boss_relics":[{"not_picked":["Eternal Feather","Black Star"],"picked":"Philosopher\u0027s Stone"}],"items_purged_floors":[20],"is_endless":false,"potions_floor_spawned":[2,5,13,18,19,21],"killed_by":"Slavers","ascension_level":6}