{"path_per_floor":["M","?","?","$","M","R","E","$","T","?","T","M","?","M","R","B",null,"M","?","$","?","T","R","$","?","T","R","M","E","R","E","R","B",null,"M","?","?","?"],"character_chosen":"IRONCLAD","items_purchased":["Shrug It Off","Inflame"],"gold_per_floor":[111,111,111,59,70,70,101,26,26,26,52,62,12,23,23,121,121,131,131,31,31,31,31,0,0,0,0,14,48,48,81,81,181,211,230,284,284,284,284],"floor_reached":39,"campfire_rested":1,"playtime":3307,"current_hp_per_floor":[39,23,23,23,29,53,46,46,46,67,67,73,73,79,79,33,84,75,75,75,75,75,75,75,94,94,94,94,90,90,88,88,51,94,83,29,29,29,0],"items_purged":["Strike_R","Defend_R"],"gold":284,"score":454,"play_id":"5689ae6e-104e-4ebe-aca6-2fe8a8b4f940","local_time":"20180511154009","is_prod":false,"is_daily":false,"chose_seed":false,"is_ascension_mode":true,"campfire_upgraded":5,"timestamp":1526078409,"path_taken":["M","?","?","$","M","R","E","$","T","?","?","?","?","M","R","BOSS","M","?","$","?","?","R","?","?","T","R","M","E","R","E","R","BOSS","M","?","?","?","BOSS"],"build_version":"2018-05-10","seed_source_timestamp":0,"purchased_purges":2,"victory":false,"master_deck":["Strike_R","Defend_R","Defend_R+1","Bash+1","Anger+1","Shrug It Off","Battle Trance+1","Whirlwind","True Grit+1","Rage+1","Inflame+1","Anger+1","Offering","Normality","Regret","Normality"],"max_hp_per_floor":[80,80,80,80,80,80,87,87,87,87,87,87,84,84,84,84,84,84,84,84,84,84,84,84,94,94,94,94,94,94,94,94,94,94,94,108,108,108,108],"relics":["Burning Blood","Strawberry","Blue Candle","Anchor","Sozu","The Courier","Gremlin Horn","Juzu Bracelet","Torii","Calling Bell","Tiny Chest","Paper Frog","Calipers","Mango"],"card_choices":[{"not_picked":["Hemokinesis","Havoc"],"picked":"Anger","floor":1.0},{"not_picked":["Perfected Strike","Headbutt"],"picked":"Battle Trance","floor":5.0},{"not_picked":["Anger","Iron Wave"],"picked":"Whirlwind","floor":7.0},{"not_picked":["Bloodletting","Warcry"],"picked":"True Grit","floor":12.0},{"not_picked":["Double Tap","Impervious"],"picked":"Dark Embrace","floor":16},{"not_picked":["Sword Boomerang","Heavy Blade"],"picked":"Anger","floor":29},{"not_picked":["Reaper","Berserk"],"picked":"Offering","floor":33}],"player_experience":355820,"potions_floor_usage":[16,39,39],"damage_taken":[{"damage":7.0,"enemies":"Small Slimes","floor":1.0,"turns":4.0},{"damage":0.0,"enemies":"Cultist","floor":5.0,"turns":3.0},{"damage":20.0,"enemies":"Lagavulin","floor":7.0,"turns":6.0},{"damage":0.0,"enemies":"2 Louse","floor":12.0,"turns":1.0},{"damage":0.0,"enemies":"Large Slime","floor":14.0,"turns":4.0},{"damage":52,"enemies":"Hexaghost","floor":16,"turns":11},{"damage":15,"enemies":"2 Thieves","floor":18,"turns":5},{"damage":0,"enemies":"Chosen","floor":28,"turns":3},{"damage":10,"enemies":"Slavers","floor":29,"turns":6},{"damage":8,"enemies":"Book of Stabbing","floor":31,"turns":5},{"damage":43,"enemies":"Automaton","floor":33,"turns":7},{"damage":17,"enemies":"3 Shapes","floor":35,"turns":4},{"damage":74,"enemies":"Mysterious Sphere","floor":36,"turns":5},{"damage":29,"enemies":"Donu and Deca","floor":39,"turns":4}],"event_choices":[{"event_name":"Shining Light","player_choice":"Entered Light","floor":2.0,"damage_taken":0.0},{"event_name":"Upgrade Shrine","player_choice":"Upgraded","floor":3.0,"damage_taken":0.0},{"event_name":"Mushrooms","player_choice":"Healed and dodged fight","floor":10.0,"damage_taken":0.0},{"event_name":"The Cleric","player_choice":"Card Removal","floor":13.0,"damage_taken":0.0},{"event_name":"The Library","player_choice":"Read","floor":19,"damage_taken":0},{"event_name":"Back to Basics","player_choice":"Elegance","floor":21,"damage_taken":0},{"event_name":"Bonfire Elementals","player_choice":"RARE","floor":25,"damage_taken":0},{"event_name":"Mysterious Sphere","player_choice":"Fight","floor":36,"damage_taken":0},{"event_name":"Purifier","player_choice":"One Purge","floor":37,"damage_taken":0},{"event_name":"SecretPortal","player_choice":"Took Portal.","floor":38,"damage_taken":0}],"boss_relics":[{"not_picked":["White Beast Statue","Pandora\u0027s Box"],"picked":"Sozu"},{"not_picked":["Snecko Eye","Astrolabe"],"picked":"Calling Bell"}],"potions_floor_spawned":[1,5,12,28,29],"seed_played":"-1666061150925021348","killed_by":"Donu and Deca","ascension_level":1,"is_trial":false}