{"gold_per_floor":[117,134,144,144,156,191,204,129,129,139,139,139],"floor_reached":12,"playtime":516,"items_purged":["Regret"],"score":144,"play_id":"db2a6b1f-92d7-4780-8326-5db5df9a44bf","local_time":"20181129140049","is_ascension_mode":true,"campfire_choices":[{"data":"Havoc","floor":11,"key":"SMITH"}],"neow_cost":"CURSE","seed_source_timestamp":270576195844945,"circlet_count":0,"master_deck":["AscendersBane","Strike_R","Strike_R","Strike_R","Strike_R","Strike_R","Defend_R","Defend_R","Defend_R","Defend_R","Bash","Bludgeon","Clothesline","Shrug It Off","Sever Soul","Havoc+1","Wild Strike"],"relics":["Burning Blood","Blood Vial","Pear","Blue Candle"],"potions_floor_usage":[6,12],"damage_taken":[{"damage":5,"enemies":"Cultist","floor":1,"turns":3},{"damage":11,"enemies":"2 Louse","floor":2,"turns":4},{"damage":4,"enemies":"Jaw Worm","floor":3,"turns":3},{"damage":3,"enemies":"Looter","floor":5,"turns":4},{"damage":21,"enemies":"Gremlin Nob","floor":6,"turns":4},{"damage":24,"enemies":"Exordium Thugs","floor":7,"turns":5},{"damage":16,"enemies":"3 Louse","floor":10,"turns":3},{"damage":39,"enemies":"3 Sentries","floor":12,"turns":6}],"seed_played":"-6842465183481900850","potions_obtained":[{"floor":3,"key":"Weak Potion"},{"floor":7,"key":"Poison Potion"},{"floor":10,"key":"AttackPotion"}],"is_trial":false,"path_per_floor":["M","M","M","?","M","E","M","$","T","M","R","E"],"character_chosen":"IRONCLAD","items_purchased":[],"campfire_rested":0,"item_purchase_floors":[],"current_hp_per_floor":[69,64,66,55,60,57,41,41,41,33,33,0],"gold":139,"neow_bonus":"THREE_RARE_CARDS","is_prod":false,"is_daily":false,"chose_seed":false,"campfire_upgraded":1,"win_rate":0,"timestamp":1543496449,"path_taken":["M","?","M","?","M","E","M","$","T","M","R","E"],"build_version":"2018-11-15","purchased_purges":1,"victory":false,"max_hp_per_floor":[75,75,75,75,75,85,85,85,85,85,85,85],"card_choices":[{"not_picked":["Brutality","Dark Embrace"],"picked":"Bludgeon","floor":0},{"not_picked":["Pommel Strike","Infernal Blade"],"picked":"Clothesline","floor":1},{"not_picked":["Carnage","Twin Strike"],"picked":"Shrug It Off","floor":2},{"not_picked":["Clash","Iron Wave"],"picked":"Sever Soul","floor":3},{"not_picked":["Pommel Strike","Headbutt"],"picked":"Havoc","floor":5},{"not_picked":["Second Wind","Ghostly Armor"],"picked":"Wild Strike","floor":6},{"not_picked":["Clothesline","Clash","Fire Breathing"],"picked":"SKIP","floor":7},{"not_picked":["Infernal Blade","Fiend Fire","Wild Strike"],"picked":"SKIP","floor":10}],"player_experience":874144,"relics_obtained":[{"floor":6,"key":"Pear"},{"floor":9,"key":"Blue Candle"}],"event_choices":[{"damage_healed":0,"gold_gain":0,"player_choice":"Success","damage_taken":11,"relics_obtained":["Blood Vial"],"max_hp_gain":0,"max_hp_loss":0,"event_name":"Scrap Ooze","floor":4,"gold_loss":0}],"is_beta":false,"boss_relics":[],"items_purged_floors":[8],"is_endless":false,"potions_floor_spawned":[3,7,10],"killed_by":"3 Sentries","ascension_level":15}