{"gold_per_floor":[111,111,111,40,50,79,79,93,93,118,118,136,136,58,58,153,153,166,166,20,20,20,48,68,94,94,108,138,150,50,81,81,180,180,190,205,13,113,123,155,155,188,213,240,254,269,319,336,336,336],"floor_reached":51,"playtime":3592,"items_purged":["Decay"],"score":923,"play_id":"0a9db31e-714a-42ee-bf41-169ecd7079da","local_time":"20190121222542","is_ascension_mode":false,"campfire_choices":[{"data":"Pommel Strike","floor":13,"key":"SMITH"},{"data":"Demon Form","floor":15,"key":"SMITH"},{"floor":32,"key":"DIG"},{"floor":41,"key":"DIG"},{"floor":49,"key":"DIG"}],"neow_cost":"CURSE","seed_source_timestamp":589840372281200,"circlet_count":0,"master_deck":["Strike_R","Strike_R","Defend_R","Defend_R","Defend_R","Defend_R","Bash","Sever Soul","Fiend Fire","Power Through","Reaper","Metallicize","Pommel Strike+1","Disarm","Demon Form+1","Feed","Power Through+1","Double Tap","Pummel","Uppercut+1","Evolve","Clothesline+1","Pommel Strike","Metallicize","Feel No Pain","Shrug It Off","Wild Strike","Impervious","Sword Boomerang+1","Disarm+1","Warcry+1","Anger+1","Juggernaut","Heavy Blade+1","Sword Boomerang+1","Second Wind","Metallicize","Intimidate"],"relics":["Burning Blood","Letter Opener","Boot","Anchor","Art of War","Sozu","Bottled Lightning","Juzu Bracelet","Shovel","Nunchaku","Paper Frog","Mark of Pain","Medical Kit","Charon\u0027s Ashes","Mercury Hourglass","Orichalcum","Regal Pillow","Strawberry","Blue Candle","Ice Cream","Mummified Hand"],"potions_floor_usage":[],"damage_taken":[{"damage":6,"enemies":"Cultist","floor":1,"turns":3},{"damage":6,"enemies":"Jaw Worm","floor":5,"turns":3},{"damage":53,"enemies":"3 Sentries","floor":6,"turns":14},{"damage":7,"enemies":"Small Slimes","floor":8,"turns":2},{"damage":14,"enemies":"Gremlin Nob","floor":10,"turns":4},{"damage":15,"enemies":"Exordium Thugs","floor":12,"turns":6},{"damage":25,"enemies":"Hexaghost","floor":16,"turns":9},{"damage":15,"enemies":"Shell Parasite","floor":18,"turns":5},{"damage":29,"enemies":"Slavers","floor":23,"turns":6},{"damage":0,"enemies":"Chosen","floor":24,"turns":4},{"damage":11,"enemies":"Book of Stabbing","floor":25,"turns":8},{"damage":10,"enemies":"Centurion and Healer","floor":27,"turns":8},{"damage":25,"enemies":"Gremlin Leader","floor":28,"turns":7},{"damage":39,"enemies":"Sentry and Sphere","floor":29,"turns":6},{"damage":12,"enemies":"Book of Stabbing","floor":31,"turns":7},{"damage":56,"enemies":"Collector","floor":33,"turns":10},{"damage":19,"enemies":"3 Darklings","floor":35,"turns":8},{"damage":10,"enemies":"3 Shapes","floor":36,"turns":4},{"damage":0,"enemies":"Mind Bloom Boss Battle","floor":38,"turns":5},{"damage":19,"enemies":"Maw","floor":39,"turns":8},{"damage":9,"enemies":"Nemesis","floor":40,"turns":5},{"damage":0,"enemies":"Giant Head","floor":42,"turns":8},{"damage":13,"enemies":"Reptomancer","floor":44,"turns":6},{"damage":0,"enemies":"Writhing Mass","floor":45,"turns":6},{"damage":0,"enemies":"Spire Growth","floor":46,"turns":4},{"damage":32,"enemies":"2 Orb Walkers","floor":47,"turns":4},{"damage":4,"enemies":"Jaw Worm Horde","floor":48,"turns":3},{"damage":0,"enemies":"Time Eater","floor":50,"turns":9}],"seed_played":"3243710469684442894","potions_obtained":[{"floor":12,"key":"SpeedPotion"},{"floor":16,"key":"Dexterity Potion"}],"is_trial":false,"path_per_floor":["?","T","M","?","?","M","$","?","$","?","$","$","?","?"],"character_chosen":"IRONCLAD","items_purchased":["Reaper","Reckless Charge","Pummel","Feel No Pain","Shrug It Off","Medical Kit"],"campfire_rested":0,"item_purchase_floors":[4,14,20,30,30,37],"current_hp_per_floor":[80,73,73,73,73,33,59,68,68,65,65,66,66,66,66,47,80,71,71,71,71,71,57,63,73,73,79,83,62,62,61,61,37,83,83,86,86,89,81,89,89,92,99,95,101,102,81,98,98,102],"gold":336,"neow_bonus":"TRANSFORM_TWO_CARDS","is_prod":false,"is_daily":false,"chose_seed":false,"campfire_upgraded":2,"win_rate":0,"timestamp":1548134742,"path_taken":["M","?","?","$","?","E","?","M","T","E","?","?","R","?","R","BOSS","M","?","?","?","?","E","M","E","T","M","E","M","$","E","R","BOSS","M","M","?","?","M","E","R","E","T","E","M","M","?","M","R","BOSS"],"build_version":"2019-01-20","purchased_purges":1,"victory":true,"max_hp_per_floor":[80,80,80,80,80,80,80,80,80,80,80,80,80,80,80,80,80,80,80,80,80,80,80,80,83,83,83,83,83,83,83,83,83,83,83,86,86,89,89,92,92,92,99,102,102,102,102,102,102,102],"card_choices":[{"not_picked":["Warcry","True Grit"],"picked":"Power Through","floor":1},{"not_picked":["Blood for Blood","Cleave","Heavy Blade"],"picked":"SKIP","floor":5},{"not_picked":["Flex","Perfected Strike"],"picked":"Metallicize","floor":6},{"not_picked":["Rage","Perfected Strike"],"picked":"Pommel Strike","floor":8},{"not_picked":["Sever Soul","Bloodletting"],"picked":"Disarm","floor":10},{"not_picked":["Searing Blow","Fire Breathing"],"picked":"Demon Form","floor":12},{"not_picked":["Double Tap","Exhume"],"picked":"Feed","floor":16},{"not_picked":["Thunderclap","Pommel Strike"],"picked":"Power Through+1","floor":18},{"not_picked":["Thunderclap+1","Armaments"],"picked":"Uppercut+1","floor":23},{"not_picked":["Wild Strike","Infernal Blade"],"picked":"Evolve","floor":24},{"not_picked":["Perfected Strike","Offering","Combust"],"picked":"SKIP","floor":25},{"not_picked":["Wild Strike","Twin Strike"],"picked":"Clothesline+1","floor":27},{"not_picked":["Combust","Fire Breathing+1"],"picked":"Pommel Strike","floor":28},{"not_picked":["Uppercut","Twin Strike"],"picked":"Metallicize","floor":29},{"not_picked":["Reaper","Combust"],"picked":"Wild Strike","floor":31},{"not_picked":["Exhume","Berserk"],"picked":"Impervious","floor":33},{"not_picked":["Clash","Armaments"],"picked":"Sword Boomerang+1","floor":35},{"not_picked":["Flex","Headbutt+1","Body Slam"],"picked":"SKIP","floor":36},{"not_picked":["Shrug It Off+1","Twin Strike"],"picked":"Disarm+1","floor":38},{"not_picked":["Body Slam+1","Flex+1"],"picked":"Warcry+1","floor":39},{"not_picked":["Armaments","Double Tap"],"picked":"Anger+1","floor":40},{"not_picked":["Shockwave+1","Fire Breathing"],"picked":"Juggernaut","floor":42},{"not_picked":["Headbutt+1","Perfected Strike"],"picked":"Heavy Blade+1","floor":44},{"not_picked":["Pommel Strike","Twin Strike+1"],"picked":"Sword Boomerang+1","floor":45},{"not_picked":["Rampage","Cleave"],"picked":"Second Wind","floor":46},{"not_picked":["Heavy Blade","Bloodletting+1"],"picked":"Metallicize","floor":47},{"not_picked":["Ghostly Armor+1","Havoc+1"],"picked":"Intimidate","floor":48}],"player_experience":410566,"relics_obtained":[{"floor":3,"key":"Letter Opener"},{"floor":6,"key":"Boot"},{"floor":9,"key":"Anchor"},{"floor":10,"key":"Art of War"},{"floor":23,"key":"Bottled Lightning"},{"floor":25,"key":"Juzu Bracelet"},{"floor":28,"key":"Shovel"},{"floor":31,"key":"Nunchaku"},{"floor":32,"key":"Paper Frog"},{"floor":38,"key":"Charon\u0027s Ashes"},{"floor":40,"key":"Mercury Hourglass"},{"floor":41,"key":"Orichalcum"},{"floor":42,"key":"Regal Pillow"},{"floor":43,"key":"Strawberry"},{"floor":44,"key":"Blue Candle"},{"floor":47,"key":"Ice Cream"},{"floor":49,"key":"Mummified Hand"}],"event_choices":[{"cards_removed":["Shame"],"damage_healed":0,"gold_gain":0,"player_choice":"Card Removal","damage_taken":7,"max_hp_gain":0,"max_hp_loss":0,"event_name":"Golden Wing","floor":2,"gold_loss":0},{"damage_healed":26,"gold_gain":0,"player_choice":"Banana","damage_taken":0,"max_hp_gain":0,"max_hp_loss":0,"event_name":"Big Fish","floor":7,"gold_loss":0},{"damage_healed":0,"gold_gain":0,"player_choice":"Cursed","damage_taken":0,"max_hp_gain":0,"max_hp_loss":0,"event_name":"Wheel of Change","floor":11,"gold_loss":0,"cards_obtained":["Decay"]},{"cards_removed":["Reckless Charge"],"damage_healed":0,"gold_gain":0,"player_choice":"Took Card","damage_taken":0,"max_hp_gain":0,"max_hp_loss":0,"event_name":"NoteForYourself","floor":19,"gold_loss":0,"cards_obtained":["Double Tap"]},{"cards_removed":["Strike_R"],"damage_healed":0,"gold_gain":0,"player_choice":"Elegance","damage_taken":0,"max_hp_gain":0,"max_hp_loss":0,"event_name":"Back to Basics","floor":21,"gold_loss":0},{"damage_healed":0,"gold_gain":0,"player_choice":"Fight","damage_taken":0,"max_hp_gain":0,"max_hp_loss":0,"event_name":"MindBloom","floor":38,"gold_loss":0},{"damage_healed":0,"gold_gain":0,"player_choice":"Fight","damage_taken":0,"max_hp_gain":0,"max_hp_loss":0,"event_name":"Mysterious Sphere","floor":47,"gold_loss":0}],"is_beta":true,"boss_relics":[{"not_picked":["Fusion Hammer","White Beast Statue"],"picked":"Sozu"},{"not_picked":["Runic Cube","Philosopher\u0027s Stone"],"picked":"Mark of Pain"}],"items_purged_floors":[20],"is_endless":false,"potions_floor_spawned":[12,16,23,28,29,31,35,36,45,46],"ascension_level":0}