{"gold_per_floor":[160,179,198,216,226,256,256,268,295,324,324,336,356,95,95,193,193,209,209,209,134,134,134,164,181,208,233,243,258,287,298,298,400,400,418,431,476,476,267,267,72,97,97,0,73,73,88,100,100,100],"floor_reached":51,"playtime":3356,"items_purged":[],"score":835,"play_id":"543e1c4f-709a-4eea-91a5-44d7be13c8c1","local_time":"20180802161852","is_ascension_mode":true,"campfire_choices":[{"data":"Footwork","floor":7,"key":"SMITH"},{"floor":15,"key":"REST"},{"data":"Dagger Spray","floor":23,"key":"SMITH"},{"data":"Bite","floor":32,"key":"SMITH"},{"data":"Bite","floor":40,"key":"SMITH"},{"floor":46,"key":"REST"},{"data":"Bite","floor":49,"key":"SMITH"}],"neow_cost":"NONE","seed_source_timestamp":512262727970050,"circlet_count":0,"master_deck":["Defend_G","Defend_G","Defend_G+1","Defend_G","Defend_G","Survivor","Neutralize+1","Footwork+1","Dagger Spray+1","Sucker Punch+1","Flying Knee","Skewer","Sucker Punch","Sucker Punch","Deflect","Dash","Deflect","Noxious Fumes+1","Venomology","PiercingWail","Bite+1","Bite+1","Bite+1","Bite","Bite","Leg Sweep+1","Dagger Throw+1","Terror+1","Infinite Blades+1","Venomology","Bane+1","Outmaneuver+1","Backflip+1","Crippling Poison+1","Underhanded Strike+1","Jack Of All Trades","Dodge and Roll","Dagger Spray+1"],"relics":["Tiny House","Whetstone","Happy Flower","Mercury Hourglass","Pear","Busted Crown","Regal Pillow","Strawberry","Anchor","Letter Opener","Orrery","Ice Cream","Vajra","Frozen Eye","Bottled Tornado","Singing Bowl","Red Mask","Frozen Egg 2"],"potions_floor_usage":[6,10,10,24,24,25,27,28,29,31,31,33,33,33,33,36,42,47,48,50,50,50,50],"damage_taken":[{"damage":2,"enemies":"2 Louse","floor":1,"turns":3},{"damage":0,"enemies":"Cultist","floor":2,"turns":4},{"damage":3,"enemies":"Jaw Worm","floor":3,"turns":5},{"damage":7,"enemies":"Lots of Slimes","floor":4,"turns":6},{"damage":5,"enemies":"Exordium Thugs","floor":5,"turns":6},{"damage":14,"enemies":"Lagavulin","floor":6,"turns":10},{"damage":5,"enemies":"Blue Slaver","floor":8,"turns":4},{"damage":12,"enemies":"3 Sentries","floor":10,"turns":6},{"damage":0,"enemies":"Looter","floor":12,"turns":3},{"damage":0,"enemies":"Lots of Slimes","floor":13,"turns":2},{"damage":2,"enemies":"Hexaghost","floor":16,"turns":11},{"damage":9,"enemies":"Spheric Guardian","floor":18,"turns":4},{"damage":11,"enemies":"Book of Stabbing","floor":24,"turns":6},{"damage":0,"enemies":"3 Byrds","floor":25,"turns":5},{"damage":0,"enemies":"Gremlin Leader","floor":27,"turns":7},{"damage":5,"enemies":"Cultist and Chosen","floor":28,"turns":5},{"damage":7,"enemies":"Snake Plant","floor":29,"turns":4},{"damage":4,"enemies":"Slavers","floor":30,"turns":5},{"damage":0,"enemies":"Slaver and Parasite","floor":31,"turns":7},{"damage":42,"enemies":"Automaton","floor":33,"turns":11},{"damage":8,"enemies":"3 Shapes","floor":35,"turns":5},{"damage":23,"enemies":"3 Darklings","floor":36,"turns":4},{"damage":7,"floor":37,"turns":5},{"damage":36,"enemies":"Giant Head","floor":42,"turns":7},{"damage":0,"enemies":"Maw","floor":47,"turns":6},{"damage":0,"enemies":"Spire Growth","floor":48,"turns":4},{"damage":37,"enemies":"Time Eater","floor":50,"turns":7}],"seed_played":"-3871230044331344004","potions_obtained":[{"floor":0,"key":"Weak Potion"},{"floor":1,"key":"Weak Potion"},{"floor":4,"key":"Swift Potion"},{"floor":10,"key":"SpeedPotion"},{"floor":13,"key":"Weak Potion"},{"floor":16,"key":"GamblersBrew"},{"floor":18,"key":"Dexterity Potion"},{"floor":24,"key":"EssenceOfSteel"},{"floor":25,"key":"LiquidBronze"},{"floor":47,"key":"AttackPotion"},{"floor":48,"key":"AttackPotion"}],"is_trial":false,"path_per_floor":["M","M","M","M","M","E","R","M","T","E","?","M","M","$","R","B",null,"M","?","?","?","?","R","E","M","T","E","M","M","E","M","R","B",null,"M","M","?","?","$","R","$","E","T","?","T","R","M","M","R","B"],"character_chosen":"THE_SILENT","items_purchased":["Pear","Vajra","PowerPotion","Frozen Eye"],"campfire_rested":2,"item_purchase_floors":[14,39,39,41],"current_hp_per_floor":[73,73,70,63,58,44,44,39,39,27,27,27,27,37,62,60,85,76,76,60,60,60,60,59,63,70,70,69,68,70,70,70,43,70,64,43,40,40,40,40,40,14,14,14,14,50,60,69,69,37],"gold":100,"neow_bonus":"BOSS_RELIC","is_prod":false,"is_daily":false,"chose_seed":false,"campfire_upgraded":5,"win_rate":0,"timestamp":1533219532,"path_taken":["M","M","M","M","M","E","R","M","T","E","?","M","M","$","R","BOSS","M","?","?","?","?","R","E","M","T","E","?","M","E","M","R","BOSS","M","M","?","?","$","R","$","E","T","?","?","R","M","M","R","BOSS"],"build_version":"2018-07-26","purchased_purges":0,"victory":true,"max_hp_per_floor":[75,75,75,75,75,75,75,75,75,75,75,75,75,85,85,85,85,85,85,90,90,63,63,63,63,70,70,70,70,70,70,70,70,70,70,70,70,70,70,70,70,70,70,70,70,70,70,72,72,72],"card_choices":[{"not_picked":["Distraction","Sucker Punch"],"picked":"Footwork","floor":0},{"not_picked":["Backflip","Underhanded Strike"],"picked":"Dagger Spray","floor":1},{"not_picked":["Bullet Time","Dagger Spray"],"picked":"Sucker Punch","floor":2},{"not_picked":["Dagger Throw","Setup"],"picked":"Flying Knee","floor":3},{"not_picked":["Outmaneuver","Underhanded Strike"],"picked":"Skewer","floor":4},{"not_picked":["Underhanded Strike","Expertise"],"picked":"Sucker Punch","floor":5},{"not_picked":["Dagger Throw","Wraith Form v2"],"picked":"Sucker Punch","floor":6},{"not_picked":["Backflip","Tactician"],"picked":"Deflect","floor":8},{"not_picked":["Caltrops","Dodge and Roll"],"picked":"Dash","floor":10},{"not_picked":["Flying Knee","Finisher"],"picked":"Deflect","floor":12},{"not_picked":["Deadly Poison","Outmaneuver"],"picked":"Noxious Fumes","floor":13},{"not_picked":["Storm of Steel","Tools of the Trade"],"picked":"Venomology","floor":16},{"not_picked":[],"picked":"PiercingWail","floor":18},{"not_picked":[],"picked":"Leg Sweep+1","floor":24},{"not_picked":[],"picked":"Dagger Throw+1","floor":25},{"not_picked":[],"picked":"Terror+1","floor":27},{"not_picked":["Catalyst"],"picked":"SKIP","floor":28},{"not_picked":[],"picked":"Infinite Blades+1","floor":29},{"not_picked":[],"picked":"Venomology","floor":30},{"not_picked":[],"picked":"Bane+1","floor":31},{"not_picked":[],"picked":"Outmaneuver+1","floor":34},{"not_picked":[],"picked":"Backflip+1","floor":34},{"not_picked":[],"picked":"Crippling Poison+1","floor":35},{"not_picked":["Acrobatics"],"picked":"SKIP","floor":36},{"not_picked":[],"picked":"Underhanded Strike+1","floor":37},{"not_picked":[],"picked":"Jack Of All Trades","floor":38},{"not_picked":[],"picked":"Dodge and Roll","floor":42},{"not_picked":[],"picked":"Dagger Spray+1","floor":47},{"not_picked":["Bouncing Flask"],"picked":"Singing Bowl","floor":48}],"player_experience":207144,"relics_obtained":[{"floor":6,"key":"Whetstone"},{"floor":9,"key":"Happy Flower"},{"floor":10,"key":"Mercury Hourglass"},{"floor":24,"key":"Regal Pillow"},{"floor":26,"key":"Strawberry"},{"floor":27,"key":"Anchor"},{"floor":30,"key":"Letter Opener"},{"floor":37,"key":"Ice Cream"},{"floor":42,"key":"Bottled Tornado"},{"floor":43,"key":"Singing Bowl"},{"floor":45,"key":"Frozen Egg 2"}],"event_choices":[{"event_name":"Bonfire Elementals","player_choice":"BASIC","floor":11,"damage_taken":0},{"event_name":"Accursed Blacksmith","player_choice":"Forge","floor":19,"damage_taken":0},{"event_name":"Forgotten Altar","player_choice":"Shed Blood","floor":20,"damage_taken":0},{"event_name":"Beggar","player_choice":"Gave Gold","floor":21,"damage_taken":0},{"event_name":"Vampires","player_choice":"Became a vampire","floor":22,"damage_taken":0},{"event_name":"Mysterious Sphere","player_choice":"Fight","floor":37,"damage_taken":0},{"event_name":"SensoryStone","player_choice":"Memory 1","floor":38,"damage_taken":0},{"event_name":"Tomb of Lord Red Mask","player_choice":"Paid","floor":44,"damage_taken":0}],"is_beta":false,"boss_relics":[{"not_picked":["Runic Pyramid","Astrolabe"],"picked":"Busted Crown"},{"not_picked":["Fusion Hammer","Philosopher\u0027s Stone"],"picked":"Orrery"}],"items_purged_floors":[],"is_endless":false,"potions_floor_spawned":[1,4,10,13,16,18,24,25,47,48],"ascension_level":1}