{"gold_per_floor":[110,260,274,274,12,50,50,50,105,126,161,161,196,209,209,298,361,382,382,406,5,26,26,67,67,67,67],"floor_reached":27,"playtime":1020,"items_purged":["Doubt","Pain"],"score":498,"play_id":"bd5e20f8-8e38-459c-90a9-d7f888dfc8eb","local_time":"20190206131207","is_ascension_mode":true,"campfire_choices":[{"data":"Perfected Strike","floor":7.0,"key":"SMITH"},{"floor":12,"key":"REST"},{"data":"Uppercut","floor":15,"key":"SMITH"},{"data":"Whirlwind","floor":23,"key":"SMITH"},{"data":"Juggernaut","floor":25,"key":"SMITH"}],"neow_cost":"NONE","seed_source_timestamp":0,"circlet_count":0,"master_deck":["AscendersBane","Strike_R","Strike_R","Strike_R","Strike_R+1","Strike_R","Defend_R","Defend_R","Defend_R","Defend_R+1","Bash","Perfected Strike+1","Rage+1","Thunderclap","Shrug It Off","Burning Pact","Uppercut+1","Juggernaut+1","Whirlwind+1","Feel No Pain","Havoc"],"special_seed":0,"relics":["Burning Blood","Centennial Puzzle","Golden Idol","Orichalcum","Matryoshka","Vajra","Lantern","War Paint","Pen Nib","Tiny House","WarpedTongs","Bag of Preparation","Potion Belt","Boot","Bottled Tornado"],"potions_floor_usage":[11,20,20,24,24],"damage_taken":[{"damage":11.0,"enemies":"Jaw Worm","floor":1.0,"turns":6.0},{"damage":6.0,"enemies":"Small Slimes","floor":3.0,"turns":5.0},{"damage":49.0,"enemies":"Gremlin Nob","floor":6.0,"turns":5.0},{"damage":0.0,"enemies":"Cultist","floor":10.0,"turns":3.0},{"damage":21,"enemies":"Lagavulin","floor":11,"turns":4},{"damage":2,"enemies":"Gremlin Nob","floor":13,"turns":3},{"damage":4,"enemies":"2 Fungi Beasts","floor":14,"turns":4},{"damage":20,"enemies":"The Guardian","floor":16,"turns":10},{"damage":12,"enemies":"Shell Parasite","floor":18,"turns":5},{"damage":15,"enemies":"3 Byrds","floor":20,"turns":4},{"damage":10,"enemies":"Snecko","floor":22,"turns":4},{"damage":30,"enemies":"Book of Stabbing","floor":24,"turns":5},{"damage":33,"enemies":"Gremlin Leader","floor":27,"turns":4}],"seed_played":"-8559606797155984586","potions_obtained":[{"floor":6.0,"key":"Dexterity Potion"},{"floor":10.0,"key":"PowerPotion"},{"floor":11,"key":"Fire Potion"},{"floor":17,"key":"Fire Potion"},{"floor":22,"key":"SpeedPotion"}],"is_trial":false,"path_per_floor":["M","?","M","?","$","E","R","$","T","M","E","R","E","M","R","B",null,"M","?","M","$","M","R","E","R","T","E"],"character_chosen":"IRONCLAD","items_purchased":["Orichalcum","Thunderclap","Feel No Pain","Bag of Preparation","PowerPotion"],"campfire_rested":1,"item_purchase_floors":[5,5,21,21,21],"current_hp_per_floor":[63,63,63,63,63,20,20,20,20,26,11,31,35,37,37,23,62,56,56,47,47,43,43,19,19,19,0],"gold":67,"neow_bonus":"RANDOM_COMMON_RELIC","is_prod":false,"is_daily":false,"chose_seed":false,"campfire_upgraded":4,"win_rate":0,"timestamp":1549455127,"path_taken":["M","?","M","?","$","E","R","?","T","M","E","R","E","M","R","BOSS","M","?","M","$","M","R","E","R","T","E"],"build_version":"2019-01-23","purchased_purges":2,"victory":false,"max_hp_per_floor":[75,75,75,68,68,68,68,68,68,68,68,68,68,68,68,68,73,73,73,73,73,73,73,73,73,73,73],"card_choices":[{"not_picked":["Cleave","Seeing Red"],"picked":"Perfected Strike","floor":1.0},{"not_picked":["Entrench","Iron Wave"],"picked":"Rage","floor":3.0},{"not_picked":["Sentinel","Flame Barrier"],"picked":"Shrug It Off","floor":6.0},{"not_picked":["Havoc","Rupture"],"picked":"Burning Pact","floor":10.0},{"not_picked":["Burning Pact","Flex","Anger"],"picked":"SKIP","floor":11},{"not_picked":["Flex","Twin Strike"],"picked":"Uppercut","floor":13},{"not_picked":["Wild Strike","Combust","Fiend Fire"],"picked":"SKIP","floor":14},{"not_picked":["Bludgeon","Double Tap"],"picked":"Juggernaut","floor":16},{"not_picked":["Sever Soul","Clash"],"picked":"Whirlwind","floor":17},{"not_picked":["Bloodletting","Power Through","Havoc"],"picked":"SKIP","floor":18},{"not_picked":["Warcry","Bloodletting","Flex"],"picked":"SKIP","floor":20},{"not_picked":["Rupture","Warcry","Ghostly Armor"],"picked":"SKIP","floor":22},{"not_picked":["Clothesline+1","Heavy Blade"],"picked":"Havoc","floor":24}],"player_experience":1297323,"relics_obtained":[{"floor":6.0,"key":"Matryoshka"},{"floor":9.0,"key":"Vajra"},{"floor":9.0,"key":"Lantern"},{"floor":11,"key":"War Paint"},{"floor":13,"key":"Pen Nib"},{"floor":24,"key":"Potion Belt"},{"floor":26,"key":"Boot"},{"floor":26,"key":"Bottled Tornado"}],"event_choices":[{"damage_healed":0.0,"max_hp_gain":0.0,"max_hp_loss":0.0,"gold_gain":150.0,"event_name":"Liars Game","player_choice":"AGREE","floor":2.0,"gold_loss":0.0,"damage_taken":0.0,"cards_obtained":["Doubt"]},{"damage_healed":0.0,"max_hp_gain":0.0,"max_hp_loss":7.0,"gold_gain":0.0,"event_name":"Golden Idol","player_choice":"Lose Max HP","floor":4.0,"gold_loss":0.0,"damage_taken":0.0,"relics_obtained":["Golden Idol"]},{"damage_healed":0,"gold_gain":0,"player_choice":"Rummage","damage_taken":0,"relics_obtained":["WarpedTongs"],"max_hp_gain":0,"max_hp_loss":0,"event_name":"Accursed Blacksmith","floor":19,"gold_loss":0,"cards_obtained":["Pain"]}],"is_beta":false,"boss_relics":[{"not_picked":["Fusion Hammer","Black Blood"],"picked":"Tiny House"}],"items_purged_floors":[5,21],"is_endless":false,"potions_floor_spawned":[6,10,11,22],"killed_by":"Gremlin Leader","ascension_level":20}