{"gold_per_floor":[117,128,37,37,49,81,91,91,91,120,100,100,130,142,142,246,246,246,161,161,161,161],"floor_reached":22,"playtime":968,"items_purged":[],"score":240,"play_id":"5f04e2bb-05b8-47ee-bf7c-fc0c1a756873","local_time":"20190302235548","is_ascension_mode":true,"campfire_choices":[{"data":"Dualcast","floor":8,"key":"SMITH"},{"data":"Zap","floor":12,"key":"SMITH"},{"data":"Loop","floor":15,"key":"SMITH"}],"neow_cost":"TEN_PERCENT_HP_LOSS","seed_source_timestamp":38832271071048,"circlet_count":0,"master_deck":["Strike_B","Strike_B","Strike_B","Strike_B","Defend_B","Defend_B","Defend_B","Defend_B","Zap+1","Dualcast+1","Madness","Thinking Ahead","Ball Lightning","Cold Snap","Loop+1","Cold Snap","Electrodynamics","Conserve Battery","Conserve Battery","Core Surge","Steam+1","Compile Driver+1"],"relics":["Cracked Core","Potion Belt","Bronze Scales","Meat on the Bone","Art of War","Ectoplasm","Kunai"],"potions_floor_usage":[6,13,13,16],"damage_taken":[{"damage":0,"enemies":"Small Slimes","floor":1,"turns":3},{"damage":1,"enemies":"Cultist","floor":2,"turns":3},{"damage":1,"enemies":"Jaw Worm","floor":5,"turns":4},{"damage":3,"enemies":"3 Sentries","floor":6,"turns":3},{"damage":8,"enemies":"Looter","floor":7,"turns":3},{"damage":27,"enemies":"Lagavulin","floor":10,"turns":5},{"damage":0,"enemies":"3 Sentries","floor":13,"turns":2},{"damage":0,"enemies":"Large Slime","floor":14,"turns":3},{"damage":8,"enemies":"Hexaghost","floor":16,"turns":8},{"damage":10,"enemies":"Shell Parasite","floor":18,"turns":5},{"damage":1,"enemies":"Chosen","floor":20,"turns":5},{"damage":23,"enemies":"Snake Plant","floor":22,"turns":2}],"seed_played":"-6485806153498122625","potions_obtained":[{"floor":1,"key":"EssenceOfSteel"},{"floor":6,"key":"Dexterity Potion"},{"floor":10,"key":"SkillPotion"},{"floor":11,"key":"PowerPotion"}],"is_trial":false,"path_per_floor":["M","M","$","?","M","E","M","R","T","E","?","R","E","M","R","B",null,"M","?","M","$","M"],"character_chosen":"DEFECT","items_purchased":["Loop","Cold Snap"],"campfire_rested":0,"item_purchase_floors":[3,3],"current_hp_per_floor":[68,67,67,67,66,63,55,55,55,28,28,28,40,40,40,44,68,58,58,57,57,34],"gold":161,"neow_bonus":"RANDOM_COLORLESS_2","is_prod":false,"is_daily":false,"chose_seed":false,"campfire_upgraded":3,"win_rate":0,"timestamp":1551596148,"path_taken":["M","M","$","?","M","E","M","R","T","E","?","R","E","?","R","BOSS","M","?","M","$","M"],"build_version":"2019-01-23","purchased_purges":0,"victory":false,"max_hp_per_floor":[68,68,68,68,68,68,68,68,68,68,68,68,68,68,68,68,68,68,68,68,68,68],"card_choices":[{"not_picked":["Sweeping Beam","Stack"],"picked":"Ball Lightning","floor":1},{"not_picked":["Leap","Compile Driver"],"picked":"Cold Snap","floor":2},{"not_picked":["Go for the Eyes","Sweeping Beam"],"picked":"Electrodynamics","floor":5},{"not_picked":["Turbo","Redo","Doom and Gloom"],"picked":"SKIP","floor":6},{"not_picked":["Streamline","Scrape","Hologram"],"picked":"SKIP","floor":7},{"not_picked":["Turbo","Heatsinks"],"picked":"Conserve Battery","floor":10},{"not_picked":["Compile Driver","Thunder Strike"],"picked":"Conserve Battery","floor":13},{"not_picked":["Beam Cell","Steam Power","Compile Driver"],"picked":"SKIP","floor":14},{"not_picked":["Multi-Cast","Electrodynamics"],"picked":"Core Surge","floor":16},{"not_picked":["Ball Lightning+1","Cold Snap"],"picked":"Steam+1","floor":18},{"not_picked":["Barrage","Sweeping Beam"],"picked":"Compile Driver+1","floor":20}],"player_experience":776752,"relics_obtained":[{"floor":6,"key":"Potion Belt"},{"floor":9,"key":"Bronze Scales"},{"floor":10,"key":"Meat on the Bone"},{"floor":13,"key":"Art of War"}],"event_choices":[{"damage_healed":0,"gold_gain":0,"player_choice":"Leave","damage_taken":0,"max_hp_gain":0,"max_hp_loss":0,"event_name":"The Cleric","floor":4,"gold_loss":0},{"damage_healed":0,"gold_gain":0,"player_choice":"Bought 1 Potion","damage_taken":0,"max_hp_gain":0,"max_hp_loss":0,"event_name":"The Woman in Blue","floor":11,"gold_loss":0},{"damage_healed":0,"gold_gain":0,"player_choice":"Obtained Relic","damage_taken":0,"relics_obtained":["Kunai"],"max_hp_gain":0,"max_hp_loss":0,"event_name":"Addict","floor":19,"gold_loss":85}],"is_beta":false,"boss_relics":[{"not_picked":["Eternal Feather","Philosopher\u0027s Stone"],"picked":"Ectoplasm"}],"items_purged_floors":[],"is_endless":false,"potions_floor_spawned":[1,6,10],"killed_by":"Snake Plant","ascension_level":1}