{"path_per_floor":["M","?","$","M","M","E","$","M","T","M","E","$","M","E","R","B",null,"M","?","M","?","M","R","M","M","T"],"character_chosen":"THE_SILENT","items_purchased":["Predator","Dash","Dagger Throw","Backstab","Bouncing Flask"],"gold_per_floor":[119,119,50,62,80,105,16,28,99,118,152,47,59,90,90,192,192,212,212,224,224,238,238,256,275,300],"floor_reached":27,"campfire_rested":1,"playtime":3669,"current_hp_per_floor":[70,70,70,61,61,59,59,52,52,52,48,48,48,49,73,58,80,75,56,49,40,50,61,55,38,38],"items_purged":[],"gold":300,"score":263,"play_id":"f02abe71-fee9-4c8e-84e0-55f96fb515d2","is_prod":false,"is_daily":false,"is_ascension_mode":false,"campfire_upgraded":1,"path_taken":["M","?","?","M","M","E","$","?","T","M","E","?","M","E","R","BOSS","M","?","M","?","M","R","M","M","T","E"],"build_version":"2018-02-08-PROD1","purchased_purges":0,"victory":false,"master_deck":["Defend_G","Defend_G","Defend_G","Defend_G","Defend_G","Survivor","Neutralize+1","Flying Knee","Predator","After Image","Flying Knee","Malaise","Dash","Dagger Throw","Flying Knee","Well Laid Plans","Bouncing Flask","Backstab+1","Bouncing Flask","Noxious Fumes","Slice","Wraith Form","Bouncing Flask","Bite","Bite","Bite","Bite","Bite","PiercingWail","Backflip","Outmaneuver","PiercingWail"],"max_hp_per_floor":[70,70,70,70,70,80,80,80,80,80,80,80,80,80,80,80,80,80,56,56,61,61,61,61,61,61],"relics":["Ring of the Snake","Pear","Toolbox","Gremlin Horn","Oddly Smooth Stone","Eternal Feather","Ancient Tea Set"],"card_choices":[{"not_picked":["Outmaneuver","Crippling Poison"],"picked":"Flying Knee"},{"not_picked":["Footwork","Outmaneuver"],"picked":"After Image"},{"not_picked":["Flechettes","Sucker Punch"],"picked":"Flying Knee"},{"not_picked":["Sucker Punch","Corpse Explosion"],"picked":"Malaise"},{"not_picked":["Prepared","Bane"],"picked":"Flying Knee"},{"not_picked":["Backflip","Sucker Punch"],"picked":"Well Laid Plans"},{"not_picked":["Dagger Spray","Terror"],"picked":"Bouncing Flask"},{"not_picked":["Dagger Throw","Backflip"],"picked":"Noxious Fumes"},{"not_picked":["Bane","Flying Knee"],"picked":"Slice"},{"not_picked":["Night Terror","Bullet Time"],"picked":"Wraith Form"},{"not_picked":["Bane","Eviscerate"],"picked":"Bouncing Flask"},{"not_picked":["Sucker Punch","Slice"],"picked":"PiercingWail"},{"not_picked":["Caltrops","Prepared"],"picked":"Backflip"},{"not_picked":["Backflip","Deadly Poison"],"picked":"Outmaneuver"},{"not_picked":["Sucker Punch","Malaise"],"picked":"PiercingWail"}],"player_experience":28425,"potions_floor_usage":[10,11,11,14,22,22,24,27],"damage_taken":[{"damage":0,"enemies":"2 Louse","floor":1,"turns":5},{"damage":9,"enemies":"Blue Slaver","floor":4,"turns":5},{"damage":0,"enemies":"Small Slimes","floor":5,"turns":3},{"damage":12,"enemies":"3 Sentries","floor":6,"turns":12},{"damage":7,"enemies":"Exordium Thugs","floor":8,"turns":7},{"damage":0,"enemies":"Lots of Slimes","floor":10,"turns":2},{"damage":4,"enemies":"Lagavulin","floor":11,"turns":6},{"damage":0,"enemies":"Red Slaver","floor":13,"turns":3},{"damage":11,"enemies":"Gremlin Nob","floor":14,"turns":4},{"damage":15,"enemies":"The Guardian","floor":16,"turns":7},{"damage":5,"enemies":"Spheric Guardian","floor":18,"turns":4},{"damage":13,"enemies":"Shell Parasite","floor":20,"turns":6},{"damage":15,"enemies":"Cultist and Chosen","floor":22,"turns":7},{"damage":17,"enemies":"3 Cultists","floor":24,"turns":8},{"damage":25,"enemies":"Centurion and Healer","floor":25,"turns":7},{"damage":60,"enemies":"Gremlin Leader","floor":27,"turns":4}],"event_choices":[{"event_name":"Upgrade Shrine","player_choice":"Upgraded","floor":2,"damage_taken":0},{"event_name":"Vampires","player_choice":"Became a vampire","floor":19,"damage_taken":0},{"event_name":"Forgotten Altar","player_choice":"Shed Blood","floor":21,"damage_taken":0}],"boss_relics":[{"not_picked":["Cursed Key","Runic Dome"],"picked":"Eternal Feather"}],"potions_floor_spawned":[6,8,10,11,14,16,18,25],"seed_played":"-3665668713683333350","killed_by":"Gremlin Leader","ascension_level":0,"is_trial":false}