{"gold_per_floor":[213,233,249,267,28,28,56,34,58,81,81,108,108,119,119,222,522,536,550,650,650,669,669],"floor_reached":23,"playtime":995,"items_purged":[],"score":271,"play_id":"06db6a09-7f8a-427c-a300-d826f241b062","local_time":"20180927141803","is_ascension_mode":true,"campfire_choices":[{"data":"Zap","floor":6,"key":"SMITH"},{"floor":13,"key":"REST"},{"floor":15,"key":"REST"}],"neow_cost":"NONE","seed_source_timestamp":257257455950950,"circlet_count":0,"master_deck":["Strike_B","Strike_B","Strike_B","Strike_B","Defend_B","Defend_B","Defend_B","Defend_B","Zap+1","Dualcast","Blizzard","Undo","Coolheaded","Rebound","Cold Snap","Doubt","Injury","Stack+1","Ball Lightning","Conserve Battery"],"relics":["Cracked Core","Symbiotic Virus","Orichalcum","Pen Nib","Odd Mushroom","Vajra","Calling Bell","Bag of Marbles","Dodecahedron","Old Coin"],"potions_floor_usage":[4,7,22,23,23,23],"damage_taken":[{"damage":1,"enemies":"Cultist","floor":1,"turns":3},{"damage":0,"enemies":"Small Slimes","floor":2,"turns":3},{"damage":3,"enemies":"2 Louse","floor":3,"turns":3},{"damage":15,"enemies":"Exordium Wildlife","floor":4,"turns":6},{"damage":15,"enemies":"Gremlin Nob","floor":7,"turns":4},{"damage":13,"enemies":"The Mushroom Lair","floor":10,"turns":4},{"damage":13,"enemies":"Lagavulin","floor":12,"turns":6},{"damage":0,"enemies":"Looter","floor":14,"turns":3},{"damage":19,"enemies":"Slime Boss","floor":16,"turns":11},{"damage":24,"enemies":"Spheric Guardian","floor":18,"turns":6},{"damage":9,"enemies":"Chosen","floor":19,"turns":5},{"damage":29,"enemies":"Snake Plant","floor":22,"turns":5},{"damage":20,"enemies":"Slavers","floor":23,"turns":1}],"seed_played":"3795424385000615122","potions_obtained":[{"floor":1,"key":"SpeedPotion"},{"floor":4,"key":"PowerPotion"},{"floor":14,"key":"EssenceOfSteel"},{"floor":16,"key":"Regen Potion"},{"floor":18,"key":"Swift Potion"},{"floor":22,"key":"FocusPotion"}],"is_trial":false,"path_per_floor":["M","M","M","M","$","R","E","$","T","?","?","E","R","M","R","B",null,"M","M","?","?","M"],"character_chosen":"DEFECT","items_purchased":["Symbiotic Virus","Rebound"],"campfire_rested":2,"item_purchase_floors":[5,8],"current_hp_per_floor":[67,67,64,49,49,49,34,34,34,21,21,8,30,30,52,33,65,41,32,32,32,17,0],"gold":669,"neow_bonus":"HUNDRED_GOLD","is_prod":false,"is_daily":false,"chose_seed":false,"campfire_upgraded":1,"win_rate":0,"timestamp":1538050683,"path_taken":["M","M","M","M","$","R","E","?","T","?","?","E","R","M","R","BOSS","M","?","?","?","M","E"],"build_version":"2018-09-20","purchased_purges":0,"victory":false,"max_hp_per_floor":[75,75,75,75,75,75,75,75,75,75,75,75,75,75,75,75,75,75,75,75,75,75,75],"card_choices":[{"not_picked":["Heatsinks","Turbo"],"picked":"Blizzard","floor":1},{"not_picked":["Steam Power","Undo","Turbo"],"picked":"SKIP","floor":2},{"not_picked":["Steam Power","Turbo"],"picked":"Undo","floor":2},{"not_picked":["Reinforced Body","Rebound","Go for the Eyes"],"picked":"SKIP","floor":3},{"not_picked":["Streamline","FTL","Beam Cell"],"picked":"SKIP","floor":4},{"not_picked":["Gash","Redo"],"picked":"Coolheaded","floor":7},{"not_picked":["Reinforced Body","Hologram","Rebound"],"picked":"SKIP","floor":12},{"not_picked":["Sweeping Beam","Self Repair"],"picked":"Cold Snap","floor":14},{"not_picked":["Rebound","Barrage"],"picked":"Stack+1","floor":18},{"not_picked":["Reprogram","Scrape"],"picked":"Ball Lightning","floor":19},{"not_picked":["Doom and Gloom","Turbo"],"picked":"Conserve Battery","floor":22}],"player_experience":427485,"relics_obtained":[{"floor":7,"key":"Orichalcum"},{"floor":9,"key":"Pen Nib"},{"floor":10,"key":"Odd Mushroom"},{"floor":12,"key":"Vajra"},{"floor":17,"key":"Bag of Marbles"},{"floor":17,"key":"Dodecahedron"},{"floor":17,"key":"Old Coin"}],"event_choices":[{"event_name":"Mushrooms","player_choice":"Fought Mushrooms","floor":10,"damage_taken":0},{"event_name":"Golden Wing","player_choice":"Ignored","floor":11,"damage_taken":0},{"event_name":"Golden Shrine","player_choice":"Pray","floor":20,"damage_taken":0},{"event_name":"Back to Basics","player_choice":"Elegance","floor":21,"damage_taken":0}],"is_beta":false,"boss_relics":[{"not_picked":["Sozu","Runic Pyramid"],"picked":"Calling Bell"}],"items_purged_floors":[],"is_endless":false,"potions_floor_spawned":[1,4,14,16,18,22],"killed_by":"Slavers","ascension_level":7}