{"gold_per_floor":[119,129,204,204,218,218,4,4,27,59,59,59,59,70,70,147,147,167,68,88,88],"floor_reached":21,"playtime":934,"items_purged":[],"score":336,"play_id":"90b84e0f-ce01-4fca-b006-160441980175","local_time":"20181126130654","is_ascension_mode":true,"campfire_choices":[{"data":"Zap","floor":6.0,"key":"SMITH"},{"data":"Coolheaded","floor":8.0,"key":"SMITH"},{"floor":13.0,"key":"REST"},{"data":"Coolheaded","floor":15.0,"key":"SMITH"}],"neow_cost":"NONE","seed_source_timestamp":0,"circlet_count":0,"master_deck":["AscendersBane","Strike_B+1","Strike_B+1","Strike_B","Strike_B","Defend_B","Defend_B","Defend_B","Defend_B","Zap+1","Dualcast","Creative AI+1","Sweeping Beam","Coolheaded+1","FTL","Coolheaded+1","Go for the Eyes","Core Surge","Stack+1","Discovery","Self Repair"],"special_seed":0,"relics":["Cracked Core","Whetstone","Dream Catcher","Ice Cream","Cursed Key"],"potions_floor_usage":[21],"damage_taken":[{"damage":6.0,"enemies":"2 Louse","floor":1.0,"turns":3.0},{"damage":7.0,"enemies":"Small Slimes","floor":2.0,"turns":3.0},{"damage":0.0,"enemies":"Jaw Worm","floor":5.0,"turns":5.0},{"damage":43.0,"enemies":"Gremlin Nob","floor":10.0,"turns":5.0},{"damage":9.0,"enemies":"Red Slaver","floor":14.0,"turns":5.0},{"damage":21.0,"enemies":"The Guardian","floor":16.0,"turns":17.0},{"damage":10.0,"enemies":"Shell Parasite","floor":18.0,"turns":6.0},{"damage":41,"enemies":"3 Byrds","floor":20,"turns":8},{"damage":13,"enemies":"Centurion and Healer","floor":21,"turns":2}],"seed_played":"-5658114402945850781","potions_obtained":[{"floor":5.0,"key":"Dexterity Potion"},{"floor":10.0,"key":"GamblersBrew"},{"floor":20,"key":"AttackPotion"}],"is_trial":false,"path_per_floor":["M","M","?","?","M","R","$","R","T","E","$","?","R","M","R","B",null,"M","$","M","M"],"character_chosen":"DEFECT","items_purchased":["Whetstone","Coolheaded","Discovery"],"campfire_rested":1,"item_purchase_floors":[7,7,19],"current_hp_per_floor":[58,51,40,63,63,63,63,63,63,20,20,20,41,32,32,11,56,46,46,5,0],"gold":88,"neow_bonus":"ONE_RANDOM_RARE_CARD","is_prod":false,"is_daily":false,"chose_seed":false,"campfire_upgraded":3,"win_rate":0,"timestamp":1543234014,"path_taken":["M","M","?","?","?","R","?","R","T","E","$","?","R","M","R","BOSS","M","$","M","M"],"build_version":"2018-11-15","purchased_purges":0,"victory":false,"max_hp_per_floor":[71,71,71,71,71,71,71,71,71,71,71,71,71,71,71,71,71,71,71,71,71],"card_choices":[{"not_picked":["Sunder","Tempest"],"picked":"Sweeping Beam","floor":1.0},{"not_picked":["Gash","Storm"],"picked":"Coolheaded","floor":2.0},{"not_picked":["Consume","Steam"],"picked":"FTL","floor":5.0},{"not_picked":["Sweeping Beam","Hologram","Darkness"],"picked":"SKIP","floor":10.0},{"not_picked":["Rebound","FTL"],"picked":"Go for the Eyes","floor":14.0},{"not_picked":["Multi-Cast","All For One"],"picked":"Core Surge","floor":16.0},{"not_picked":["Storm","Turbo"],"picked":"Stack+1","floor":18.0},{"not_picked":["Compile Driver","Rebound"],"picked":"Self Repair","floor":20}],"player_experience":866033,"relics_obtained":[{"floor":9.0,"key":"Dream Catcher"},{"floor":10.0,"key":"Ice Cream"}],"event_choices":[{"damage_healed":0.0,"max_hp_gain":0.0,"max_hp_loss":0.0,"gold_gain":75.0,"event_name":"World of Goop","player_choice":"Gather Gold","floor":3.0,"gold_loss":0.0,"damage_taken":11.0},{"damage_healed":23.0,"max_hp_gain":0.0,"max_hp_loss":0.0,"gold_gain":0.0,"event_name":"Big Fish","player_choice":"Banana","floor":4.0,"gold_loss":0.0,"damage_taken":0.0},{"damage_healed":0.0,"max_hp_gain":0.0,"max_hp_loss":0.0,"gold_gain":0.0,"event_name":"Upgrade Shrine","player_choice":"Upgraded","floor":12.0,"gold_loss":0.0,"damage_taken":0.0,"cards_upgraded":["Creative AI"]}],"is_beta":false,"boss_relics":[{"not_picked":["Astrolabe","Snecko Eye"],"picked":"Cursed Key"}],"items_purged_floors":[],"is_endless":false,"potions_floor_spawned":[5,10,16,20],"killed_by":"Centurion and Healer","ascension_level":18}