{"gold_per_floor":[110,110,110,110,110,140,154,188,240,240,260,275,293,324,324,419,419,438,456,381,396,411,411,438,455,455,455,472,472,472,500,500,601,601,620,640,72,0,0,0,32,32,100,126,138,65,85,98,98,98],"floor_reached":51,"playtime":2332,"items_purged":[],"score":916,"play_id":"eba0f151-9fa9-46b1-bd0e-4e05a8ba435d","local_time":"20190405033103","is_ascension_mode":true,"campfire_choices":[{"data":"Infinite Blades","floor":10,"key":"SMITH"},{"data":"Poisoned Stab","floor":15,"key":"SMITH"},{"data":"Accuracy","floor":23,"key":"SMITH"},{"data":"Well Laid Plans","floor":27,"key":"SMITH"},{"data":"Poisoned Stab","floor":30,"key":"SMITH"},{"data":"Sucker Punch","floor":32,"key":"SMITH"},{"data":"Noxious Fumes","floor":40,"key":"SMITH"},{"data":"After Image","floor":42,"key":"SMITH"},{"data":"Accuracy","floor":49,"key":"SMITH"}],"neow_cost":"NONE","seed_source_timestamp":90022462465266,"circlet_count":0,"master_deck":["Defend_G","Defend_G","Defend_G+1","Defend_G","Strike_G","Strike_G","Strike_G","Strike_G+1","Survivor+1","Neutralize+1","Poisoned Stab+1","Infinite Blades+1","Poisoned Stab+1","Dagger Spray","Bouncing Flask+1","Accuracy+1","Sucker Punch+1","Backstab","Venomology+1","Backstab","Blade Dance+1","Cloak And Dagger+1","Blade Dance+1","Well Laid Plans+1","Blur+1","Ghostly+1","Ghostly+1","Ghostly+1","Ghostly+1","Ghostly+1","After Image+1","Noxious Fumes+1","Crippling Poison+1","Accuracy+1","Catalyst+1"],"relics":["Ring of the Snake","NeowsBlessing","Centennial Puzzle","War Paint","Toxic Egg 2","Anchor","Du-Vu Doll","Eternal Feather","Paper Crane","Bottled Tornado","Juzu Bracelet","Busted Crown","Letter Opener","Bottled Lightning","Red Mask","Bag of Marbles","Singing Bowl","Sundial"],"potions_floor_usage":[14,14,18,19,21,22,24,24,24,33,35,36,41,44,44,45,50,50,50,50],"damage_taken":[{"damage":0,"enemies":"Small Slimes","floor":1,"turns":1},{"damage":0,"enemies":"3 Sentries","floor":6,"turns":1},{"damage":0,"enemies":"2 Louse","floor":7,"turns":1},{"damage":10,"enemies":"Gremlin Nob","floor":8,"turns":4},{"damage":0,"enemies":"Cultist","floor":11,"turns":3},{"damage":0,"enemies":"Exordium Wildlife","floor":12,"turns":3},{"damage":0,"enemies":"Large Slime","floor":13,"turns":5},{"damage":13,"enemies":"3 Sentries","floor":14,"turns":6},{"damage":13,"enemies":"Slime Boss","floor":16,"turns":9},{"damage":2,"enemies":"Shell Parasite","floor":18,"turns":5},{"damage":8,"enemies":"3 Byrds","floor":19,"turns":5},{"damage":9,"enemies":"Snake Plant","floor":21,"turns":3},{"damage":12,"enemies":"Sentry and Sphere","floor":22,"turns":4},{"damage":21,"enemies":"Book of Stabbing","floor":24,"turns":6},{"damage":5,"enemies":"Centurion and Healer","floor":25,"turns":5},{"damage":10,"enemies":"Snake Plant","floor":28,"turns":4},{"damage":17,"enemies":"Slavers","floor":31,"turns":6},{"damage":4,"enemies":"Automaton","floor":33,"turns":11},{"damage":0,"enemies":"Orb Walker","floor":35,"turns":4},{"damage":18,"enemies":"3 Darklings","floor":36,"turns":7},{"damage":1,"enemies":"Nemesis","floor":41,"turns":7},{"damage":16,"enemies":"Reptomancer","floor":44,"turns":6},{"damage":1,"enemies":"Writhing Mass","floor":45,"turns":7},{"damage":4,"enemies":"Sphere and 2 Shapes","floor":47,"turns":4},{"damage":11,"enemies":"3 Darklings","floor":48,"turns":4},{"damage":10,"enemies":"Donu and Deca","floor":50,"turns":7}],"seed_played":"801694216534648269","potions_obtained":[{"floor":7,"key":"Regen Potion"},{"floor":12,"key":"Energy Potion"},{"floor":13,"key":"LiquidBronze"},{"floor":14,"key":"Weak Potion"},{"floor":18,"key":"PowerPotion"},{"floor":24,"key":"Poison Potion"},{"floor":25,"key":"Swift Potion"},{"floor":35,"key":"SteroidPotion"},{"floor":44,"key":"Regen Potion"},{"floor":47,"key":"PowerPotion"}],"is_trial":false,"path_per_floor":["?","?","?","?","M","?","?","?","?"],"character_chosen":"THE_SILENT","items_purchased":["Letter Opener","Noxious Fumes","Bottled Lightning","Catalyst+1"],"campfire_rested":0,"item_purchase_floors":[37,37,37,46],"current_hp_per_floor":[70,56,61,49,49,49,49,39,39,39,39,39,39,41,41,28,75,73,65,65,56,44,56,35,30,30,42,32,32,37,20,37,33,37,37,19,19,19,19,37,36,37,37,23,36,36,34,25,43,33],"gold":98,"neow_bonus":"THREE_ENEMY_KILL","is_prod":false,"is_daily":false,"chose_seed":false,"campfire_upgraded":9,"win_rate":0,"timestamp":1554409863,"path_taken":["M","?","?","?","?","E","M","E","T","R","M","?","M","E","R","BOSS","M","M","?","M","M","R","E","M","T","R","M","?","R","E","R","BOSS","M","M","$","?","?","R","E","R","T","E","M","$","M","M","R","BOSS"],"build_version":"2019-01-23","purchased_purges":0,"victory":true,"max_hp_per_floor":[70,70,75,75,75,75,75,75,75,75,75,75,75,75,75,75,75,75,75,75,75,75,75,75,75,75,75,75,37,37,37,37,37,37,37,37,37,37,37,37,37,37,37,39,39,39,41,43,43,43],"card_choices":[{"not_picked":["Sucker Punch","Bane"],"picked":"Poisoned Stab","floor":1},{"not_picked":["Setup","Cloak And Dagger"],"picked":"Poisoned Stab","floor":6},{"not_picked":["All Out Attack","Outmaneuver"],"picked":"Dagger Spray","floor":7},{"not_picked":["Tactician","Flechettes"],"picked":"Bouncing Flask","floor":8},{"not_picked":["Poisoned Stab","Reflex+1"],"picked":"Accuracy","floor":11},{"not_picked":["Outmaneuver+1","Doppelganger+1"],"picked":"Sucker Punch","floor":12},{"not_picked":["Prepared+1","Underhanded Strike"],"picked":"Backstab","floor":13},{"not_picked":["Outmaneuver+1","Dagger Spray","Sucker Punch"],"picked":"SKIP","floor":14},{"not_picked":["After Image","Grand Finale"],"picked":"Venomology+1","floor":16},{"not_picked":["Poisoned Stab","Predator"],"picked":"Backstab","floor":18},{"not_picked":["Outmaneuver+1","Choke"],"picked":"Blade Dance+1","floor":19},{"not_picked":["Sucker Punch","Slice"],"picked":"Cloak And Dagger+1","floor":21},{"not_picked":["Backflip+1","Dagger Throw"],"picked":"Blade Dance+1","floor":22},{"not_picked":["Eviscerate+1","Sucker Punch"],"picked":"Well Laid Plans","floor":24},{"not_picked":["Prepared+1","Outmaneuver+1","Riddle With Holes+1"],"picked":"SKIP","floor":25},{"not_picked":["Malaise+1","Tactician+1"],"picked":"Blur+1","floor":28},{"not_picked":["Tactician+1","Expertise+1","Slice+1"],"picked":"SKIP","floor":31},{"not_picked":["Tools of the Trade","Glass Knife"],"picked":"After Image","floor":33},{"not_picked":["Dagger Spray+1"],"picked":"SKIP","floor":35},{"not_picked":["Dagger Throw+1"],"picked":"SKIP","floor":36},{"not_picked":[],"picked":"Crippling Poison+1","floor":41},{"not_picked":["Dagger Spray+1"],"picked":"Singing Bowl","floor":44},{"not_picked":[],"picked":"Accuracy","floor":45},{"not_picked":["Flying Knee"],"picked":"Singing Bowl","floor":47},{"not_picked":["Dagger Spray+1"],"picked":"Singing Bowl","floor":48}],"player_experience":172456,"relics_obtained":[{"floor":6,"key":"War Paint"},{"floor":8,"key":"Toxic Egg 2"},{"floor":9,"key":"Anchor"},{"floor":14,"key":"Du-Vu Doll"},{"floor":24,"key":"Paper Crane"},{"floor":26,"key":"Bottled Tornado"},{"floor":31,"key":"Juzu Bracelet"},{"floor":41,"key":"Bag of Marbles"},{"floor":43,"key":"Singing Bowl"},{"floor":44,"key":"Sundial"}],"event_choices":[{"damage_healed":0,"gold_gain":0,"player_choice":"Entered Light","damage_taken":14,"max_hp_gain":0,"max_hp_loss":0,"event_name":"Shining Light","floor":2,"gold_loss":0,"cards_upgraded":["Strike_G","Neutralize"]},{"damage_healed":0,"gold_gain":0,"player_choice":"Donut","damage_taken":0,"max_hp_gain":5,"max_hp_loss":0,"event_name":"Big Fish","floor":3,"gold_loss":0},{"damage_healed":0,"gold_gain":0,"player_choice":"Success","damage_taken":12,"relics_obtained":["Centennial Puzzle"],"max_hp_gain":0,"max_hp_loss":0,"event_name":"Scrap Ooze","floor":4,"gold_loss":0},{"damage_healed":0,"gold_gain":0,"cards_transformed":["Defend_G"],"player_choice":"Transformed","damage_taken":0,"max_hp_gain":0,"max_hp_loss":0,"event_name":"Transmorgrifier","floor":5,"gold_loss":0,"cards_obtained":["Infinite Blades"]},{"cards_removed":["Strike_G"],"damage_healed":0,"gold_gain":0,"player_choice":"Gave Gold","damage_taken":0,"max_hp_gain":0,"max_hp_loss":0,"event_name":"Beggar","floor":20,"gold_loss":75},{"damage_healed":0,"gold_gain":0,"player_choice":"Became a Ghost","damage_taken":0,"max_hp_gain":0,"max_hp_loss":38,"event_name":"Ghosts","floor":29,"gold_loss":0,"cards_obtained":["Ghostly","Ghostly","Ghostly","Ghostly","Ghostly"]},{"damage_healed":0,"gold_gain":0,"player_choice":"Paid","damage_taken":0,"relics_obtained":["Red Mask"],"max_hp_gain":0,"max_hp_loss":0,"event_name":"Tomb of Lord Red Mask","floor":38,"gold_loss":72},{"damage_healed":0,"gold_gain":0,"player_choice":"Got Potions","damage_taken":0,"max_hp_gain":0,"max_hp_loss":0,"event_name":"Lab","floor":39,"gold_loss":0}],"is_beta":false,"boss_relics":[{"not_picked":["Fusion Hammer","Ectoplasm"],"picked":"Eternal Feather"},{"not_picked":["White Beast Statue","Empty Cage"],"picked":"Busted Crown"}],"items_purged_floors":[],"is_endless":false,"potions_floor_spawned":[7,12,13,14,18,21,24,25,35,44,47,48],"ascension_level":2}