{"gold_per_floor":[118,118,41,41,51,51,85,101,101,130,150,168,168,193,193,272,272,283,283,283,66,99,99,112,112],"floor_reached":25,"playtime":884,"items_purged":["Writhe"],"score":438,"play_id":"f613e4e0-6cf5-4088-a34c-1b40b8574922","local_time":"20190211134003","is_ascension_mode":true,"campfire_choices":[{"data":"Sunder","floor":6.0,"key":"SMITH"},{"floor":13,"key":"REST"},{"floor":15,"key":"REST"},{"floor":23,"key":"REST"}],"neow_cost":"NONE","seed_source_timestamp":0,"circlet_count":0,"master_deck":["AscendersBane","Strike_B","Strike_B","Strike_B","Defend_B","Defend_B","Defend_B","Defend_B","Zap","Dualcast","Loop","Sunder+1","Meteor Strike","Sweeping Beam","Coolheaded","Glacier","Ball Lightning","Steam","Machine Learning","Biased Cognition","Turbo","Doom and Gloom","Ball Lightning"],"special_seed":0,"relics":["Cracked Core","GremlinMask","Sundial","Ornamental Fan","Potion Belt","Shuriken","Lizard Tail","Frozen Egg 2","Red Mask"],"potions_floor_usage":[16,16,22,22,25],"damage_taken":[{"damage":0.0,"enemies":"2 Louse","floor":1.0,"turns":3.0},{"damage":7.0,"enemies":"Cultist","floor":5.0,"turns":4.0},{"damage":20.0,"enemies":"3 Sentries","floor":7.0,"turns":6.0},{"damage":8.0,"enemies":"Jaw Worm","floor":8.0,"turns":3.0},{"damage":22.0,"enemies":"Gremlin Nob","floor":10.0,"turns":4.0},{"damage":0,"enemies":"Gremlin Gang","floor":11,"turns":4},{"damage":0,"enemies":"Looter","floor":12,"turns":4},{"damage":17,"enemies":"Lagavulin","floor":14,"turns":7},{"damage":18,"enemies":"Slime Boss","floor":16,"turns":7},{"damage":38,"enemies":"3 Byrds","floor":18,"turns":6},{"damage":94,"enemies":"Masked Bandits","floor":22,"turns":6},{"damage":5,"enemies":"Spheric Guardian","floor":24,"turns":5},{"damage":25,"enemies":"Slavers","floor":25,"turns":3}],"seed_played":"-3641081811350849829","potions_obtained":[{"floor":7.0,"key":"EssenceOfSteel"},{"floor":10.0,"key":"Dexterity Potion"},{"floor":14,"key":"AttackPotion"},{"floor":18,"key":"SkillPotion"},{"floor":22,"key":"Block Potion"}],"is_trial":false,"path_per_floor":["M","?","$","?","M","R","E","M","T","E","M","M","R","E","R","B",null,"M","?","?","$","?","R","M","E"],"character_chosen":"DEFECT","items_purchased":["Sunder","Doom and Gloom","PowerPotion"],"campfire_rested":3,"item_purchase_floors":[3,21,21],"current_hp_per_floor":[71,71,71,71,64,64,44,36,36,14,14,14,37,20,43,25,65,27,43,43,43,2,25,20,0],"gold":112,"neow_bonus":"TEN_PERCENT_HP_BONUS","is_prod":false,"is_daily":false,"chose_seed":false,"campfire_upgraded":1,"win_rate":0,"timestamp":1549888803,"path_taken":["M","?","?","?","M","R","E","M","T","E","?","M","R","E","R","BOSS","M","?","?","$","?","R","M","E"],"build_version":"2019-01-23","purchased_purges":1,"victory":false,"max_hp_per_floor":[78,78,78,78,78,78,78,78,78,78,78,78,78,78,78,78,78,78,78,78,78,78,78,78,78],"card_choices":[{"not_picked":["Turbo","Cold Snap"],"picked":"Loop","floor":1.0},{"not_picked":["Coolheaded","Leap"],"picked":"Sweeping Beam","floor":5.0},{"not_picked":["Leap","Compile Driver"],"picked":"Coolheaded","floor":7.0},{"not_picked":["Heatsinks","Aggregate"],"picked":"Glacier","floor":8.0},{"not_picked":["Undo","Compile Driver"],"picked":"Ball Lightning","floor":10.0},{"not_picked":["Compile Driver","Static Discharge"],"picked":"Steam","floor":11},{"not_picked":["Auto Shields","Leap"],"picked":"Machine Learning","floor":12},{"not_picked":["Loop","Steam","Go for the Eyes"],"picked":"SKIP","floor":14},{"not_picked":["Echo Form","Thunder Strike"],"picked":"Biased Cognition","floor":16},{"not_picked":["Turbo","Stack","Hello World"],"picked":"SKIP","floor":18},{"not_picked":["Stack","Hello World"],"picked":"Turbo","floor":18},{"not_picked":["Machine Learning+1","Sweeping Beam"],"picked":"Ball Lightning","floor":24}],"player_experience":1335234,"relics_obtained":[{"floor":7.0,"key":"Sundial"},{"floor":9.0,"key":"Ornamental Fan"},{"floor":10.0,"key":"Potion Belt"},{"floor":14,"key":"Shuriken"},{"floor":22,"key":"Red Mask"}],"event_choices":[{"damage_healed":0.0,"max_hp_gain":0.0,"max_hp_loss":0.0,"gold_gain":0.0,"event_name":"FaceTrader","player_choice":"Trade","floor":2.0,"gold_loss":0.0,"damage_taken":0.0,"relics_obtained":["GremlinMask"]},{"damage_healed":0.0,"max_hp_gain":0.0,"max_hp_loss":0.0,"gold_gain":0.0,"cards_transformed":["Strike_B"],"event_name":"Transmorgrifier","player_choice":"Transformed","floor":4.0,"gold_loss":0.0,"damage_taken":0.0,"cards_obtained":["Meteor Strike"]},{"damage_healed":16,"gold_gain":0,"player_choice":"Heal","damage_taken":0,"max_hp_gain":0,"max_hp_loss":0,"event_name":"The Library","floor":19,"gold_loss":0},{"damage_healed":0,"gold_gain":0,"player_choice":"Opened","damage_taken":0,"relics_obtained":["Frozen Egg 2"],"max_hp_gain":0,"max_hp_loss":0,"event_name":"The Mausoleum","floor":20,"gold_loss":0,"cards_obtained":["Writhe"]},{"damage_healed":0,"gold_gain":0,"player_choice":"Fought Bandits","damage_taken":0,"max_hp_gain":0,"max_hp_loss":0,"event_name":"Masked Bandits","floor":22,"gold_loss":0}],"is_beta":false,"boss_relics":[{"not_picked":["FrozenCore","Tiny House"],"picked":"Lizard Tail"}],"items_purged_floors":[21],"is_endless":false,"potions_floor_spawned":[7,10,14,18,22],"killed_by":"Slavers","ascension_level":20}