{"gold_per_floor":[216,141,106,106,122,122,155,166,166,40,70,70,97,114,114,114],"floor_reached":16,"playtime":681,"items_purged":[],"score":207,"play_id":"2b9ca28b-f077-43f4-a5cd-28f1fc0cda7d","local_time":"20190429012951","is_ascension_mode":true,"campfire_choices":[{"data":"Bash","floor":6,"key":"SMITH"},{"floor":12,"key":"REST"},{"floor":15,"key":"REST"}],"neow_cost":"NONE","seed_source_timestamp":6915105962911,"circlet_count":0,"master_deck":["AscendersBane","Strike_R","Strike_R","Strike_R","Strike_R","Strike_R","Defend_R","Defend_R","Defend_R","Defend_R","Bash+1","Thunderclap","Spot Weakness","Inflame","True Grit+1","Limit Break+1","Anger","Clothesline"],"relics":["Burning Blood","Ginger","Bird Faced Urn","Toxic Egg 2","The Courier","Frozen Egg 2"],"potions_floor_usage":[7,14,14],"damage_taken":[{"damage":15,"enemies":"Small Slimes","floor":1,"turns":4},{"damage":9,"enemies":"Jaw Worm","floor":5,"turns":4},{"damage":30,"enemies":"Lagavulin","floor":7,"turns":7},{"damage":9,"enemies":"2 Louse","floor":8,"turns":3},{"damage":26,"enemies":"3 Sentries","floor":11,"turns":8},{"damage":42,"enemies":"Lagavulin","floor":13,"turns":8},{"damage":10,"enemies":"Gremlin Gang","floor":14,"turns":4},{"damage":34,"enemies":"The Guardian","floor":16,"turns":7}],"seed_played":"5814712335295342181","potions_obtained":[{"floor":1,"key":"Energy Potion"},{"floor":7,"key":"Ancient Potion"},{"floor":13,"key":"LiquidBronze"}],"is_trial":false,"path_per_floor":["M","$","?","T","M","R","E","M","T","$","E","R","E","M","R","B"],"character_chosen":"IRONCLAD","items_purchased":["Spot Weakness","Inflame","True Grit+1"],"campfire_rested":2,"item_purchase_floors":[2,10,10],"current_hp_per_floor":[59,59,75,75,72,72,48,45,45,45,27,49,15,11,33,0],"gold":114,"neow_bonus":"HUNDRED_GOLD","is_prod":false,"is_daily":false,"chose_seed":false,"campfire_upgraded":1,"win_rate":0,"timestamp":1556512191,"path_taken":["M","$","?","?","M","R","E","M","T","$","E","R","E","M","R","BOSS"],"build_version":"2019-01-23","purchased_purges":0,"victory":false,"max_hp_per_floor":[75,75,75,75,75,75,75,75,75,75,75,75,75,75,75,75],"card_choices":[{"not_picked":["Fire Breathing","Havoc"],"picked":"Thunderclap","floor":1},{"not_picked":["Second Wind","Ghostly Armor","Rage"],"picked":"SKIP","floor":5},{"not_picked":["Clash","Combust","Havoc"],"picked":"SKIP","floor":7},{"not_picked":["Havoc","Rupture","Warcry"],"picked":"SKIP","floor":8},{"not_picked":["Demon Form","Sentinel+1"],"picked":"Limit Break+1","floor":11},{"not_picked":["Havoc+1","Power Through+1"],"picked":"Anger","floor":13},{"not_picked":["Wild Strike","Perfected Strike"],"picked":"Clothesline","floor":14}],"player_experience":782836,"relics_obtained":[{"floor":4,"key":"Ginger"},{"floor":7,"key":"Bird Faced Urn"},{"floor":9,"key":"Toxic Egg 2"},{"floor":11,"key":"The Courier"},{"floor":13,"key":"Frozen Egg 2"}],"event_choices":[{"damage_healed":18,"gold_gain":0,"player_choice":"Healed","damage_taken":0,"max_hp_gain":0,"max_hp_loss":0,"event_name":"The Cleric","floor":3,"gold_loss":35}],"is_beta":false,"boss_relics":[],"items_purged_floors":[],"is_endless":false,"potions_floor_spawned":[1,7,13],"killed_by":"The Guardian","ascension_level":15}