{"gold_per_floor":[116,130,149,160,235,235,260,260,260,289,289,289,289,304,304,407,407,427,427,427,440,450,482,482,498,498,70,70,87,101,136,136,236,236,246,264,364,419,419,448,448,448,448,184,184,215,250,0,0,0],"floor_reached":51,"playtime":2781,"items_purged":["Strike_R"],"score":906,"play_id":"d4d6b549-a5eb-415e-97f3-7f4043291a49","local_time":"20190429132723","is_ascension_mode":false,"campfire_choices":[{"data":"Clothesline","floor":6,"key":"SMITH"},{"data":"Perfected Strike","floor":12,"key":"SMITH"},{"data":"Shrug It Off","floor":13,"key":"SMITH"},{"data":"Armaments","floor":15,"key":"SMITH"},{"data":"Perfected Strike","floor":24,"key":"SMITH"},{"data":"Perfected Strike","floor":28,"key":"SMITH"},{"data":"Corruption","floor":32,"key":"SMITH"},{"data":"Barricade","floor":41,"key":"SMITH"},{"data":"Secret Technique","floor":45,"key":"SMITH"},{"data":"Disarm","floor":49,"key":"SMITH"}],"neow_cost":"NONE","seed_source_timestamp":1476432783655100,"circlet_count":0,"master_deck":["Strike_R","Strike_R","Strike_R","Defend_R","Defend_R","Defend_R","Defend_R","Bash+1","Battle Trance","Shrug It Off+1","Headbutt","Clothesline+1","Perfected Strike+1","Perfected Strike+1","Armaments+1","Reaper","Iron Wave","RitualDagger","Anger","Perfected Strike+1","Headbutt","Shockwave+1","PanicButton","Battle Trance","Perfected Strike+1","Corruption+1","Barricade+1","Impervious","Inflame+1","Shrug It Off+1","Whirlwind+1","Iron Wave+1","Secret Weapon","Panacea","Trip","True Grit+1","Shrug It Off","Secret Technique+1","Disarm+1"],"relics":["Burning Blood","Strawberry","Question Card","WingedGreaves","Nunchaku","Runic Dome","Blood Vial","Juzu Bracelet","Oddly Smooth Stone","Mummified Hand","Mark of Pain","Champion Belt","Prayer Wheel","Red Skull","Bag of Preparation","Frozen Egg 2","Magic Flower","Red Mask"],"potions_floor_usage":[7,23,23,30,33,47,50,50,50],"damage_taken":[{"damage":10,"enemies":"Jaw Worm","floor":1,"turns":5},{"damage":5,"enemies":"2 Louse","floor":2,"turns":3},{"damage":0,"enemies":"Cultist","floor":3,"turns":3},{"damage":2,"enemies":"2 Fungi Beasts","floor":4,"turns":4},{"damage":16,"enemies":"Gremlin Nob","floor":7,"turns":4},{"damage":40,"enemies":"3 Sentries","floor":10,"turns":7},{"damage":7,"enemies":"Blue Slaver","floor":14,"turns":3},{"damage":15,"enemies":"The Guardian","floor":16,"turns":11},{"damage":6,"enemies":"Chosen","floor":18,"turns":3},{"damage":15,"enemies":"3 Byrds","floor":21,"turns":7},{"damage":10,"enemies":"Centurion and Healer","floor":22,"turns":4},{"damage":26,"enemies":"Gremlin Leader","floor":23,"turns":6},{"damage":8,"enemies":"Chosen and Byrds","floor":25,"turns":4},{"damage":7,"enemies":"Cultist and Chosen","floor":29,"turns":4},{"damage":0,"enemies":"Snake Plant","floor":30,"turns":3},{"damage":14,"enemies":"Book of Stabbing","floor":31,"turns":3},{"damage":41,"enemies":"Automaton","floor":33,"turns":10},{"damage":6,"enemies":"3 Darklings","floor":35,"turns":8},{"damage":0,"enemies":"Orb Walker","floor":36,"turns":2},{"damage":0,"enemies":"Mind Bloom Boss Battle","floor":37,"turns":3},{"damage":0,"enemies":"2 Orb Walkers","floor":38,"turns":4},{"damage":3,"enemies":"Nemesis","floor":40,"turns":9},{"damage":0,"enemies":"Giant Head","floor":46,"turns":6},{"damage":13,"enemies":"Nemesis","floor":47,"turns":5},{"damage":0,"enemies":"Time Eater","floor":50,"turns":10}],"seed_played":"7059159664426539332","potions_obtained":[{"floor":1,"key":"SteroidPotion"},{"floor":3,"key":"GamblersBrew"},{"floor":16,"key":"Poison Potion"},{"floor":23,"key":"Dexterity Potion"},{"floor":25,"key":"PowerPotion"},{"floor":30,"key":"Strength Potion"},{"floor":36,"key":"Explosive Potion"},{"floor":47,"key":"SteroidPotion"}],"is_trial":false,"path_per_floor":["M","M","M","M","?","R","E","?","T","E","?","R","R","M","R","B",null,"M","?","?","M","M","E","R","M","T","$","R","M","M","E","R","B",null,"M","M","?","?","?","E","R","?","T","$","R","E","E","?","R","B",null],"character_chosen":"IRONCLAD","items_purchased":["PanicButton","Battle Trance","Weak Potion","Oddly Smooth Stone","Perfected Strike","Shrug It Off","Secret Technique"],"campfire_rested":0,"item_purchase_floors":[27,27,27,27,27,44,44],"current_hp_per_floor":[83,84,87,87,76,76,66,66,66,32,32,32,32,31,31,22,87,87,87,81,84,80,60,60,60,60,60,60,67,75,69,69,63,87,87,87,87,87,77,82,82,82,82,82,82,87,87,87,87,87],"gold":0,"neow_bonus":"RANDOM_COMMON_RELIC","is_prod":false,"is_daily":false,"chose_seed":false,"campfire_upgraded":10,"win_rate":1,"timestamp":1556569643,"path_taken":["M","M","M","M","?","R","E","?","T","E","?","R","R","M","R","BOSS","M","?","?","M","M","E","R","M","T","$","R","M","M","E","R","BOSS","M","M","?","?","?","E","R","?","T","$","R","E","E","?","R","BOSS"],"build_version":"2019-01-23","purchased_purges":1,"victory":true,"max_hp_per_floor":[87,87,87,87,87,87,87,87,87,87,87,87,87,87,87,87,87,87,87,87,87,87,87,87,87,87,87,87,87,87,87,87,87,87,87,87,87,87,87,87,87,87,87,87,87,87,87,87,87,87],"card_choices":[{"not_picked":["Pummel","Heavy Blade"],"picked":"Battle Trance","floor":1},{"not_picked":["Twin Strike","Rampage"],"picked":"Shrug It Off","floor":2},{"not_picked":["Iron Wave","Corruption"],"picked":"Headbutt","floor":3},{"not_picked":["Sword Boomerang","Headbutt"],"picked":"Clothesline","floor":4},{"not_picked":["Hemokinesis","Warcry"],"picked":"Perfected Strike","floor":7},{"not_picked":["Body Slam","Dual Wield","Pummel"],"picked":"Perfected Strike","floor":10},{"not_picked":["Warcry","True Grit","Body Slam"],"picked":"Armaments","floor":14},{"not_picked":["Double Tap","Dark Embrace","Bludgeon"],"picked":"Reaper","floor":16},{"not_picked":["Flex","Second Wind+1","Armaments"],"picked":"Iron Wave","floor":18},{"not_picked":["Warcry","Pummel","Rage"],"picked":"Anger","floor":21},{"not_picked":["Shrug It Off","True Grit","Clash"],"picked":"Perfected Strike","floor":22},{"not_picked":["Evolve","Power Through","Twin Strike"],"picked":"Headbutt","floor":23},{"not_picked":["Infernal Blade","Hemokinesis+1","Sword Boomerang"],"picked":"Shockwave+1","floor":25},{"not_picked":["Dropkick+1","True Grit+1","Seeing Red"],"picked":"Corruption","floor":29},{"not_picked":["Thunderclap","Evolve","Heavy Blade+1","Corruption"],"picked":"SKIP","floor":30},{"not_picked":["Bloodletting+1","Armaments+1","Clothesline"],"picked":"Barricade","floor":31},{"not_picked":["Exhume","Dark Embrace","Limit Break"],"picked":"Impervious","floor":33},{"not_picked":["Armaments","Carnage+1","Twin Strike"],"picked":"Inflame+1","floor":35},{"not_picked":["Clash","Twin Strike+1","Thunderclap"],"picked":"Shrug It Off+1","floor":36},{"not_picked":["Warcry+1","Heavy Blade+1","Pommel Strike+1"],"picked":"Whirlwind+1","floor":37},{"not_picked":["Havoc+1","Clash+1","Cleave+1"],"picked":"Iron Wave+1","floor":38},{"not_picked":["Thinking Ahead","Deep Breath","Discovery"],"picked":"Secret Weapon","floor":39},{"not_picked":["Finesse","Flash of Steel","Magnetism"],"picked":"Panacea","floor":39},{"not_picked":["Sadistic Nature","Deep Breath","Flash of Steel"],"picked":"Trip","floor":39},{"not_picked":["Bloodletting+1","Warcry+1","Rage"],"picked":"True Grit+1","floor":40},{"not_picked":["Wild Strike+1","Evolve","Rampage","Anger+1"],"picked":"SKIP","floor":46},{"not_picked":["Clothesline+1","Warcry+1","Twin Strike+1"],"picked":"Disarm","floor":47}],"player_experience":664224,"relics_obtained":[{"floor":7,"key":"Question Card"},{"floor":9,"key":"WingedGreaves"},{"floor":10,"key":"Nunchaku"},{"floor":23,"key":"Blood Vial"},{"floor":26,"key":"Juzu Bracelet"},{"floor":31,"key":"Mummified Hand"},{"floor":37,"key":"Champion Belt"},{"floor":38,"key":"Prayer Wheel"},{"floor":40,"key":"Red Skull"},{"floor":43,"key":"Bag of Preparation"},{"floor":46,"key":"Frozen Egg 2"},{"floor":47,"key":"Magic Flower"}],"event_choices":[{"damage_healed":0,"gold_gain":75,"player_choice":"Gather Gold","damage_taken":11,"max_hp_gain":0,"max_hp_loss":0,"event_name":"World of Goop","floor":5,"gold_loss":0},{"damage_healed":0,"gold_gain":0,"player_choice":"Grow","damage_taken":0,"max_hp_gain":0,"max_hp_loss":0,"event_name":"Living Wall","floor":8,"gold_loss":0,"cards_upgraded":["Bash"]},{"damage_healed":0,"gold_gain":0,"player_choice":"Upgraded","damage_taken":0,"max_hp_gain":0,"max_hp_loss":0,"event_name":"Upgrade Shrine","floor":11,"gold_loss":0,"cards_upgraded":["Perfected Strike"]},{"damage_healed":0,"gold_gain":0,"player_choice":"Ignored","damage_taken":0,"max_hp_gain":0,"max_hp_loss":0,"event_name":"Ghosts","floor":19,"gold_loss":0},{"damage_healed":0,"gold_gain":0,"player_choice":"Joined the Cult","damage_taken":6,"max_hp_gain":0,"max_hp_loss":0,"event_name":"Nest","floor":20,"gold_loss":0,"cards_obtained":["RitualDagger"]},{"damage_healed":0,"gold_gain":0,"player_choice":"Fight","damage_taken":0,"max_hp_gain":0,"max_hp_loss":0,"event_name":"MindBloom","floor":37,"gold_loss":0},{"damage_healed":0,"gold_gain":0,"player_choice":"Fight","damage_taken":0,"max_hp_gain":0,"max_hp_loss":0,"event_name":"Mysterious Sphere","floor":38,"gold_loss":0},{"damage_healed":0,"gold_gain":0,"player_choice":"Memory 3","damage_taken":10,"max_hp_gain":0,"max_hp_loss":0,"event_name":"SensoryStone","floor":39,"gold_loss":0},{"cards_removed":["Strike_R"],"damage_healed":0,"gold_gain":0,"player_choice":"Removed Attack","damage_taken":0,"max_hp_gain":0,"max_hp_loss":0,"event_name":"Falling","floor":42,"gold_loss":0},{"damage_healed":0,"gold_gain":0,"player_choice":"Paid","damage_taken":0,"relics_obtained":["Red Mask"],"max_hp_gain":0,"max_hp_loss":0,"event_name":"Tomb of Lord Red Mask","floor":48,"gold_loss":250}],"is_beta":false,"boss_relics":[{"not_picked":["Calling Bell","Ectoplasm"],"picked":"Runic Dome"},{"not_picked":["White Beast Statue","Pandora\u0027s Box"],"picked":"Mark of Pain"}],"items_purged_floors":[44],"is_endless":false,"potions_floor_spawned":[1,3,16,23,25,30,36,46,47],"ascension_level":0}