{"gold_per_floor":[109,109,184,184,202,231,231,264,576,617,655,667,779,805,817,829],"floor_reached":16,"playtime":796,"items_purged":[],"score":219,"play_id":"0c05aa92-6b28-4b28-95ad-860f7ef9b3e6","local_time":"20190325182557","is_ascension_mode":true,"campfire_choices":[{"floor":7,"key":"REST"},{"floor":12,"key":"REST"},{"floor":15,"key":"REST"}],"neow_cost":"NONE","seed_source_timestamp":670451840034300,"circlet_count":0,"master_deck":["AscendersBane","Strike_B","Strike_B","Strike_B","Defend_B","Defend_B","Defend_B","Defend_B","Zap","Dualcast","Conserve Battery","Zap","Seek","Conserve Battery","Glacier","Chill","Coolheaded","Heatsinks","Glacier"],"relics":["Cracked Core","NeowsBlessing","WingedGreaves","MawBank","Old Coin","Bag of Preparation","Art of War"],"potions_floor_usage":[8,16],"damage_taken":[{"damage":0,"enemies":"Jaw Worm","floor":1,"turns":1},{"damage":0,"enemies":"2 Louse","floor":5,"turns":1},{"damage":0,"enemies":"Gremlin Nob","floor":6,"turns":1},{"damage":10,"enemies":"Lagavulin","floor":8,"turns":8},{"damage":61,"enemies":"Gremlin Nob","floor":10,"turns":7},{"damage":0,"enemies":"Cultist","floor":14,"turns":5},{"damage":66,"enemies":"Hexaghost","floor":16,"turns":16}],"seed_played":"-8759862591113767422","potions_obtained":[{"floor":6,"key":"LiquidBronze"},{"floor":10,"key":"FearPotion"},{"floor":14,"key":"Regen Potion"}],"is_trial":false,"path_per_floor":["M","?","?","?","M","E","R","E","T","E","T","R","?","M","R","B"],"character_chosen":"DEFECT","items_purchased":[],"campfire_rested":3,"item_purchase_floors":[],"current_hp_per_floor":[68,61,50,50,50,50,72,62,62,1,1,23,23,23,45,0],"gold":829,"neow_bonus":"THREE_ENEMY_KILL","is_prod":false,"is_daily":false,"chose_seed":false,"campfire_upgraded":0,"win_rate":0,"timestamp":1553563557,"path_taken":["M","?","?","?","?","E","R","E","T","E","?","R","?","?","R","BOSS"],"build_version":"2019-03-15","purchased_purges":0,"victory":false,"max_hp_per_floor":[75,75,75,75,75,75,75,75,75,75,75,75,75,75,75,75],"card_choices":[{"not_picked":["Reprogram","Turbo"],"picked":"Conserve Battery","floor":1},{"not_picked":["Go for the Eyes","Consume"],"picked":"Glacier","floor":5},{"not_picked":["Darkness","Beam Cell"],"picked":"Chill","floor":6},{"not_picked":["Barrage","Hologram"],"picked":"Coolheaded","floor":8},{"not_picked":["Hello World","Turbo"],"picked":"Heatsinks","floor":10},{"not_picked":["Chaos","Barrage"],"picked":"Glacier","floor":14}],"player_experience":639672,"relics_obtained":[{"floor":6,"key":"WingedGreaves"},{"floor":8,"key":"MawBank"},{"floor":9,"key":"Old Coin"},{"floor":10,"key":"Bag of Preparation"},{"floor":11,"key":"Art of War"}],"event_choices":[{"cards_removed":["Strike_B"],"damage_healed":0,"gold_gain":0,"player_choice":"Card Removal","damage_taken":7,"max_hp_gain":0,"max_hp_loss":0,"event_name":"Golden Wing","floor":2,"gold_loss":0},{"damage_healed":0,"gold_gain":75,"player_choice":"Gather Gold","damage_taken":11,"max_hp_gain":0,"max_hp_loss":0,"event_name":"World of Goop","floor":3,"gold_loss":0},{"damage_healed":0,"gold_gain":0,"player_choice":"3 cards matched","damage_taken":0,"max_hp_gain":0,"max_hp_loss":0,"event_name":"Match and Keep!","floor":4,"gold_loss":0,"cards_obtained":["Zap","Seek","Conserve Battery"]},{"damage_healed":0,"gold_gain":0,"player_choice":"3 cards matched","damage_taken":0,"max_hp_gain":0,"max_hp_loss":0,"event_name":"Match and Keep!","floor":4,"gold_loss":0,"cards_obtained":["Zap","Seek","Conserve Battery"]},{"damage_healed":0,"gold_gain":100,"player_choice":"Pray","damage_taken":0,"max_hp_gain":0,"max_hp_loss":0,"event_name":"Golden Shrine","floor":13,"gold_loss":0}],"is_beta":true,"boss_relics":[],"items_purged_floors":[],"is_endless":false,"potions_floor_spawned":[6,10,14],"killed_by":"Hexaghost","ascension_level":11}