{"gold_per_floor":[119,133,13,24,24,51,51,81,81,81,92,109,109,140,140,235,235,246,161,172,191,191,191,201,201,201,216,216,232,251,261,261,261],"floor_reached":33,"playtime":1782,"items_purged":["Strike_B"],"score":285,"play_id":"0667d5d1-14a3-4261-ba3c-92842fb27764","local_time":"20190327224617","is_ascension_mode":true,"campfire_choices":[{"data":"Zap","floor":7,"key":"SMITH"},{"data":"Dualcast","floor":10,"key":"SMITH"},{"floor":15,"key":"REST"},{"data":"Streamline","floor":23,"key":"SMITH"},{"data":"Streamline","floor":25,"key":"SMITH"},{"data":"Gash","floor":28,"key":"SMITH"},{"floor":32,"key":"REST"}],"neow_cost":"NONE","seed_source_timestamp":135270570222,"circlet_count":0,"master_deck":["Strike_B","Strike_B","Defend_B","Defend_B","Defend_B","Zap+1","Dualcast+1","Ball Lightning","Streamline+1","Gash+1","BootSequence","Amplify","Streamline+1","Tempest+1","Reinforced Body+1","Conserve Battery+1","Coolheaded+1","Fission+1","Ball Lightning","Steam+1","Double Energy+1","Ball Lightning","Gash+1","Capacitor+1","White Noise+1"],"relics":["Cracked Core","NeowsBlessing","Pen Nib","Toxic Egg 2","Ornamental Fan","Peace Pipe","Philosopher\u0027s Stone","Mercury Hourglass","Singing Bowl"],"potions_floor_usage":[6,8,14,16,33,33],"damage_taken":[{"damage":0,"enemies":"Cultist","floor":1,"turns":1},{"damage":0,"enemies":"Small Slimes","floor":2,"turns":1},{"damage":0,"enemies":"Jaw Worm","floor":4,"turns":1},{"damage":21,"enemies":"Lagavulin","floor":6,"turns":5},{"damage":17,"enemies":"3 Sentries","floor":8,"turns":5},{"damage":1,"enemies":"Large Slime","floor":11,"turns":3},{"damage":0,"enemies":"2 Fungi Beasts","floor":12,"turns":2},{"damage":13,"enemies":"Lagavulin","floor":14,"turns":4},{"damage":12,"enemies":"The Guardian","floor":16,"turns":9},{"damage":13,"enemies":"2 Thieves","floor":18,"turns":3},{"damage":0,"enemies":"Chosen","floor":20,"turns":3},{"damage":0,"enemies":"Sentry and Sphere","floor":21,"turns":3},{"damage":9,"enemies":"Snake Plant","floor":24,"turns":3},{"damage":12,"enemies":"Centurion and Healer","floor":27,"turns":4},{"damage":0,"enemies":"Shelled Parasite and Fungi","floor":29,"turns":2},{"damage":0,"enemies":"3 Cultists","floor":30,"turns":3},{"damage":22,"enemies":"Sentry and Sphere","floor":31,"turns":4},{"damage":58,"enemies":"Collector","floor":33,"turns":6}],"seed_played":"-8117897786085586885","potions_obtained":[{"floor":1,"key":"FocusPotion"},{"floor":6,"key":"Strength Potion"},{"floor":8,"key":"LiquidBronze"},{"floor":11,"key":"Weak Potion"},{"floor":20,"key":"Swift Potion"},{"floor":21,"key":"Poison Potion"},{"floor":24,"key":"SpeedPotion"},{"floor":27,"key":"SkillPotion"}],"is_trial":false,"path_per_floor":["M","?","M","?","?","?"],"character_chosen":"DEFECT","items_purchased":["Gash"],"campfire_rested":2,"item_purchase_floors":[3],"current_hp_per_floor":[75,75,75,75,75,54,54,37,37,37,36,36,29,16,38,26,75,62,62,62,62,62,62,53,53,53,41,41,43,43,21,44,0],"gold":261,"neow_bonus":"THREE_ENEMY_KILL","is_prod":false,"is_daily":false,"chose_seed":false,"campfire_upgraded":5,"win_rate":0,"timestamp":1553701577,"path_taken":["M","?","$","M","?","E","R","E","T","R","?","M","?","E","R","BOSS","M","?","M","M","?","R","M","R","T","M","R","M","M","M","R","BOSS"],"build_version":"2019-01-23","purchased_purges":1,"victory":false,"max_hp_per_floor":[75,75,75,75,75,75,75,75,75,75,75,75,75,75,75,75,75,75,75,75,75,75,75,75,75,75,75,75,77,77,77,77,77],"card_choices":[{"not_picked":["Loop","Storm"],"picked":"Ball Lightning","floor":1},{"not_picked":["Steam","Turbo"],"picked":"Streamline","floor":2},{"not_picked":["Stack","Doom and Gloom"],"picked":"BootSequence","floor":4},{"not_picked":["Fusion","Leap"],"picked":"Streamline","floor":6},{"not_picked":["Blizzard","Go for the Eyes"],"picked":"Tempest","floor":8},{"not_picked":["Hello World","Rebound"],"picked":"Reinforced Body+1","floor":11},{"not_picked":["Gash","Glacier+1"],"picked":"Conserve Battery+1","floor":12},{"not_picked":["Sunder","Force Field+1"],"picked":"Coolheaded+1","floor":14},{"not_picked":["Core Surge","All For One"],"picked":"Fission+1","floor":16},{"not_picked":["Leap+1","Streamline+1"],"picked":"Ball Lightning","floor":18},{"not_picked":["Rebound+1","Coolheaded+1"],"picked":"Steam+1","floor":20},{"not_picked":["Redo+1","Steam+1","Consume+1"],"picked":"SKIP","floor":21},{"not_picked":["Consume+1","Loop"],"picked":"Ball Lightning","floor":24},{"not_picked":["Rainbow+1","Coolheaded+1"],"picked":"Gash+1","floor":27},{"not_picked":["Cold Snap","Rebound","Sweeping Beam"],"picked":"Singing Bowl","floor":29},{"not_picked":["Cold Snap","Steam+1"],"picked":"Capacitor+1","floor":30},{"not_picked":["Gash+1","Leap+1"],"picked":"White Noise+1","floor":31}],"player_experience":131290,"relics_obtained":[{"floor":6,"key":"Pen Nib"},{"floor":8,"key":"Toxic Egg 2"},{"floor":9,"key":"Ornamental Fan"},{"floor":14,"key":"Peace Pipe"},{"floor":26,"key":"Singing Bowl"}],"event_choices":[{"damage_healed":0,"gold_gain":0,"cards_transformed":["Defend_B"],"player_choice":"Transformed","damage_taken":0,"max_hp_gain":0,"max_hp_loss":0,"event_name":"Transmorgrifier","floor":5,"gold_loss":0,"cards_obtained":["Amplify"]},{"cards_removed":["Strike_B"],"damage_healed":0,"gold_gain":0,"player_choice":"Card Removal","damage_taken":7,"max_hp_gain":0,"max_hp_loss":0,"event_name":"Golden Wing","floor":13,"gold_loss":0},{"damage_healed":0,"gold_gain":0,"player_choice":"Obtained Relic","damage_taken":0,"relics_obtained":["Mercury Hourglass"],"max_hp_gain":0,"max_hp_loss":0,"event_name":"Addict","floor":19,"gold_loss":85},{"damage_healed":0,"gold_gain":0,"player_choice":"Read","damage_taken":0,"max_hp_gain":0,"max_hp_loss":0,"event_name":"The Library","floor":22,"gold_loss":0,"cards_obtained":["Double Energy"]}],"is_beta":false,"boss_relics":[{"not_picked":["Cursed Key","Inserter"],"picked":"Philosopher\u0027s Stone"}],"items_purged_floors":[3],"is_endless":false,"potions_floor_spawned":[1,6,8,11,20,21,24,27,30],"killed_by":"Collector","ascension_level":1}