{"gold_per_floor":[113,263,2,2,15,44,44,73,96,113,140,54,54,54,54,128,128,140,140,152,71,71,71,32,61,61,79,79,79,79,97,97,97],"floor_reached":33,"playtime":1005,"items_purged":["Doubt"],"score":608,"play_id":"4d0689c9-6654-45ce-a927-d65f3ec4b1d3","local_time":"20190207135021","is_ascension_mode":true,"campfire_choices":[{"data":"Coolheaded","floor":7.0,"key":"SMITH"},{"floor":13.0,"key":"REST"},{"data":"Static Discharge","floor":15.0,"key":"SMITH"},{"floor":23,"key":"REST"},{"floor":28,"key":"REST"},{"data":"Biased Cognition","floor":30,"key":"SMITH"},{"floor":32,"key":"REST"}],"neow_cost":"NONE","seed_source_timestamp":0,"circlet_count":0,"master_deck":["AscendersBane","Strike_B+1","Strike_B","Strike_B+1","Defend_B","Defend_B","Defend_B","Defend_B","Zap+1","Dualcast","Glacier","Cold Snap","Coolheaded+1","Cold Snap+1","Rip and Tear+1","Rainbow","Static Discharge+1","Parasite","Biased Cognition+1","Go for the Eyes+1","FTL+1","Necronomicurse","Rip and Tear+1","Doom and Gloom+1","Double Energy+1","Core Surge+1"],"special_seed":0,"relics":["Cracked Core","NeowsBlessing","Whetstone","Orichalcum","Molten Egg 2","Blood Vial","Dream Catcher","Inserter","Necronomicon","Bottled Tornado","Mercury Hourglass"],"potions_floor_usage":[25],"damage_taken":[{"damage":0.0,"enemies":"2 Louse","floor":1.0,"turns":1.0},{"damage":0.0,"enemies":"Small Slimes","floor":5.0,"turns":1.0},{"damage":0.0,"enemies":"3 Sentries","floor":6.0,"turns":1.0},{"damage":47.0,"enemies":"Gremlin Nob","floor":8.0,"turns":6.0},{"damage":0.0,"enemies":"Cultist","floor":10.0,"turns":3.0},{"damage":14.0,"enemies":"3 Sentries","floor":11.0,"turns":9.0},{"damage":35.0,"enemies":"Slime Boss","floor":16.0,"turns":10.0},{"damage":8,"enemies":"Chosen","floor":18,"turns":4},{"damage":3,"enemies":"Spheric Guardian","floor":20,"turns":3},{"damage":23,"enemies":"Book of Stabbing","floor":25,"turns":5},{"damage":20,"enemies":"Snecko","floor":27,"turns":4},{"damage":3,"enemies":"Cultist and Chosen","floor":31,"turns":4},{"damage":61,"enemies":"Champ","floor":33,"turns":7}],"seed_played":"8435356659628089121","potions_obtained":[{"floor":11.0,"key":"AttackPotion"},{"floor":16.0,"key":"Strength Potion"},{"floor":20,"key":"Swift Potion"},{"floor":27,"key":"FearPotion"}],"is_trial":false,"path_per_floor":["M","?","$","?","M","E","R","E","T","M","E","$","R","?","R","B",null,"M","?","M","$","?","R","$","E","T","M","R","$","R","M","R","B"],"character_chosen":"DEFECT","items_purchased":["Whetstone","Cold Snap","Rainbow","FTL+1","Rip and Tear+1"],"campfire_rested":4,"item_purchase_floors":[3,3,12,21,24],"current_hp_per_floor":[64,64,64,64,64,64,64,17,17,19,7,7,28,45,45,12,56,50,50,49,49,28,49,49,28,28,10,31,31,31,30,51,0],"gold":97,"neow_bonus":"THREE_ENEMY_KILL","is_prod":false,"is_daily":false,"chose_seed":false,"campfire_upgraded":3,"win_rate":0,"timestamp":1549543821,"path_taken":["M","?","$","?","?","E","R","E","T","M","E","?","R","?","R","BOSS","M","?","?","?","?","R","$","E","T","M","R","$","R","M","R","BOSS"],"build_version":"2019-01-23","purchased_purges":1,"victory":false,"max_hp_per_floor":[71,71,71,71,71,71,71,71,71,71,71,71,71,71,71,71,71,71,71,71,71,71,71,71,71,71,71,71,71,71,71,71,71],"card_choices":[{"not_picked":["Compile Driver","Steam"],"picked":"Glacier","floor":1.0},{"not_picked":["Stack","Barrage","Steam"],"picked":"SKIP","floor":5.0},{"not_picked":["Leap","Go for the Eyes"],"picked":"Coolheaded","floor":6.0},{"not_picked":["Beam Cell","Coolheaded","Force Field"],"picked":"SKIP","floor":8.0},{"not_picked":["Leap","Hologram"],"picked":"Cold Snap+1","floor":10.0},{"not_picked":["Compile Driver+1","Lockon+1"],"picked":"Rip and Tear+1","floor":11.0},{"not_picked":["Barrage+1","Beam Cell+1"],"picked":"Static Discharge","floor":13.0},{"not_picked":["Hyperbeam+1","Reboot"],"picked":"Biased Cognition","floor":16.0},{"not_picked":["Auto Shields+1","Streamline+1"],"picked":"Go for the Eyes+1","floor":18},{"not_picked":["Beam Cell+1","Stack","Force Field+1"],"picked":"SKIP","floor":20},{"not_picked":["Compile Driver+1","Hologram"],"picked":"Doom and Gloom+1","floor":25},{"not_picked":["Static Discharge","Steam"],"picked":"Double Energy+1","floor":27},{"not_picked":["Go for the Eyes+1","Redo+1"],"picked":"Core Surge+1","floor":28},{"not_picked":["Cold Snap+1","Melter+1","Coolheaded"],"picked":"SKIP","floor":31}],"player_experience":1302566,"relics_obtained":[{"floor":6.0,"key":"Orichalcum"},{"floor":8.0,"key":"Molten Egg 2"},{"floor":9.0,"key":"Blood Vial"},{"floor":11.0,"key":"Dream Catcher"},{"floor":22,"key":"Necronomicon"},{"floor":25,"key":"Bottled Tornado"},{"floor":26,"key":"Mercury Hourglass"}],"event_choices":[{"damage_healed":0.0,"max_hp_gain":0.0,"max_hp_loss":0.0,"gold_gain":150.0,"event_name":"Liars Game","player_choice":"AGREE","floor":2.0,"gold_loss":0.0,"damage_taken":0.0,"cards_obtained":["Doubt"]},{"damage_healed":0.0,"max_hp_gain":0.0,"max_hp_loss":0.0,"gold_gain":0.0,"event_name":"Upgrade Shrine","player_choice":"Upgraded","floor":4.0,"gold_loss":0.0,"damage_taken":0.0,"cards_upgraded":["Zap"]},{"damage_healed":17.0,"max_hp_gain":0.0,"max_hp_loss":0.0,"gold_gain":0.0,"event_name":"Mushrooms","player_choice":"Healed and dodged fight","floor":14.0,"gold_loss":0.0,"damage_taken":0.0,"cards_obtained":["Parasite"]},{"cards_removed":["Strike_B"],"damage_healed":0,"gold_gain":0,"player_choice":"Purged","damage_taken":0,"max_hp_gain":0,"max_hp_loss":0,"event_name":"Purifier","floor":19,"gold_loss":0},{"damage_healed":0,"gold_gain":0,"player_choice":"Obtained Book","damage_taken":21,"max_hp_gain":0,"max_hp_loss":0,"event_name":"Cursed Tome","floor":22,"gold_loss":0}],"is_beta":false,"boss_relics":[{"not_picked":["Ectoplasm","Nuclear Battery"],"picked":"Inserter"}],"items_purged_floors":[3],"is_endless":false,"potions_floor_spawned":[11,16,20,27,31],"killed_by":"Champ","ascension_level":20}