{"path_per_floor":["M","?","?","M","M","E","R","M","T","M","M","R","E","$","R","B",null,"M","?","?","M","M","E","R","M","T","M","R","$","M","M","R","B",null,"M","?","$","?","M","R","M","$","T","$","M","R","E"],"character_chosen":"DEFECT","items_purchased":["Hello World","Apotheosis","Defragment+1","Storm+1","Capacitor+1"],"gold_per_floor":[110,60,60,75,93,124,124,144,144,154,168,168,202,92,92,196,196,179,179,179,194,208,243,243,260,260,274,274,59,77,87,87,187,187,206,206,31,31,49,49,59,59,115,44,60,60,88,88],"floor_reached":48,"campfire_rested":5,"playtime":5322,"item_purchase_floors":[],"current_hp_per_floor":[75,75,75,67,67,37,59,46,46,42,42,42,42,42,64,64,75,49,49,49,31,17,15,30,28,28,37,52,52,40,27,42,21,52,51,51,51,41,37,37,40,40,40,40,47,47,29,0],"items_purged":["Strike_B","Bite"],"gold":88,"score":622,"play_id":"f9b342aa-0457-48df-84e7-6f10cead01fc","local_time":"20180604070256","is_prod":false,"is_daily":false,"chose_seed":false,"is_ascension_mode":true,"campfire_upgraded":3,"win_rate":0.0,"timestamp":1528110176,"campfire_choices":[{"floor":7.0,"key":"REST"},{"data":"Zap","floor":12.0,"key":"SMITH"},{"floor":15.0,"key":"REST"},{"floor":24.0,"key":"REST"},{"floor":28.0,"key":"REST"},{"floor":32.0,"key":"REST"},{"data":"Apotheosis","floor":40,"key":"SMITH"},{"data":"Rainbow","floor":46,"key":"SMITH"}],"path_taken":["M","?","?","M","M","E","R","M","T","?","M","R","E","$","R","BOSS","M","?","?","?","M","E","R","M","T","M","R","$","M","M","R","BOSS","M","?","?","?","M","R","M","?","T","$","?","R","E","M"],"build_version":"2018-05-31","seed_source_timestamp":0,"purchased_purges":2,"victory":false,"master_deck":["Defend_B","Defend_B","Defend_B","Defend_B","Zap+1","Dualcast","Chill","Chaos","Fusion","Hello World","Loop","Glacier","Hello World","Multi-Cast","Tempest+1","Bite","Bite","Bite","Bite","Redo","Rainbow+1","Hologram","Apotheosis+1","Defragment+1","Defragment+1","Static Discharge+1","Machine Learning+1","Storm+1","Madness","Panacea","Dark Shackles","Capacitor+1","Echo Form+1","Defragment+1"],"max_hp_per_floor":[75,75,75,75,75,75,75,75,75,75,75,75,75,75,75,75,75,75,75,52,52,52,52,52,52,52,52,52,52,52,52,52,52,52,52,52,52,52,52,52,52,52,52,52,52,52,52,52],"relics":["Cracked Core","Bronze Scales","Meat on the Bone","Art of War","Dead Branch","Lizard Tail","Frozen Egg 2","Lantern","Nuclear Battery","Tiny Chest","Ancient Tea Set"],"card_choices":[{"not_picked":["Compile Driver","Barrage"],"picked":"Chill","floor":1.0},{"not_picked":["Consume","Steam"],"picked":"Chaos","floor":4.0},{"not_picked":["Rebound","Coolheaded"],"picked":"Fusion","floor":5.0},{"not_picked":["Leap","Hyperbeam"],"picked":"Hello World","floor":6.0},{"not_picked":["Barrage","Streamline"],"picked":"Loop","floor":8.0},{"not_picked":["Barrage","Aggregate"],"picked":"Glacier","floor":10.0},{"not_picked":["Sweeping Beam","Rebound","Ball Lightning"],"picked":"SKIP","floor":11.0},{"not_picked":["Rebound","Melter","Cold Snap"],"picked":"SKIP","floor":13.0},{"not_picked":["Thunder Strike","All For One"],"picked":"Multi-Cast","floor":16.0},{"not_picked":["FTL","Darkness"],"picked":"Tempest+1","floor":18.0},{"not_picked":["Barrage+1","Streamline","Beam Cell"],"picked":"SKIP","floor":21.0},{"not_picked":["Gash","Sunder"],"picked":"Redo","floor":22.0},{"not_picked":["Compile Driver","Coolheaded+1"],"picked":"Rainbow","floor":23.0},{"not_picked":["Compile Driver","Coolheaded","Streamline"],"picked":"SKIP","floor":25.0},{"not_picked":["Hello World+1","Compile Driver"],"picked":"Hologram","floor":27.0},{"not_picked":["Double Energy","Hologram+1"],"picked":"Defragment+1","floor":30.0},{"not_picked":["Fusion","Auto Shields"],"picked":"Static Discharge+1","floor":31.0},{"not_picked":["Rainbow","Biased Cognition+1"],"picked":"Machine Learning+1","floor":33.0},{"not_picked":["Darkness","Reinforced Body","Gash+1"],"picked":"SKIP","floor":35},{"not_picked":["Bandage Up","Jack Of All Trades"],"picked":"Madness","floor":38},{"not_picked":["Blind","Deep Breath"],"picked":"Panacea","floor":38},{"not_picked":["Deep Breath","Finesse"],"picked":"Dark Shackles","floor":38},{"not_picked":["Sweeping Beam","Beam Cell+1","Coolheaded+1"],"picked":"SKIP","floor":39},{"not_picked":["Sunder+1","Beam Cell","Cold Snap"],"picked":"SKIP","floor":41},{"not_picked":["Darkness","Redo"],"picked":"Echo Form+1","floor":45},{"not_picked":["Consume+1","Genetic Algorithm"],"picked":"Defragment+1","floor":47}],"player_experience":486682,"potions_floor_usage":[35,41,47],"damage_taken":[{"damage":0.0,"enemies":"2 Louse","floor":1.0,"turns":2.0},{"damage":8.0,"enemies":"Jaw Worm","floor":4.0,"turns":3.0},{"damage":0.0,"enemies":"Cultist","floor":5.0,"turns":4.0},{"damage":30.0,"enemies":"Lagavulin","floor":6.0,"turns":8.0},{"damage":13.0,"enemies":"Exordium Wildlife","floor":8.0,"turns":3.0},{"damage":4.0,"enemies":"Exordium Thugs","floor":10.0,"turns":4.0},{"damage":0.0,"enemies":"Looter","floor":11.0,"turns":4.0},{"damage":0.0,"enemies":"3 Sentries","floor":13.0,"turns":8.0},{"damage":0.0,"enemies":"Slime Boss","floor":16.0,"turns":12.0},{"damage":26.0,"enemies":"2 Thieves","floor":18.0,"turns":4.0},{"damage":22.0,"enemies":"Shell Parasite","floor":21.0,"turns":5.0},{"damage":30.0,"enemies":"Snake Plant","floor":22.0,"turns":4.0},{"damage":22.0,"enemies":"Book of Stabbing","floor":23.0,"turns":7.0},{"damage":38.0,"enemies":"Cultist and Chosen","floor":25.0,"turns":8.0},{"damage":13.0,"enemies":"Snecko","floor":27.0,"turns":5.0},{"damage":16.0,"enemies":"Centurion and Healer","floor":30.0,"turns":7.0},{"damage":32.0,"enemies":"Sentry and Sphere","floor":31.0,"turns":6.0},{"damage":40.0,"enemies":"Collector","floor":33.0,"turns":8.0},{"damage":1,"enemies":"3 Darklings","floor":35,"turns":5},{"damage":6,"enemies":"Orb Walker","floor":39,"turns":3},{"damage":1,"enemies":"4 Shapes","floor":41,"turns":4},{"damage":1,"enemies":"Maw","floor":45,"turns":6},{"damage":26,"enemies":"Giant Head","floor":47,"turns":9},{"damage":31,"enemies":"3 Darklings","floor":48,"turns":2}],"relics_obtained":[{"floor":6.0,"key":"Meat on the Bone"},{"floor":9.0,"key":"Art of War"},{"floor":13.0,"key":"Dead Branch"},{"floor":23.0,"key":"Frozen Egg 2"},{"floor":26.0,"key":"Lantern"},{"floor":43,"key":"Tiny Chest"},{"floor":47,"key":"Ancient Tea Set"}],"event_choices":[{"event_name":"The Cleric","player_choice":"Card Removal","floor":2.0,"damage_taken":0.0},{"event_name":"Wheel of Change","player_choice":"Relic","floor":3.0,"damage_taken":0.0},{"event_name":"Drug Dealer","player_choice":"Ignored","floor":19.0,"damage_taken":0.0},{"event_name":"Vampires","player_choice":"Became a vampire","floor":20.0,"damage_taken":0.0},{"event_name":"Mysterious Sphere","player_choice":"Ignore","floor":36,"damage_taken":0},{"event_name":"SensoryStone","player_choice":"Memory 3","floor":38,"damage_taken":0}],"boss_relics":[{"not_picked":["Calling Bell","Black Star"],"picked":"Nuclear Battery"}],"items_purged_floors":[],"potions_floor_spawned":[1,6,8,10,16,18,21,27,30,33,41],"seed_played":"-9088791689107053636","killed_by":"3 Darklings","ascension_level":1,"potions_obtained":[{"floor":1.0,"key":"SkillPotion"},{"floor":6.0,"key":"FocusPotion"},{"floor":8.0,"key":"Swift Potion"},{"floor":10.0,"key":"SteroidPotion"},{"floor":16.0,"key":"SkillPotion"},{"floor":18.0,"key":"Ancient Potion"},{"floor":21.0,"key":"Swift Potion"},{"floor":27.0,"key":"Block Potion"},{"floor":30.0,"key":"Block Potion"},{"floor":33.0,"key":"PowerPotion"},{"floor":41,"key":"Block Potion"}],"is_trial":false}