{"gold_per_floor":[119,119,20,95,112,112,137,137,137,150,162,193,193,203,203,203],"floor_reached":16,"playtime":765,"items_purged":[],"score":165,"play_id":"c8c75ef9-eab3-4791-a76e-a47461d911f2","local_time":"20190417031024","is_ascension_mode":true,"campfire_choices":[{"data":"Noxious Fumes","floor":6,"key":"SMITH"},{"data":"Skewer","floor":8,"key":"SMITH"},{"floor":15,"key":"REST"}],"neow_cost":"NONE","seed_source_timestamp":42226320892769,"circlet_count":0,"master_deck":["AscendersBane","Defend_G","Defend_G","Defend_G","Defend_G","Defend_G","Strike_G","Strike_G","Strike_G","Strike_G","Strike_G","Survivor","Neutralize","Endless Agony","Noxious Fumes+1","Sucker Punch","Poisoned Stab","Skewer+1","Bullet Time","Noxious Fumes"],"relics":["Ring of the Snake","Strawberry","Gambling Chip","Toxic Egg 2"],"potions_floor_usage":[12,14,16],"damage_taken":[{"damage":1,"enemies":"Small Slimes","floor":1,"turns":4},{"damage":2,"enemies":"Jaw Worm","floor":5,"turns":5},{"damage":26,"enemies":"Lagavulin","floor":7,"turns":6},{"damage":0,"enemies":"2 Louse","floor":10,"turns":3},{"damage":8,"enemies":"Exordium Wildlife","floor":11,"turns":6},{"damage":20,"enemies":"Gremlin Nob","floor":12,"turns":4},{"damage":4,"enemies":"Gremlin Gang","floor":14,"turns":4},{"damage":32,"enemies":"The Guardian","floor":16,"turns":6}],"seed_played":"5790234133875381150","potions_obtained":[{"floor":5,"key":"EssenceOfSteel"},{"floor":12,"key":"AttackPotion"},{"floor":14,"key":"PowerPotion"}],"is_trial":false,"path_per_floor":["M","?","$","?","M","R","E","R","T","M","M","E","?","M","R","B"],"character_chosen":"THE_SILENT","items_purchased":["Noxious Fumes","Sucker Punch"],"campfire_rested":1,"item_purchase_floors":[3,3],"current_hp_per_floor":[69,69,69,58,56,56,37,37,37,37,29,9,9,5,30,0],"gold":203,"neow_bonus":"TEN_PERCENT_HP_BONUS","is_prod":false,"is_daily":false,"chose_seed":false,"campfire_upgraded":2,"win_rate":0,"timestamp":1555481424,"path_taken":["M","?","$","?","M","R","E","R","T","M","M","E","?","M","R","BOSS"],"build_version":"2019-01-23","purchased_purges":0,"victory":false,"max_hp_per_floor":[77,77,77,77,77,77,84,84,84,84,84,84,84,84,84,84],"card_choices":[{"not_picked":["Dagger Throw","Dodge and Roll"],"picked":"Endless Agony","floor":1},{"not_picked":["Dodge and Roll","Outmaneuver"],"picked":"Poisoned Stab","floor":5},{"not_picked":["Tactician","Riddle With Holes"],"picked":"Skewer","floor":7},{"not_picked":["Underhanded Strike","Distraction","Bane"],"picked":"SKIP","floor":10},{"not_picked":["Choke","Infinite Blades"],"picked":"Bullet Time","floor":11},{"not_picked":["Sucker Punch","Acrobatics"],"picked":"Noxious Fumes","floor":12},{"not_picked":["Slice","Blade Dance+1","Outmaneuver+1"],"picked":"SKIP","floor":14}],"player_experience":646050,"relics_obtained":[{"floor":7,"key":"Strawberry"},{"floor":9,"key":"Gambling Chip"},{"floor":12,"key":"Toxic Egg 2"}],"event_choices":[{"damage_healed":0,"gold_gain":0,"player_choice":"Ignored","damage_taken":0,"max_hp_gain":0,"max_hp_loss":0,"event_name":"Shining Light","floor":2,"gold_loss":0},{"damage_healed":0,"gold_gain":75,"player_choice":"Gather Gold","damage_taken":11,"max_hp_gain":0,"max_hp_loss":0,"event_name":"World of Goop","floor":4,"gold_loss":0},{"damage_healed":0,"gold_gain":0,"player_choice":"Searched \u00270\u0027 times","damage_taken":0,"max_hp_gain":0,"max_hp_loss":0,"event_name":"Dead Adventurer","floor":13,"gold_loss":0}],"is_beta":false,"boss_relics":[],"items_purged_floors":[],"is_endless":false,"potions_floor_spawned":[5,12,14],"killed_by":"The Guardian","ascension_level":10}