{"gold_per_floor":[119,119,44,44,44,76,76,88,143,143,158,186,205,223,223,322,322,339,339,351,380,280,311,322,332,332,332,392,407,407,438,438,539,539,557,657,677,677],"floor_reached":38,"playtime":7474,"items_purged":["Strike_R","Strike_R"],"score":519,"play_id":"7b95e6e4-bb82-4761-ad83-bf61f04a9a01","local_time":"20181117152305","is_ascension_mode":false,"campfire_choices":[{"data":"Pummel","floor":7.0,"key":"SMITH"},{"data":"Anger","floor":10.0,"key":"SMITH"},{"data":"True Grit","floor":15.0,"key":"SMITH"},{"floor":30.0,"key":"REST"},{"floor":32.0,"key":"REST"}],"neow_cost":"PERCENT_DAMAGE","seed_source_timestamp":0,"circlet_count":0,"master_deck":["Strike_R","Defend_R","Defend_R","Bash","Pummel+1","Anger+1","Metallicize","Iron Wave","True Grit+1","Dark Embrace","Intimidate","Berserk","Metallicize","Dual Wield+1","Barricade","Rage+1","Fiend Fire"],"special_seed":0,"relics":["Burning Blood","Mercury Hourglass","Pear","Ancient Tea Set","Gambling Chip","Lizard Tail","MutagenicStrength","Red Mask","Strawberry","Pantograph","Tiny Chest","Question Card","Runic Pyramid","Champion Belt"],"potions_floor_usage":[33,33,38],"damage_taken":[{"damage":1.0,"enemies":"Cultist","floor":1.0,"turns":4.0},{"damage":20.0,"enemies":"Gremlin Nob","floor":6.0,"turns":4.0},{"damage":0.0,"enemies":"Small Slimes","floor":8.0,"turns":2.0},{"damage":0.0,"enemies":"2 Louse","floor":11.0,"turns":1.0},{"damage":13.0,"enemies":"Lagavulin","floor":12.0,"turns":3.0},{"damage":0.0,"enemies":"2 Fungi Beasts","floor":13.0,"turns":2.0},{"damage":2.0,"enemies":"Blue Slaver","floor":14.0,"turns":2.0},{"damage":0.0,"enemies":"Slime Boss","floor":16.0,"turns":2.0},{"damage":10.0,"enemies":"Chosen","floor":18.0,"turns":4.0},{"damage":8.0,"enemies":"3 Byrds","floor":20.0,"turns":4.0},{"damage":14.0,"enemies":"Masked Bandits","floor":21.0,"turns":4.0},{"damage":28.0,"enemies":"Gremlin Leader","floor":23.0,"turns":7.0},{"damage":7.0,"enemies":"Cultist and Chosen","floor":24.0,"turns":5.0},{"damage":13.0,"enemies":"Chosen and Byrds","floor":25.0,"turns":6.0},{"damage":24.0,"enemies":"Slavers","floor":28.0,"turns":5.0},{"damage":27.0,"enemies":"Snake Plant","floor":29.0,"turns":6.0},{"damage":23.0,"enemies":"Gremlin Leader","floor":31.0,"turns":5.0},{"damage":100,"enemies":"Collector","floor":33,"turns":6},{"damage":44,"enemies":"3 Darklings","floor":35,"turns":6},{"damage":54,"enemies":"Mind Bloom Boss Battle","floor":36,"turns":6},{"damage":11,"enemies":"3 Shapes","floor":37,"turns":5},{"damage":31,"enemies":"3 Darklings","floor":38,"turns":2}],"seed_played":"9020666738041757059","potions_obtained":[{"floor":1.0,"key":"Swift Potion"},{"floor":12.0,"key":"LiquidBronze"},{"floor":13.0,"key":"SteroidPotion"},{"floor":23.0,"key":"Ancient Potion"},{"floor":24.0,"key":"Explosive Potion"},{"floor":28.0,"key":"SpeedPotion"},{"floor":31.0,"key":"SteroidPotion"},{"floor":33,"key":"GamblersBrew"}],"is_trial":false,"path_per_floor":["M","?","$","?","?","E","R","M","T","R","M","E","M","M","R","B",null,"M","?","M","?","$","E","M","M","T","?","E","M","R","E","R","B",null,"M","?","M","M"],"character_chosen":"IRONCLAD","items_purchased":[],"campfire_rested":2,"item_purchase_floors":[],"current_hp_per_floor":[61,61,61,43,43,39,39,45,45,45,51,44,50,54,54,60,90,86,86,84,76,76,61,60,53,53,53,35,14,43,26,55,54,97,59,36,31,0],"gold":677,"neow_bonus":"REMOVE_TWO","is_prod":false,"is_daily":false,"chose_seed":false,"campfire_upgraded":3,"win_rate":0,"timestamp":1542496985,"path_taken":["M","?","?","?","?","E","R","M","T","R","M","E","M","M","R","BOSS","M","?","M","?","?","E","M","M","T","?","E","M","R","E","R","BOSS","M","?","M","M"],"build_version":"2018-11-15","purchased_purges":2,"victory":false,"max_hp_per_floor":[80,80,80,80,80,90,90,90,90,90,90,90,90,90,90,90,90,90,90,90,90,90,97,97,97,97,97,97,97,97,97,97,97,97,97,97,97,97],"card_choices":[{"not_picked":["Dropkick","Power Through"],"picked":"Pummel","floor":1.0},{"not_picked":["Cleave","Body Slam","Flame Barrier"],"picked":"SKIP","floor":6.0},{"not_picked":["Searing Blow","Wild Strike"],"picked":"Anger","floor":8.0},{"not_picked":["Wild Strike","Anger","Uppercut"],"picked":"SKIP","floor":11.0},{"not_picked":["Reckless Charge","Combust"],"picked":"Metallicize","floor":12.0},{"not_picked":["Armaments","Clothesline"],"picked":"Iron Wave","floor":13.0},{"not_picked":["Body Slam","Sever Soul"],"picked":"True Grit","floor":14.0},{"not_picked":["Immolate","Feed"],"picked":"Dark Embrace","floor":16.0},{"not_picked":["Clash","Warcry","Dropkick"],"picked":"SKIP","floor":18.0},{"not_picked":["Havoc","Clash","Twin Strike"],"picked":"SKIP","floor":20.0},{"not_picked":["Havoc","Searing Blow"],"picked":"Intimidate","floor":21.0},{"not_picked":["Perfected Strike+1","Infernal Blade+1","Anger"],"picked":"SKIP","floor":23.0},{"not_picked":["Intimidate","Rupture"],"picked":"Berserk","floor":24.0},{"not_picked":["Anger","Shrug It Off","Heavy Blade"],"picked":"SKIP","floor":25.0},{"not_picked":["Perfected Strike","True Grit"],"picked":"Dual Wield+1","floor":28.0},{"not_picked":["Dual Wield","Blood for Blood","Havoc"],"picked":"SKIP","floor":29.0},{"not_picked":["Heavy Blade+1","Berserk","Clash"],"picked":"SKIP","floor":31.0},{"not_picked":["Impervious","Demon Form","Feed"],"picked":"Barricade","floor":33},{"not_picked":["Flex+1","Uppercut+1","True Grit","Searing Blow+1"],"picked":"SKIP","floor":35},{"not_picked":["Anger+1","Flex+1","True Grit+1"],"picked":"Rage+1","floor":36},{"not_picked":["Cleave+1","Wild Strike","Thunderclap+1"],"picked":"Fiend Fire","floor":37}],"player_experience":849418,"relics_obtained":[{"floor":6.0,"key":"Pear"},{"floor":9.0,"key":"Ancient Tea Set"},{"floor":12.0,"key":"Gambling Chip"},{"floor":21.0,"key":"Red Mask"},{"floor":23.0,"key":"Strawberry"},{"floor":26.0,"key":"Pantograph"},{"floor":28.0,"key":"Tiny Chest"},{"floor":31.0,"key":"Question Card"},{"floor":36,"key":"Champion Belt"}],"event_choices":[{"cards_removed":["Defend_R"],"damage_healed":0.0,"max_hp_gain":0.0,"max_hp_loss":0.0,"gold_gain":0.0,"event_name":"Bonfire Elementals","player_choice":"Offered Basic","floor":2.0,"gold_loss":0.0,"damage_taken":0.0},{"damage_healed":0.0,"max_hp_gain":0.0,"max_hp_loss":0.0,"gold_gain":0.0,"event_name":"Scrap Ooze","player_choice":"Success","floor":4.0,"gold_loss":0.0,"damage_taken":18.0,"relics_obtained":["Mercury Hourglass"]},{"cards_removed":["Defend_R"],"damage_healed":0.0,"max_hp_gain":0.0,"max_hp_loss":0.0,"gold_gain":0.0,"event_name":"Living Wall","player_choice":"Forget","floor":5.0,"gold_loss":0.0,"damage_taken":0.0},{"damage_healed":0.0,"max_hp_gain":0.0,"max_hp_loss":0.0,"gold_gain":0.0,"event_name":"Drug Dealer","player_choice":"Inject Mutagens","floor":19.0,"gold_loss":0.0,"damage_taken":0.0,"relics_obtained":["MutagenicStrength"]},{"damage_healed":0.0,"max_hp_gain":0.0,"max_hp_loss":0.0,"gold_gain":0.0,"event_name":"Masked Bandits","player_choice":"Fought Bandits","floor":21.0,"gold_loss":0.0,"damage_taken":0.0},{"damage_healed":0.0,"max_hp_gain":0.0,"max_hp_loss":0.0,"gold_gain":0.0,"event_name":"The Library","player_choice":"Read","floor":27.0,"gold_loss":0.0,"damage_taken":0.0,"cards_obtained":["Metallicize"]},{"damage_healed":0,"gold_gain":0,"player_choice":"Fight","damage_taken":0,"max_hp_gain":0,"max_hp_loss":0,"event_name":"MindBloom","floor":36,"gold_loss":0}],"is_beta":false,"boss_relics":[{"not_picked":["Philosopher\u0027s Stone","Tiny House"],"picked":"Lizard Tail"},{"not_picked":["Orrery","Cursed Key"],"picked":"Runic Pyramid"}],"items_purged_floors":[3,22],"is_endless":false,"potions_floor_spawned":[1,12,13,23,24,28,31,33],"killed_by":"3 Darklings","ascension_level":0}