{"gold_per_floor":[110,127,137,150,169,169,203,203,229,245,261,296,296,308,308,406,406,419,519,489],"floor_reached":20,"playtime":4309,"items_purged":[],"score":263,"play_id":"5bf421a9-bc21-4462-96c8-ded0fbd4caa9","local_time":"20190424212654","is_ascension_mode":true,"campfire_choices":[{"data":"Zap","floor":6,"key":"SMITH"},{"data":"Dualcast","floor":8,"key":"SMITH"},{"data":"White Noise","floor":13,"key":"SMITH"},{"data":"Reinforced Body","floor":15,"key":"SMITH"}],"neow_cost":"NONE","seed_source_timestamp":704286957068387,"circlet_count":0,"master_deck":["Strike_B","Strike_B","Strike_B","Strike_B","Defend_B","Defend_B","Defend_B","Defend_B","Zap+1","Dualcast+1","Coolheaded","Chaos","FTL","Reinforced Body+1","Conserve Battery","White Noise+1","Cold Snap","Sweeping Beam","Hologram","Core Surge","Ball Lightning","Self Repair"],"relics":["Cracked Core","Happy Flower","Bottled Lightning","Omamori","Oddly Smooth Stone","Sozu","Nunchaku","Matryoshka"],"potions_floor_usage":[19,19],"damage_taken":[{"damage":1,"enemies":"Cultist","floor":1,"turns":3},{"damage":0,"enemies":"Small Slimes","floor":2,"turns":3},{"damage":0,"enemies":"2 Louse","floor":3,"turns":2},{"damage":5,"enemies":"Looter","floor":4,"turns":4},{"damage":1,"enemies":"Blue Slaver","floor":5,"turns":4},{"damage":18,"enemies":"Gremlin Nob","floor":7,"turns":5},{"damage":10,"enemies":"Lots of Slimes","floor":10,"turns":5},{"damage":6,"enemies":"Looter","floor":11,"turns":3},{"damage":4,"enemies":"Lagavulin","floor":12,"turns":8},{"damage":0,"enemies":"Exordium Wildlife","floor":14,"turns":4},{"damage":4,"enemies":"The Guardian","floor":16,"turns":10},{"damage":0,"enemies":"Chosen","floor":18,"turns":6},{"damage":26,"enemies":"Colosseum Slavers","floor":19,"turns":4},{"damage":28,"enemies":"Colosseum Nobs","floor":19,"turns":4},{"damage":10,"enemies":"2 Thieves","floor":20,"turns":1}],"seed_played":"-3868271756508479768","potions_obtained":[{"floor":3,"key":"GamblersBrew"},{"floor":4,"key":"Strength Potion"},{"floor":10,"key":"Swift Potion"},{"floor":14,"key":"LiquidBronze"}],"is_trial":false,"path_per_floor":["M","M","?"],"character_chosen":"DEFECT","items_purchased":[],"campfire_rested":0,"item_purchase_floors":[],"current_hp_per_floor":[67,67,67,62,61,61,43,43,43,33,27,23,23,23,23,19,61,61,7,0],"gold":489,"neow_bonus":"RANDOM_COMMON_RELIC","is_prod":false,"is_daily":false,"chose_seed":false,"campfire_upgraded":4,"win_rate":0,"timestamp":1556116014,"path_taken":["M","?","?","M","M","R","E","R","T","M","M","E","R","M","R","BOSS","M","?","M"],"build_version":"2019-01-23","purchased_purges":0,"victory":false,"max_hp_per_floor":[75,75,75,75,75,75,75,75,75,75,75,75,75,75,75,75,75,75,75,75],"card_choices":[{"not_picked":["Darkness","Redo"],"picked":"Coolheaded","floor":1},{"not_picked":["Storm","Hello World"],"picked":"Chaos","floor":2},{"not_picked":["Coolheaded","Stack"],"picked":"FTL","floor":3},{"not_picked":["Beam Cell","Amplify"],"picked":"Reinforced Body","floor":4},{"not_picked":["Gash","Stack"],"picked":"Conserve Battery","floor":5},{"not_picked":["Storm","Stack","Streamline"],"picked":"SKIP","floor":7},{"not_picked":["Auto Shields","Stack"],"picked":"White Noise","floor":10},{"not_picked":["Steam","Turbo"],"picked":"Cold Snap","floor":11},{"not_picked":["Streamline","Cold Snap"],"picked":"Sweeping Beam","floor":12},{"not_picked":["Beam Cell","Go for the Eyes"],"picked":"Hologram","floor":14},{"not_picked":["Thunder Strike","Reboot"],"picked":"Core Surge","floor":16},{"not_picked":["Tempest","Cold Snap"],"picked":"Ball Lightning","floor":18},{"not_picked":["Beam Cell","Reprogram"],"picked":"Self Repair","floor":19}],"player_experience":296414,"relics_obtained":[{"floor":7,"key":"Bottled Lightning"},{"floor":9,"key":"Omamori"},{"floor":12,"key":"Oddly Smooth Stone"},{"floor":19,"key":"Nunchaku"},{"floor":19,"key":"Matryoshka"}],"event_choices":[{"damage_healed":0,"gold_gain":0,"player_choice":"Fight","damage_taken":0,"max_hp_gain":0,"max_hp_loss":0,"event_name":"Colosseum","floor":19,"gold_loss":0},{"damage_healed":0,"gold_gain":0,"player_choice":"Fought Nobs","damage_taken":0,"max_hp_gain":0,"max_hp_loss":0,"event_name":"Colosseum","floor":19,"gold_loss":0}],"is_beta":false,"boss_relics":[{"not_picked":["Snecko Eye","Nuclear Battery"],"picked":"Sozu"}],"items_purged_floors":[],"is_endless":false,"potions_floor_spawned":[3,4,10,14,16,19],"killed_by":"2 Thieves","ascension_level":8}