{"gold_per_floor":[115,115,115,115,131,169,169,194,194,208,249,328,340,11,11,104,104,120,141,141,141],"floor_reached":21,"playtime":1932,"items_purged":[],"score":374,"play_id":"72c51f8a-2591-4e78-beda-1ed3208629d8","local_time":"20190228181141","is_ascension_mode":true,"campfire_choices":[{"floor":7,"key":"REST"},{"data":"Poisoned Stab","floor":15,"key":"SMITH"}],"neow_cost":"NONE","seed_source_timestamp":634771782032407,"circlet_count":0,"master_deck":["AscendersBane","Defend_G","Defend_G","Defend_G","Defend_G","Defend_G","Strike_G","Strike_G","Strike_G+1","Strike_G","Strike_G","Survivor","Neutralize","Deadly Poison+1","Dagger Spray","Skewer","Envenom","Dash","Poisoned Stab+1","Die Die Die","Eviscerate"],"relics":["Ring of the Snake","Omamori","Golden Idol","Ninja Scroll","Paper Crane","Pocketwatch","MawBank","Mercury Hourglass","Philosopher\u0027s Stone"],"potions_floor_usage":[6,11,16,18,19],"damage_taken":[{"damage":0,"enemies":"2 Louse","floor":1,"turns":3},{"damage":4,"enemies":"Small Slimes","floor":5,"turns":4},{"damage":32,"enemies":"3 Sentries","floor":6,"turns":8},{"damage":0,"enemies":"Jaw Worm","floor":8,"turns":3},{"damage":5,"enemies":"Blue Slaver","floor":10,"turns":3},{"damage":5,"enemies":"Lagavulin","floor":11,"turns":5},{"damage":5,"enemies":"3 Sentries","floor":12,"turns":6},{"damage":8,"enemies":"Hexaghost","floor":16,"turns":7},{"damage":14,"enemies":"2 Thieves","floor":18,"turns":3},{"damage":29,"enemies":"Shell Parasite","floor":19,"turns":5},{"damage":19,"enemies":"Centurion and Healer","floor":21,"turns":3}],"seed_played":"8223938318814927608","potions_obtained":[{"floor":5,"key":"Energy Potion"},{"floor":10,"key":"EssenceOfSteel"},{"floor":11,"key":"SneckoOil"},{"floor":12,"key":"PowerPotion"},{"floor":16,"key":"Weak Potion"}],"is_trial":false,"path_per_floor":["M","?","?","?","M","E","R","M","T","M","E","?","?","$","R","B",null,"M","M","?","M"],"character_chosen":"THE_SILENT","items_purchased":["Mercury Hourglass","Poisoned Stab"],"campfire_rested":1,"item_purchase_floors":[14,14],"current_hp_per_floor":[59,59,59,41,37,5,23,23,23,18,13,8,23,23,23,15,49,35,6,6,0],"gold":141,"neow_bonus":"RANDOM_COMMON_RELIC","is_prod":false,"is_daily":false,"chose_seed":false,"campfire_upgraded":1,"win_rate":0,"timestamp":1551373901,"path_taken":["M","?","?","?","M","E","R","M","T","?","E","?","?","$","R","BOSS","M","M","?","?"],"build_version":"2019-01-23","purchased_purges":0,"victory":false,"max_hp_per_floor":[66,66,60,60,60,60,60,60,60,60,60,60,60,60,60,60,60,60,60,60,60],"card_choices":[{"not_picked":["Dagger Spray","Dagger Throw"],"picked":"Deadly Poison","floor":1},{"not_picked":["PiercingWail","Flechettes"],"picked":"Dagger Spray","floor":5},{"not_picked":["Heel Hook","Blade Dance"],"picked":"Skewer","floor":6},{"not_picked":["Bane","Dodge and Roll"],"picked":"Envenom","floor":8},{"not_picked":["Dagger Throw","Acrobatics"],"picked":"Dash","floor":10},{"not_picked":["Prepared","Endless Agony","Underhanded Strike"],"picked":"SKIP","floor":11},{"not_picked":["Infinite Blades","Flying Knee+1","Distraction"],"picked":"SKIP","floor":18},{"not_picked":["Slice","Cloak And Dagger","Flechettes"],"picked":"SKIP","floor":19}],"player_experience":1353370,"relics_obtained":[{"floor":6,"key":"Ninja Scroll"},{"floor":9,"key":"Paper Crane"},{"floor":11,"key":"Pocketwatch"}],"event_choices":[{"damage_healed":0,"gold_gain":0,"player_choice":"Leave","damage_taken":0,"max_hp_gain":0,"max_hp_loss":0,"event_name":"The Cleric","floor":2,"gold_loss":0},{"damage_healed":0,"gold_gain":0,"player_choice":"Lose Max HP","damage_taken":0,"relics_obtained":["Golden Idol"],"max_hp_gain":0,"max_hp_loss":6,"event_name":"Golden Idol","floor":3,"gold_loss":0},{"damage_healed":0,"gold_gain":0,"player_choice":"Entered Light","damage_taken":18,"max_hp_gain":0,"max_hp_loss":0,"event_name":"Shining Light","floor":4,"gold_loss":0,"cards_upgraded":["Strike_G","Deadly Poison"]},{"damage_healed":0,"gold_gain":0,"player_choice":"Searched \u00272\u0027 times","damage_taken":0,"relics_obtained":["MawBank"],"max_hp_gain":0,"max_hp_loss":0,"event_name":"Dead Adventurer","floor":12,"gold_loss":0},{"damage_healed":15,"gold_gain":0,"player_choice":"Healed and dodged fight","damage_taken":0,"max_hp_gain":0,"max_hp_loss":0,"event_name":"Mushrooms","floor":13,"gold_loss":0,"cards_obtained":["Parasite"]},{"damage_healed":0,"gold_gain":0,"player_choice":"2 cards matched","damage_taken":0,"max_hp_gain":0,"max_hp_loss":0,"event_name":"Match and Keep!","floor":20,"gold_loss":0,"cards_obtained":["Die Die Die","Eviscerate"]}],"is_beta":false,"boss_relics":[{"not_picked":["Eternal Feather","Astrolabe"],"picked":"Philosopher\u0027s Stone"}],"items_purged_floors":[],"is_endless":false,"potions_floor_spawned":[5,10,11,12,16],"killed_by":"Centurion and Healer","ascension_level":20}