{"gold_per_floor":[119,194,212,212,226,261,261,153,153,181,191,25,25,42,42,140,140,150,150,150,170,181,181],"floor_reached":23,"playtime":1217,"items_purged":[],"score":226,"play_id":"811ed789-4f5b-4011-9a8d-0973a8da6aa0","local_time":"20190109221636","is_ascension_mode":false,"campfire_choices":[{"data":"Searing Blow","floor":7,"key":"SMITH"},{"floor":13,"key":"REST"},{"floor":15,"key":"REST"}],"neow_cost":"NONE","seed_source_timestamp":157469560823200,"circlet_count":0,"master_deck":["Strike_R","Strike_R","Strike_R","Strike_R","Strike_R","Defend_R","Defend_R","Defend_R","Defend_R","Bash","Warcry","Spot Weakness","Pommel Strike","Searing Blow+1","Entrench","Whirlwind","Limit Break","Heavy Blade","Ghostly Armor","Barricade","Shrug It Off","RitualDagger","Shockwave","Pommel Strike"],"relics":["Burning Blood","Pear","Bottled Flame","Potion Belt","Torii","Blood Vial","Sozu"],"potions_floor_usage":[],"damage_taken":[{"damage":5,"enemies":"Jaw Worm","floor":1,"turns":5},{"damage":1,"enemies":"2 Louse","floor":3,"turns":2},{"damage":1,"enemies":"Cultist","floor":5,"turns":4},{"damage":34,"enemies":"Gremlin Nob","floor":6,"turns":5},{"damage":36,"enemies":"Lagavulin","floor":10,"turns":6},{"damage":14,"enemies":"Blue Slaver","floor":11,"turns":4},{"damage":33,"enemies":"Exordium Wildlife","floor":14,"turns":5},{"damage":44,"enemies":"The Guardian","floor":16,"turns":11},{"damage":14,"enemies":"Chosen","floor":18,"turns":6},{"damage":11,"enemies":"Spheric Guardian","floor":21,"turns":4},{"damage":23,"enemies":"3 Cultists","floor":22,"turns":6},{"damage":51,"enemies":"Slavers","floor":23,"turns":7}],"seed_played":"868930328517981718","potions_obtained":[{"floor":10,"key":"GamblersBrew"},{"floor":16,"key":"Poison Potion"}],"is_trial":false,"path_per_floor":["M","?","M","?","M","E","R","?","T","E","M","$","R","M","R","B",null,"M","?","?","M","M","E"],"character_chosen":"IRONCLAD","items_purchased":["Limit Break","Heavy Blade"],"campfire_rested":2,"item_purchase_floors":[12,12],"current_hp_per_floor":[88,77,82,85,90,62,62,62,62,32,26,26,55,30,59,23,98,90,84,64,61,46,0],"gold":181,"neow_bonus":"TEN_PERCENT_HP_BONUS","is_prod":false,"is_daily":false,"chose_seed":false,"campfire_upgraded":1,"win_rate":0,"timestamp":1547097396,"path_taken":["M","?","M","?","M","E","R","?","T","E","?","$","R","M","R","BOSS","M","?","?","M","M","E"],"build_version":"2019-01-08","purchased_purges":0,"victory":false,"max_hp_per_floor":[88,88,88,98,98,98,98,98,98,98,98,98,98,98,98,98,98,98,98,103,103,103,103],"card_choices":[{"not_picked":["Thunderclap","Heavy Blade"],"picked":"Warcry","floor":1},{"not_picked":["Clash","Rage"],"picked":"Spot Weakness","floor":3},{"not_picked":["Twin Strike","Wild Strike"],"picked":"Pommel Strike","floor":5},{"not_picked":["Pommel Strike","Armaments"],"picked":"Searing Blow","floor":6},{"not_picked":["Hemokinesis","Flex"],"picked":"Entrench","floor":10},{"not_picked":["Twin Strike","Intimidate"],"picked":"Whirlwind","floor":11},{"not_picked":["Wild Strike","Exhume"],"picked":"Ghostly Armor","floor":14},{"not_picked":["Exhume","Berserk"],"picked":"Barricade","floor":16},{"not_picked":["Havoc+1","Clash+1"],"picked":"Shrug It Off","floor":18},{"not_picked":["Anger+1","Wild Strike"],"picked":"Shockwave","floor":21},{"not_picked":["Iron Wave","Battle Trance"],"picked":"Pommel Strike","floor":22}],"player_experience":334272,"relics_obtained":[{"floor":6,"key":"Bottled Flame"},{"floor":9,"key":"Torii"},{"floor":10,"key":"Blood Vial"}],"event_choices":[{"damage_healed":0,"gold_gain":75,"player_choice":"Gather Gold","damage_taken":11,"max_hp_gain":0,"max_hp_loss":0,"event_name":"World of Goop","floor":2,"gold_loss":0},{"damage_healed":0,"gold_gain":0,"player_choice":"Success","damage_taken":7,"relics_obtained":["Pear"],"max_hp_gain":0,"max_hp_loss":0,"event_name":"Scrap Ooze","floor":4,"gold_loss":0},{"damage_healed":0,"gold_gain":0,"player_choice":"Paid Gold","damage_taken":0,"relics_obtained":["Potion Belt"],"max_hp_gain":0,"max_hp_loss":0,"event_name":"WeMeetAgain","floor":8,"gold_loss":108},{"damage_healed":0,"gold_gain":0,"player_choice":"Joined the Cult","damage_taken":6,"max_hp_gain":0,"max_hp_loss":0,"event_name":"Nest","floor":19,"gold_loss":0,"cards_obtained":["RitualDagger"]},{"damage_healed":0,"gold_gain":0,"player_choice":"Shed Blood","damage_taken":25,"max_hp_gain":5,"max_hp_loss":0,"event_name":"Forgotten Altar","floor":20,"gold_loss":0}],"is_beta":true,"boss_relics":[{"not_picked":["Philosopher\u0027s Stone","White Beast Statue"],"picked":"Sozu"}],"items_purged_floors":[],"is_endless":false,"potions_floor_spawned":[6,10,16,18,21],"killed_by":"Slavers","ascension_level":0}