{"path_per_floor":["M","$","M","?","M","R","E","R","T","R","$","E","M","?","R","B",null,"M","M","?","M","$"],"character_chosen":"DEFECT","items_purchased":["Capacitor","Creative AI","Omamori"],"gold_per_floor":[116,41,61,11,21,21,53,53,53,53,19,50,66,96,96,191,191,202,219,219,231,0,0],"floor_reached":23,"campfire_rested":2,"playtime":1656,"item_purchase_floors":[],"current_hp_per_floor":[72,72,71,71,71,71,37,59,59,59,59,43,30,30,52,9,75,56,18,18,16,16,0],"items_purged":["Strike_B"],"gold":0,"score":234,"play_id":"04c03da9-a084-4294-82c6-b6f8f9a46a2a","local_time":"20180602180108","is_prod":false,"is_daily":false,"chose_seed":false,"is_ascension_mode":true,"campfire_upgraded":2,"win_rate":0.0,"timestamp":1527976868,"campfire_choices":[{"data":"Zap","floor":6.0,"key":"SMITH"},{"floor":8.0,"key":"REST"},{"data":"Dualcast","floor":10.0,"key":"SMITH"},{"floor":15.0,"key":"REST"}],"path_taken":["M","$","M","?","M","R","E","R","T","R","$","E","?","?","R","BOSS","M","?","?","M","$","E"],"build_version":"2018-05-31","seed_source_timestamp":510532637896877,"purchased_purges":1,"victory":false,"master_deck":["Zap+1","Dualcast+1","Thunder Strike","Rebound","Capacitor","Genetic Algorithm","Storm","Creative AI","Stack","Heatsinks","Cold Snap","Stack","Consume","Capacitor","Ghostly","Ghostly","Ghostly","Ghostly","Ghostly","Creative AI"],"max_hp_per_floor":[75,75,75,75,75,75,75,75,75,75,75,75,75,75,75,75,75,75,75,37,37,37,37],"relics":["Cracked Core","Potion Belt","Bottled Flame","Lantern","Orichalcum","Pandora\u0027s Box","Omamori"],"card_choices":[{"not_picked":["Conserve Battery","Hologram","Go for the Eyes"],"picked":"SKIP","floor":1.0},{"not_picked":["Reinforced Body","Sweeping Beam"],"picked":"Thunder Strike","floor":3.0},{"not_picked":["Tempest","Streamline"],"picked":"Rebound","floor":5.0},{"not_picked":["Stack","Compile Driver","Sweeping Beam"],"picked":"SKIP","floor":7.0},{"not_picked":["Conserve Battery","Stack"],"picked":"Genetic Algorithm","floor":12.0},{"not_picked":["Darkness","Genetic Algorithm"],"picked":"Storm","floor":13.0},{"not_picked":["Amplify","Reboot"],"picked":"Creative AI","floor":16.0},{"not_picked":["Doom and Gloom","Conserve Battery","Hologram"],"picked":"SKIP","floor":18.0},{"not_picked":["Conserve Battery","Streamline","Coolheaded+1"],"picked":"SKIP","floor":19.0},{"not_picked":["Streamline+1","Stack+1","Beam Cell"],"picked":"SKIP","floor":21.0}],"player_experience":465906,"potions_floor_usage":[23],"damage_taken":[{"damage":3.0,"enemies":"Jaw Worm","floor":1.0,"turns":4.0},{"damage":1.0,"enemies":"Cultist","floor":3.0,"turns":3.0},{"damage":0.0,"enemies":"2 Louse","floor":5.0,"turns":2.0},{"damage":34.0,"enemies":"Gremlin Nob","floor":7.0,"turns":4.0},{"damage":16.0,"enemies":"Lagavulin","floor":12.0,"turns":5.0},{"damage":13.0,"enemies":"2 Fungi Beasts","floor":13.0,"turns":4.0},{"damage":43.0,"enemies":"Slime Boss","floor":16.0,"turns":12.0},{"damage":19.0,"enemies":"Spheric Guardian","floor":18.0,"turns":4.0},{"damage":38.0,"enemies":"3 Byrds","floor":19.0,"turns":4.0},{"damage":2.0,"enemies":"Snecko","floor":21.0,"turns":4.0},{"damage":16,"enemies":"Book of Stabbing","floor":23,"turns":7}],"relics_obtained":[{"floor":7.0,"key":"Potion Belt"},{"floor":9.0,"key":"Bottled Flame"},{"floor":12.0,"key":"Lantern"}],"event_choices":[{"event_name":"The Cleric","player_choice":"Card Removal","floor":4.0,"damage_taken":0.0},{"event_name":"Dead Adventurer","player_choice":"Searched \u00272\u0027 times","floor":14.0,"damage_taken":0.0},{"event_name":"Ghosts","player_choice":"Became a Ghost","floor":20.0,"damage_taken":0.0}],"boss_relics":[],"items_purged_floors":[],"potions_floor_spawned":[5,12,13,19,21],"seed_played":"-561969353735501620","killed_by":"Book of Stabbing","ascension_level":1,"potions_obtained":[{"floor":5.0,"key":"Fire Potion"},{"floor":12.0,"key":"Block Potion"},{"floor":13.0,"key":"Block Potion"},{"floor":19.0,"key":"Strength Potion"},{"floor":21.0,"key":"SkillPotion"}],"is_trial":false}