{"gold_per_floor":[111,62,62,81,96,96,137,137,137,181,181,181],"floor_reached":12,"playtime":452,"items_purged":[],"score":151,"play_id":"89e9624a-8155-4699-b2f7-a38531fd27da","local_time":"20190407051200","is_ascension_mode":true,"campfire_choices":[{"data":"Bash","floor":6,"key":"SMITH"},{"data":"Clothesline","floor":11,"key":"SMITH"}],"neow_cost":"NONE","seed_source_timestamp":57373445515502,"circlet_count":0,"master_deck":["AscendersBane","Strike_R","Strike_R","Strike_R","Strike_R","Strike_R","Defend_R","Defend_R","Defend_R","Defend_R","Bash+1","Wild Strike","Clothesline+1","Headbutt","Pommel Strike"],"relics":["Burning Blood","Golden Idol","Thread and Needle","Pear","Girya"],"potions_floor_usage":[],"damage_taken":[{"damage":11,"enemies":"Jaw Worm","floor":1,"turns":4},{"damage":4,"enemies":"2 Louse","floor":4,"turns":3},{"damage":5,"enemies":"Cultist","floor":5,"turns":4},{"damage":50,"enemies":"3 Sentries","floor":7,"turns":11},{"damage":27,"enemies":"Lagavulin","floor":10,"turns":8},{"damage":30,"enemies":"Exordium Thugs","floor":12,"turns":4}],"seed_played":"-637229614236936693","potions_obtained":[{"floor":7,"key":"GamblersBrew"}],"is_trial":false,"path_per_floor":["M","$","?","M","M","R","E","?","T","E","R","M"],"character_chosen":"IRONCLAD","items_purchased":["Clothesline"],"campfire_rested":0,"item_purchase_floors":[2],"current_hp_per_floor":[70,70,70,72,73,73,29,74,84,63,63,33],"gold":181,"neow_bonus":"TEN_PERCENT_HP_BONUS","is_prod":false,"is_daily":false,"chose_seed":false,"campfire_upgraded":2,"win_rate":0,"timestamp":1554624720,"path_taken":["M","$","?","M","M","R","E","?","T","E","R","?"],"build_version":"2019-01-23","purchased_purges":0,"victory":false,"max_hp_per_floor":[82,82,74,74,74,74,74,74,84,84,84,84],"card_choices":[{"not_picked":["Armaments","Blood for Blood"],"picked":"Wild Strike","floor":1},{"not_picked":["Body Slam","Battle Trance","Warcry"],"picked":"SKIP","floor":4},{"not_picked":["Evolve","Body Slam"],"picked":"Headbutt","floor":5},{"not_picked":["Clash","Body Slam"],"picked":"Pommel Strike","floor":7},{"not_picked":["Pommel Strike","Sever Soul","Sentinel"],"picked":"SKIP","floor":10}],"player_experience":541947,"relics_obtained":[{"floor":7,"key":"Thread and Needle"},{"floor":9,"key":"Pear"},{"floor":10,"key":"Girya"}],"event_choices":[{"damage_healed":0,"gold_gain":0,"player_choice":"Lose Max HP","damage_taken":0,"relics_obtained":["Golden Idol"],"max_hp_gain":0,"max_hp_loss":8,"event_name":"Golden Idol","floor":3,"gold_loss":0},{"damage_healed":45,"gold_gain":0,"player_choice":"Full Heal","damage_taken":0,"max_hp_gain":0,"max_hp_loss":0,"event_name":"Wheel of Change","floor":8,"gold_loss":0}],"is_beta":false,"boss_relics":[],"items_purged_floors":[],"is_endless":false,"potions_floor_spawned":[7],"killed_by":"Exordium Thugs","ascension_level":15}