{"gold_per_floor":[115,125,125,135,135,135,165,165,234,234,264,278,23,42,42,140,140,150,150,150,169,186,212,228,260,260,277,296,331,331,342,342,442,442,454,454,454,454,554,554,586,586,611,626,72,11,30,41,41,41,41,41,41,67,67],"floor_reached":55,"playtime":4649,"items_purged":["Strike_G"],"score":921,"play_id":"5dc66650-3844-4ee2-80f8-0d5b1a0d9ab6","local_time":"20190303162012","is_ascension_mode":true,"campfire_choices":[{"data":"Adrenaline","floor":6.0,"key":"SMITH"},{"floor":10.0,"key":"REST"},{"floor":15.0,"key":"REST"},{"floor":30.0,"key":"REST"},{"data":"Neutralize","floor":32.0,"key":"SMITH"},{"floor":40,"key":"RECALL"},{"floor":49,"key":"REST"},{"data":"Malaise","floor":52,"key":"SMITH"}],"neow_cost":"TEN_PERCENT_HP_LOSS","seed_source_timestamp":0,"circlet_count":0,"master_deck":["Defend_G","Defend_G","Defend_G","Defend_G","Strike_G","Strike_G","Strike_G","Survivor","Neutralize+1","Adrenaline+1","Cloak And Dagger+1","Acrobatics+1","Backflip","Backstab","Sucker Punch","Noxious Fumes","Dagger Throw","After Image+1","Blade Dance+1","Cloak And Dagger","Bouncing Flask+1","Escape Plan+1","Dodge and Roll+1","Quick Slash","Blade Dance+1","PiercingWail+1","Venomology","Backflip+1","Madness","Madness","Deflect+1","Noxious Fumes+1","Malaise+1","Adrenaline","Slice","Well Laid Plans","Backflip+1"],"special_seed":0,"relics":["Ring of the Serpent","Incense Burner","FossilizedHelix","Ninja Scroll","Odd Mushroom","Omamori","Ice Cream","Potion Belt","PreservedInsect","Strawberry","Runic Dome","Gambling Chip","Pocketwatch","Singing Bowl","Art of War","TwistedFunnel","Boot","Letter Opener","Bag of Marbles"],"potions_floor_usage":[33,47,48,48,50,50,50,54,54,55],"damage_taken":[{"damage":0.0,"enemies":"Cultist","floor":1.0,"turns":3.0},{"damage":0.0,"enemies":"Small Slimes","floor":2.0,"turns":3.0},{"damage":0.0,"enemies":"Jaw Worm","floor":4.0,"turns":3.0},{"damage":30.0,"enemies":"Lagavulin","floor":7.0,"turns":8.0},{"damage":0.0,"enemies":"The Mushroom Lair","floor":11.0,"turns":4.0},{"damage":0.0,"enemies":"3 Louse","floor":12.0,"turns":2.0},{"damage":0.0,"enemies":"Blue Slaver","floor":14.0,"turns":3.0},{"damage":30.0,"enemies":"Hexaghost","floor":16.0,"turns":11.0},{"damage":0.0,"enemies":"3 Byrds","floor":18.0,"turns":4.0},{"damage":0.0,"enemies":"Shell Parasite","floor":21.0,"turns":3.0},{"damage":0.0,"enemies":"Sentry and Sphere","floor":22.0,"turns":6.0},{"damage":0.0,"enemies":"Slavers","floor":23.0,"turns":7.0},{"damage":0.0,"enemies":"Centurion and Healer","floor":24.0,"turns":7.0},{"damage":10.0,"enemies":"Gremlin Leader","floor":25.0,"turns":7.0},{"damage":10.0,"enemies":"Snake Plant","floor":27.0,"turns":5.0},{"damage":0.0,"enemies":"Chosen and Byrds","floor":28.0,"turns":6.0},{"damage":0.0,"enemies":"Slavers","floor":29.0,"turns":4.0},{"damage":0.0,"enemies":"Cultist and Chosen","floor":31.0,"turns":5.0},{"damage":31,"enemies":"Champ","floor":33,"turns":15},{"damage":9,"enemies":"3 Darklings","floor":35,"turns":6},{"damage":0,"enemies":"Mind Bloom Boss Battle","floor":39,"turns":6},{"damage":9,"enemies":"Nemesis","floor":41,"turns":7},{"damage":8,"enemies":"3 Shapes","floor":44,"turns":5},{"damage":0,"enemies":"Maw","floor":47,"turns":7},{"damage":0,"enemies":"Jaw Worm Horde","floor":48,"turns":2},{"damage":37,"enemies":"Time Eater","floor":50,"turns":16},{"damage":43,"enemies":"Shield and Spear","floor":54,"turns":5},{"damage":40,"enemies":"The Heart","floor":55,"turns":3}],"seed_played":"2882414875616063625","potions_obtained":[{"floor":2.0,"key":"Poison Potion"},{"floor":12.0,"key":"Swift Potion"},{"floor":16.0,"key":"Energy Potion"},{"floor":18.0,"key":"SkillPotion"},{"floor":24.0,"key":"AttackPotion"},{"floor":25.0,"key":"EssenceOfSteel"},{"floor":27.0,"key":"PowerPotion"},{"floor":28.0,"key":"EssenceOfSteel"},{"floor":39,"key":"SteroidPotion"}],"is_trial":false,"path_per_floor":["M","M","?","M","?","R","E","T","T","R","?","M","$","M","R","B",null,"M","?","?","M","M","E","M","E","T","M","M","E","R","M","R","B",null,"M","?","?","?","?","R","E","T","T","M","$","?","M","M","R","B",null,"R","$","E","B"],"character_chosen":"THE_SILENT","items_purchased":["Dagger Throw","Omamori","TwistedFunnel","Boot","Adrenaline","Slice","Well Laid Plans"],"campfire_rested":4,"item_purchase_floors":[13,13,45,45,45,45,45],"current_hp_per_floor":[63,63,50,50,43,43,13,13,13,31,31,31,31,31,49,19,63,63,63,63,63,63,63,63,53,53,43,43,50,70,70,70,39,70,61,52,52,52,52,52,43,43,43,35,35,35,35,37,58,21,72,72,72,31,0],"gold":67,"neow_bonus":"THREE_RARE_CARDS","is_prod":false,"is_daily":false,"chose_seed":false,"campfire_upgraded":3,"win_rate":0,"timestamp":1551655212,"path_taken":["M","?","?","M","?","R","E","?","T","R","?","M","$","M","R","BOSS","M","?","?","?","?","E","M","E","T","M","M","E","R","M","R","BOSS","M","?","?","?","?","R","E","?","T","?","?","?","?","M","R","BOSS","R","$","E","BOSS"],"build_version":"2019-02-06","purchased_purges":1,"victory":false,"max_hp_per_floor":[63,63,63,63,63,63,63,63,63,63,63,63,63,63,63,63,63,63,63,63,63,63,63,63,63,63,63,63,70,70,70,70,70,70,70,70,70,70,70,70,70,70,70,70,70,70,70,72,72,72,72,72,72,74,74],"card_choices":[{"not_picked":["After Image","Night Terror"],"picked":"Adrenaline","floor":0.0},{"not_picked":["Sucker Punch","Flying Knee"],"picked":"Cloak And Dagger","floor":1.0},{"not_picked":["Endless Agony","Calculated Gamble"],"picked":"Acrobatics","floor":2.0},{"not_picked":["Dagger Spray","Escape Plan"],"picked":"Backflip","floor":4.0},{"not_picked":["Terror","Cloak And Dagger"],"picked":"Backstab","floor":7.0},{"not_picked":["Bane","Prepared"],"picked":"Sucker Punch","floor":11.0},{"not_picked":["Cloak And Dagger","Prepared"],"picked":"Noxious Fumes","floor":12.0},{"not_picked":["Bane","Outmaneuver","Flying Knee"],"picked":"SKIP","floor":14.0},{"not_picked":["Venomology","Malaise"],"picked":"After Image","floor":16.0},{"not_picked":["Flying Knee","Masterful Stab"],"picked":"Blade Dance+1","floor":18.0},{"not_picked":["Masterful Stab","Flying Knee"],"picked":"Cloak And Dagger","floor":21.0},{"not_picked":["Underhanded Strike","Choke+1"],"picked":"Bouncing Flask+1","floor":22.0},{"not_picked":["A Thousand Cuts","Flechettes+1"],"picked":"Escape Plan+1","floor":23.0},{"not_picked":["Acrobatics","Underhanded Strike","Blade Dance"],"picked":"SKIP","floor":24.0},{"not_picked":["Choke","Deflect"],"picked":"Dodge and Roll+1","floor":25.0},{"not_picked":["Outmaneuver","Sucker Punch"],"picked":"Quick Slash","floor":27.0},{"not_picked":["Grand Finale","Setup"],"picked":"Blade Dance+1","floor":28.0},{"not_picked":["Underhanded Strike+1","Flying Knee","Cloak And Dagger"],"picked":"SKIP","floor":29.0},{"not_picked":["Poisoned Stab","Concentrate"],"picked":"PiercingWail+1","floor":31.0},{"not_picked":["Bullet Time","Doppelganger"],"picked":"Venomology","floor":33},{"not_picked":["Blade Dance","Flechettes"],"picked":"Backflip+1","floor":35},{"not_picked":["Prepared","Underhanded Strike+1"],"picked":"Deflect+1","floor":39},{"not_picked":["Leg Sweep","Dagger Spray"],"picked":"Noxious Fumes+1","floor":41},{"not_picked":["Deadly Poison+1","Catalyst"],"picked":"Malaise","floor":44},{"not_picked":["Blade Dance","Skewer+1"],"picked":"Backflip+1","floor":47},{"not_picked":["Cloak And Dagger","Dagger Throw+1","Eviscerate"],"picked":"Singing Bowl","floor":48},{"not_picked":["Slice","Blade Dance+1","Concentrate"],"picked":"Singing Bowl","floor":54}],"player_experience":567501,"relics_obtained":[{"floor":7.0,"key":"Incense Burner"},{"floor":8.0,"key":"FossilizedHelix"},{"floor":9.0,"key":"Ninja Scroll"},{"floor":11.0,"key":"Odd Mushroom"},{"floor":23.0,"key":"Potion Belt"},{"floor":25.0,"key":"PreservedInsect"},{"floor":29.0,"key":"Strawberry"},{"floor":39,"key":"Gambling Chip"},{"floor":41,"key":"Pocketwatch"},{"floor":42,"key":"Singing Bowl"},{"floor":43,"key":"Art of War"},{"floor":54,"key":"Bag of Marbles"}],"event_choices":[{"damage_healed":0.0,"max_hp_gain":0.0,"max_hp_loss":0.0,"gold_gain":0.0,"event_name":"Shining Light","player_choice":"Entered Light","floor":3.0,"gold_loss":0.0,"damage_taken":13.0,"cards_upgraded":["Acrobatics","Cloak And Dagger"]},{"cards_removed":["Defend_G"],"damage_healed":0.0,"max_hp_gain":0.0,"max_hp_loss":0.0,"gold_gain":0.0,"event_name":"Golden Wing","player_choice":"Card Removal","floor":5.0,"gold_loss":0.0,"damage_taken":7.0},{"damage_healed":0.0,"max_hp_gain":0.0,"max_hp_loss":0.0,"gold_gain":0.0,"event_name":"Mushrooms","player_choice":"Fought Mushrooms","floor":11.0,"gold_loss":0.0,"damage_taken":0.0},{"damage_healed":0.0,"max_hp_gain":0.0,"max_hp_loss":0.0,"gold_gain":0.0,"event_name":"The Mausoleum","player_choice":"Opened","floor":19.0,"gold_loss":0.0,"damage_taken":0.0,"relics_obtained":["Ice Cream"],"cards_obtained":["Writhe"]},{"damage_healed":0.0,"max_hp_gain":0.0,"max_hp_loss":0.0,"gold_gain":0.0,"event_name":"Upgrade Shrine","player_choice":"Upgraded","floor":20.0,"gold_loss":0.0,"damage_taken":0.0,"cards_upgraded":["After Image"]},{"damage_healed":0,"gold_gain":0,"player_choice":"Embrace Madness","damage_taken":9,"max_hp_gain":0,"max_hp_loss":0,"event_name":"Winding Halls","floor":36,"gold_loss":0,"cards_obtained":["Madness","Madness"]},{"cards_removed":["Strike_G"],"damage_healed":0,"gold_gain":0,"player_choice":"Removed Attack","damage_taken":0,"max_hp_gain":0,"max_hp_loss":0,"event_name":"Falling","floor":37,"gold_loss":0},{"damage_healed":0,"gold_gain":0,"player_choice":"Ignored","damage_taken":0,"max_hp_gain":0,"max_hp_loss":0,"event_name":"Tomb of Lord Red Mask","floor":38,"gold_loss":0},{"damage_healed":0,"gold_gain":0,"player_choice":"Fight","damage_taken":0,"max_hp_gain":0,"max_hp_loss":0,"event_name":"MindBloom","floor":39,"gold_loss":0},{"damage_healed":0,"gold_gain":0,"player_choice":"Paid Gold","damage_taken":0,"relics_obtained":["Letter Opener"],"max_hp_gain":0,"max_hp_loss":0,"event_name":"WeMeetAgain","floor":46,"gold_loss":61}],"is_beta":true,"boss_relics":[{"not_picked":["Velvet Choker","Calling Bell"],"picked":"Ring of the Serpent"},{"not_picked":["Sozu","Runic Pyramid"],"picked":"Runic Dome"}],"items_purged_floors":[13],"is_endless":false,"potions_floor_spawned":[2,12,16,18,24,25,27,28,39,41],"killed_by":"The Heart","ascension_level":3}