{"gold_per_floor":[118,135,32,32,52,82,82,109,177,196,196,206,220,232,232,307,307,322,350,350,361,371,371],"floor_reached":23,"playtime":1297,"items_purged":[],"score":410,"play_id":"da537ed9-e6d7-4d24-b8d9-c30cfc2ad2d0","local_time":"20190114152321","is_ascension_mode":true,"campfire_choices":[{"floor":7.0,"key":"REST"},{"data":"Deadly Poison","floor":11,"key":"SMITH"},{"data":"Deadly Poison","floor":15,"key":"SMITH"}],"neow_cost":"NONE","seed_source_timestamp":0,"circlet_count":0,"master_deck":["AscendersBane","Defend_G","Defend_G","Defend_G","Defend_G","Defend_G","Strike_G","Strike_G","Strike_G","Strike_G","Strike_G","Survivor","Neutralize+1","Cloak And Dagger","Crippling Poison","Deadly Poison+1","Well Laid Plans","Backflip","Acrobatics","Backstab","Dash","Backflip","Deadly Poison+1","Corpse Explosion","Noxious Fumes","Catalyst","PiercingWail"],"special_seed":0,"relics":["Ring of the Snake","Tingsha","Bag of Preparation","Meat on the Bone","Orrery","Red Mask"],"potions_floor_usage":[19,19,23],"damage_taken":[{"damage":7.0,"enemies":"Cultist","floor":1.0,"turns":6.0},{"damage":2.0,"enemies":"Small Slimes","floor":2.0,"turns":5.0},{"damage":1.0,"enemies":"Jaw Worm","floor":5.0,"turns":4.0},{"damage":41.0,"enemies":"Lagavulin","floor":6.0,"turns":11.0},{"damage":10.0,"enemies":"3 Sentries","floor":8.0,"turns":11.0},{"damage":1,"enemies":"Large Slime","floor":10,"turns":7},{"damage":0,"enemies":"3 Louse","floor":12,"turns":3},{"damage":9,"enemies":"Gremlin Gang","floor":13,"turns":5},{"damage":0,"enemies":"Red Slaver","floor":14,"turns":3},{"damage":35,"enemies":"Hexaghost","floor":16,"turns":10},{"damage":0,"enemies":"Chosen","floor":18,"turns":3},{"damage":19,"enemies":"Masked Bandits","floor":19,"turns":3},{"damage":25,"enemies":"2 Thieves","floor":21,"turns":4},{"damage":7,"enemies":"Sentry and Sphere","floor":22,"turns":5},{"damage":32,"enemies":"Book of Stabbing","floor":23,"turns":4}],"seed_played":"-7392510172361054111","potions_obtained":[{"floor":6.0,"key":"PowerPotion"},{"floor":10,"key":"Dexterity Potion"},{"floor":12,"key":"Dexterity Potion"},{"floor":21,"key":"SpeedPotion"}],"is_trial":false,"path_per_floor":["M","M","$","$","M","E","R","E","T","M","R","M","M","M","R","B",null,"M","?","?","M","M","E"],"character_chosen":"THE_SILENT","items_purchased":["Deadly Poison","Well Laid Plans"],"campfire_rested":1,"item_purchase_floors":[3,3],"current_hp_per_floor":[52,50,50,50,49,8,27,17,17,28,28,40,43,43,43,20,55,55,36,36,23,28,0],"gold":371,"neow_bonus":"UPGRADE_CARD","is_prod":false,"is_daily":false,"chose_seed":false,"campfire_upgraded":2,"win_rate":0,"timestamp":1547475801,"path_taken":["M","M","?","$","?","E","R","E","T","M","R","M","M","M","R","BOSS","M","?","?","M","M","E"],"build_version":"2019-01-10","purchased_purges":0,"victory":false,"max_hp_per_floor":[66,66,66,66,66,66,66,66,66,66,66,66,66,66,66,66,66,66,66,66,66,66,66],"card_choices":[{"not_picked":["Outmaneuver","Underhanded Strike"],"picked":"Cloak And Dagger","floor":1.0},{"not_picked":["Dodge and Roll","Deflect"],"picked":"Crippling Poison","floor":2.0},{"not_picked":["Dodge and Roll","Slice"],"picked":"Backflip","floor":5.0},{"not_picked":["Slice","Tactician"],"picked":"Acrobatics","floor":6.0},{"not_picked":["Slice","Phantasmal Killer"],"picked":"Backstab","floor":8.0},{"not_picked":["Blade Dance","Backstab"],"picked":"Dash","floor":10},{"not_picked":["Cloak And Dagger","Slice"],"picked":"Backflip","floor":12},{"not_picked":["Slice","Dodge and Roll","Dagger Spray"],"picked":"SKIP","floor":13},{"not_picked":["Bane","Cloak And Dagger"],"picked":"Deadly Poison","floor":14},{"not_picked":["Phantasmal Killer","Doppelganger"],"picked":"Corpse Explosion","floor":16},{"not_picked":["Expertise","Accuracy"],"picked":"Noxious Fumes","floor":17},{"not_picked":["Crippling Poison","Concentrate"],"picked":"Catalyst","floor":17},{"not_picked":["Quick Slash","Dagger Spray"],"picked":"PiercingWail","floor":17},{"not_picked":["Bane","Masterful Stab+1","Outmaneuver"],"picked":"SKIP","floor":18},{"not_picked":["Well Laid Plans","Quick Slash","Outmaneuver+1"],"picked":"SKIP","floor":21},{"not_picked":["Terror","Deflect","Sucker Punch"],"picked":"SKIP","floor":22}],"player_experience":1200668,"relics_obtained":[{"floor":6.0,"key":"Tingsha"},{"floor":8.0,"key":"Bag of Preparation"},{"floor":9.0,"key":"Meat on the Bone"},{"floor":19,"key":"Red Mask"}],"event_choices":[{"damage_healed":0,"gold_gain":0,"player_choice":"Fought Bandits","damage_taken":0,"max_hp_gain":0,"max_hp_loss":0,"event_name":"Masked Bandits","floor":19,"gold_loss":0},{"damage_healed":0,"gold_gain":0,"player_choice":"Ignored","damage_taken":0,"max_hp_gain":0,"max_hp_loss":0,"event_name":"The Mausoleum","floor":20,"gold_loss":0}],"is_beta":false,"boss_relics":[{"not_picked":["Black Star","Busted Crown"],"picked":"Orrery"}],"items_purged_floors":[],"is_endless":false,"potions_floor_spawned":[6,10,12,13,14,21],"killed_by":"Book of Stabbing","ascension_level":20}