{"gold_per_floor":[110,110,128,139,139,139,159,186,186,186,186,186,205,130,130,253,253,278,178,168,168,43,43],"floor_reached":23,"playtime":814,"items_purged":["Hemokinesis","Combust+1","Defend_R"],"score":198,"play_id":"feb30d57-ed14-474f-8022-dbbab355b8ca","local_time":"20190318230804","is_ascension_mode":true,"campfire_choices":[{"data":"Bash","floor":6,"key":"SMITH"},{"floor":11,"key":"REST"},{"floor":15,"key":"REST"}],"neow_cost":"NONE","seed_source_timestamp":5741608327900,"circlet_count":0,"master_deck":["Defend_R","Defend_R","Defend_R","Bash+1","Dropkick","Thunderclap","Feel No Pain+1","Exhume+1"],"relics":["Eternal Feather","StoneCalendar","Molten Egg 2","Ice Cream","Golden Idol","Charon\u0027s Ashes","Astrolabe"],"potions_floor_usage":[8,8,20,23],"damage_taken":[{"damage":3,"enemies":"Jaw Worm","floor":1,"turns":4},{"damage":4,"enemies":"Cultist","floor":3,"turns":3},{"damage":7,"enemies":"Small Slimes","floor":4,"turns":4},{"damage":3,"enemies":"2 Fungi Beasts","floor":7,"turns":3},{"damage":47,"enemies":"Lagavulin","floor":8,"turns":7},{"damage":5,"enemies":"Looter","floor":13,"turns":4},{"damage":52,"enemies":"The Guardian","floor":16,"turns":13},{"damage":6,"enemies":"Chosen","floor":18,"turns":6},{"damage":20,"enemies":"2 Thieves","floor":20,"turns":4},{"damage":59,"enemies":"Gremlin Leader","floor":23,"turns":4}],"seed_played":"7797469911593800485","potions_obtained":[{"floor":3,"key":"Weak Potion"},{"floor":4,"key":"Regen Potion"},{"floor":8,"key":"GamblersBrew"},{"floor":18,"key":"Fire Potion"}],"is_trial":false,"path_per_floor":["M","?","M","M","?","R","M","E","T","?","R","T","M","$","R","B",null,"M","$","M","?","$","E"],"character_chosen":"IRONCLAD","items_purchased":[],"campfire_rested":2,"item_purchase_floors":[],"current_hp_per_floor":[77,77,73,66,33,39,36,4,4,4,32,32,27,27,55,3,74,68,68,48,48,48,0],"gold":43,"neow_bonus":"BOSS_RELIC","is_prod":false,"is_daily":false,"chose_seed":false,"campfire_upgraded":1,"win_rate":0,"timestamp":1552975684,"path_taken":["M","?","?","M","?","R","M","E","T","?","R","?","?","$","R","BOSS","M","$","M","?","$","E"],"build_version":"2019-01-23","purchased_purges":3,"victory":false,"max_hp_per_floor":[80,80,80,80,80,80,80,80,80,74,74,74,74,74,74,74,74,74,74,74,74,74,74],"card_choices":[{"not_picked":["Clothesline","Second Wind","Flame Barrier"],"picked":"SKIP","floor":1},{"not_picked":["Body Slam","Carnage"],"picked":"Dropkick","floor":3},{"not_picked":["Havoc","Headbutt"],"picked":"Thunderclap","floor":4},{"not_picked":["Body Slam","Anger","Burning Pact"],"picked":"SKIP","floor":7},{"not_picked":["Hemokinesis","Armaments","Searing Blow"],"picked":"SKIP","floor":8},{"not_picked":["Evolve","Carnage+1","Corruption"],"picked":"SKIP","floor":13},{"not_picked":["Pommel Strike+1","Searing Blow+1","Sword Boomerang+1"],"picked":"SKIP","floor":18},{"not_picked":["Sword Boomerang+1","Burning Pact","Clash+1"],"picked":"SKIP","floor":20}],"player_experience":810492,"relics_obtained":[{"floor":8,"key":"Molten Egg 2"},{"floor":9,"key":"Ice Cream"},{"floor":12,"key":"Charon\u0027s Ashes"}],"event_choices":[{"damage_healed":0,"gold_gain":0,"cards_transformed":["Strike_R"],"player_choice":"Transformed","damage_taken":0,"max_hp_gain":0,"max_hp_loss":0,"event_name":"Transmorgrifier","floor":2,"gold_loss":0,"cards_obtained":["Hemokinesis"]},{"damage_healed":0,"gold_gain":0,"player_choice":"Success","damage_taken":33,"relics_obtained":["StoneCalendar"],"max_hp_gain":0,"max_hp_loss":0,"event_name":"Scrap Ooze","floor":5,"gold_loss":0},{"damage_healed":0,"gold_gain":0,"player_choice":"Lose Max HP","damage_taken":0,"relics_obtained":["Golden Idol"],"max_hp_gain":0,"max_hp_loss":6,"event_name":"Golden Idol","floor":10,"gold_loss":0},{"cards_removed":["Strike_R"],"damage_healed":0,"gold_gain":0,"player_choice":"Elegance","damage_taken":0,"max_hp_gain":0,"max_hp_loss":0,"event_name":"Back to Basics","floor":21,"gold_loss":0}],"is_beta":false,"boss_relics":[{"not_picked":["Snecko Eye","Runic Dome"],"picked":"Astrolabe"}],"items_purged_floors":[14,19,22],"is_endless":false,"potions_floor_spawned":[3,4,8,18],"killed_by":"Gremlin Leader","ascension_level":1}