{"gold_per_floor":[109,126,201,220,220,249,249,281,281,10,10],"floor_reached":11,"playtime":653,"items_purged":[],"score":126,"play_id":"30eb7da4-e4a1-4ad2-97cd-63527945db92","local_time":"20190417231921","is_ascension_mode":true,"campfire_choices":[{"floor":7,"key":"REST"}],"neow_cost":"NONE","seed_source_timestamp":109888009639123,"circlet_count":0,"master_deck":["AscendersBane","Strike_R+1","Strike_R","Strike_R+1","Strike_R+1","Strike_R+1","Defend_R","Defend_R","Defend_R","Defend_R","Bash+1","True Grit","Battle Trance","Body Slam","Armaments","Cleave","Discovery"],"relics":["Burning Blood","Whetstone","Ginger","The Courier","Pear"],"potions_floor_usage":[6],"damage_taken":[{"damage":1,"enemies":"Cultist","floor":1,"turns":3},{"damage":2,"enemies":"Jaw Worm","floor":2,"turns":3},{"damage":0,"enemies":"2 Louse","floor":4,"turns":3},{"damage":52,"enemies":"3 Sentries","floor":6,"turns":14},{"damage":38,"enemies":"Gremlin Nob","floor":8,"turns":5},{"damage":32,"enemies":"Exordium Thugs","floor":11,"turns":3}],"seed_played":"-5373933419381519475","potions_obtained":[{"floor":2,"key":"Swift Potion"}],"is_trial":false,"path_per_floor":["M","?","M","?","$"],"character_chosen":"IRONCLAD","items_purchased":["Pear","Discovery"],"campfire_rested":1,"item_purchase_floors":[10,10],"current_hp_per_floor":[77,80,72,78,62,16,40,8,8,18,0],"gold":10,"neow_bonus":"UPGRADE_CARD","is_prod":false,"is_daily":false,"chose_seed":false,"campfire_upgraded":0,"win_rate":0,"timestamp":1555517961,"path_taken":["M","?","?","?","?","E","R","E","T","?","M"],"build_version":"2019-01-23","purchased_purges":0,"victory":false,"max_hp_per_floor":[80,80,80,80,80,80,80,80,80,90,90],"card_choices":[{"not_picked":["Thunderclap","Wild Strike"],"picked":"True Grit","floor":1},{"not_picked":["Havoc","Sentinel"],"picked":"Battle Trance","floor":2},{"not_picked":["Entrench","Hemokinesis"],"picked":"Body Slam","floor":4},{"not_picked":["Warcry","Headbutt"],"picked":"Armaments","floor":6},{"not_picked":["Pommel Strike","Berserk"],"picked":"Cleave","floor":8}],"player_experience":252253,"relics_obtained":[{"floor":6,"key":"Whetstone"},{"floor":8,"key":"Ginger"},{"floor":9,"key":"The Courier"}],"event_choices":[{"damage_healed":0,"gold_gain":75,"player_choice":"Touch","damage_taken":8,"max_hp_gain":0,"max_hp_loss":0,"event_name":"FaceTrader","floor":3,"gold_loss":0},{"damage_healed":0,"gold_gain":0,"player_choice":"Entered Light","damage_taken":16,"max_hp_gain":0,"max_hp_loss":0,"event_name":"Shining Light","floor":5,"gold_loss":0,"cards_upgraded":["Strike_R","Strike_R"]}],"is_beta":false,"boss_relics":[],"items_purged_floors":[],"is_endless":false,"potions_floor_spawned":[2],"killed_by":"Exordium Thugs","ascension_level":11}