{"gold_per_floor":[118,136,136,25,25,52,70,70,119,147,159,159,159,192,192,192],"floor_reached":16,"playtime":428,"items_purged":[],"score":286,"play_id":"b96ab942-8da0-4e34-b4e6-edd51b9540f9","local_time":"20190122113755","is_ascension_mode":true,"campfire_choices":[{"data":"Neutralize","floor":8.0,"key":"SMITH"},{"floor":12.0,"key":"REST"},{"data":"Noxious Fumes","floor":15,"key":"SMITH"}],"neow_cost":"NONE","seed_source_timestamp":0,"circlet_count":0,"master_deck":["AscendersBane","Defend_G","Defend_G","Defend_G","Defend_G","Defend_G","Strike_G","Strike_G","Strike_G","Strike_G","Survivor+1","Neutralize+1","Deadly Poison","Quick Slash","Noxious Fumes+1","Deadly Poison","All Out Attack","Dodge and Roll","Calculated Gamble"],"special_seed":0,"relics":["Ring of the Snake","NeowsBlessing","Blood Vial","Happy Flower","Art of War","Smiling Mask"],"potions_floor_usage":[14,14,16],"damage_taken":[{"damage":0.0,"enemies":"Small Slimes","floor":1.0,"turns":1.0},{"damage":0.0,"enemies":"Jaw Worm","floor":2.0,"turns":1.0},{"damage":0.0,"enemies":"Lagavulin","floor":6.0,"turns":3.0},{"damage":0.0,"enemies":"Cultist","floor":7.0,"turns":3.0},{"damage":23.0,"enemies":"3 Sentries","floor":10.0,"turns":8.0},{"damage":10.0,"enemies":"3 Louse","floor":11.0,"turns":4.0},{"damage":8,"enemies":"Gremlin Nob","floor":14,"turns":3},{"damage":34,"enemies":"Slime Boss","floor":16,"turns":8}],"seed_played":"-2505507143774216964","potions_obtained":[{"floor":2.0,"key":"Strength Potion"},{"floor":11.0,"key":"AttackPotion"},{"floor":14,"key":"Dexterity Potion"}],"is_trial":false,"path_per_floor":["M","M","?","$","?","E","M","R","T","E","M","R","?","E","R","B"],"character_chosen":"THE_SILENT","items_purchased":["Noxious Fumes","Deadly Poison"],"campfire_rested":1,"item_purchase_floors":[4,4],"current_hp_per_floor":[59,59,39,39,39,39,41,41,41,20,12,31,31,25,25,0],"gold":192,"neow_bonus":"THREE_ENEMY_KILL","is_prod":false,"is_daily":false,"chose_seed":false,"campfire_upgraded":2,"win_rate":0,"timestamp":1548153475,"path_taken":["M","M","?","$","?","E","M","R","T","E","M","R","?","E","R","BOSS"],"build_version":"2019-01-17v2","purchased_purges":0,"victory":false,"max_hp_per_floor":[66,66,66,66,66,66,66,66,66,66,66,66,66,66,66,66],"card_choices":[{"not_picked":["Flying Knee","Backflip"],"picked":"Deadly Poison","floor":1.0},{"not_picked":["Dodge and Roll","Cloak And Dagger"],"picked":"Quick Slash","floor":2.0},{"not_picked":["Acrobatics","Dagger Throw","Blade Dance"],"picked":"SKIP","floor":6.0},{"not_picked":["Tactician","Quick Slash","Eviscerate"],"picked":"SKIP","floor":7.0},{"not_picked":["Blade Dance","Doppelganger","Deflect"],"picked":"SKIP","floor":10.0},{"not_picked":["Dagger Throw","Dagger Spray"],"picked":"All Out Attack","floor":11.0},{"not_picked":["Deflect","Sucker Punch"],"picked":"Calculated Gamble","floor":14}],"player_experience":1246949,"relics_obtained":[{"floor":6.0,"key":"Blood Vial"},{"floor":9.0,"key":"Happy Flower"},{"floor":10.0,"key":"Art of War"},{"floor":14,"key":"Smiling Mask"}],"event_choices":[{"damage_healed":0.0,"max_hp_gain":0.0,"max_hp_loss":0.0,"gold_gain":0.0,"event_name":"Shining Light","player_choice":"Entered Light","floor":3.0,"gold_loss":0.0,"damage_taken":20.0,"cards_upgraded":["Survivor","Strike_G"]},{"damage_healed":0.0,"max_hp_gain":0.0,"max_hp_loss":0.0,"gold_gain":0.0,"event_name":"The Cleric","player_choice":"Leave","floor":5.0,"gold_loss":0.0,"damage_taken":0.0},{"damage_healed":0.0,"max_hp_gain":0.0,"max_hp_loss":0.0,"gold_gain":0.0,"cards_transformed":["Strike_G"],"event_name":"Transmorgrifier","player_choice":"Transformed","floor":13.0,"gold_loss":0.0,"damage_taken":0.0,"cards_obtained":["Dodge and Roll"]}],"is_beta":false,"boss_relics":[],"items_purged_floors":[],"is_endless":false,"potions_floor_spawned":[2,11,14],"killed_by":"Slime Boss","ascension_level":20}