{"gold_per_floor":[119,119,133,146,165,197,197,210,234,234,218,218,218,249,249,369,369,383,67,92,111,135,171,49,49,49,49,49,49,49,72,72,200,200,216,230,25,45,45,45,64,64,110,110,110,128,78,6,6,6],"floor_reached":50,"playtime":4681,"items_purged":["Strike_R","Defend_R"],"score":472,"play_id":"2b014209-a33e-4c85-b1c0-003033fe2b63","local_time":"20190122034742","is_ascension_mode":false,"campfire_choices":[{"data":"Rage","floor":7,"key":"SMITH"},{"data":"Inflame","floor":10,"key":"SMITH"},{"floor":13,"key":"REST"},{"data":"Limit Break","floor":15,"key":"SMITH"},{"floor":25,"key":"REST"},{"floor":27,"key":"REST"},{"data":"Fire Breathing","floor":29,"key":"SMITH"},{"data":"Iron Wave","floor":32,"key":"SMITH"},{"data":"Madness","floor":40,"key":"SMITH"},{"data":"Madness","floor":42,"key":"SMITH"},{"data":"Pommel Strike","floor":44,"key":"SMITH"},{"data":"Pommel Strike","floor":49,"key":"SMITH"}],"neow_cost":"NONE","seed_source_timestamp":360797363400121,"circlet_count":0,"master_deck":["Strike_R","Strike_R","Strike_R","Defend_R","Defend_R","Bash","Finesse","Rage+1","Seeing Red+1","Headbutt","Cleave","Iron Wave+1","Inflame+1","Pommel Strike+1","Limit Break+1","Impervious","Fire Breathing+1","Cleave","Pommel Strike+1","Cleave","Flame Barrier+1","Pommel Strike+1","Reaper","Thunderclap","Seeing Red+1","Madness+1","Madness+1","Clash"],"relics":["Burning Blood","Lantern","Ancient Tea Set","Centennial Puzzle","Golden Idol","Vajra","Empty Cage","Mercury Hourglass","Ornamental Fan","War Paint","Sozu","Membership Card","Happy Flower","Blood Vial"],"potions_floor_usage":[6,21,23,33,33],"damage_taken":[{"damage":10,"enemies":"Jaw Worm","floor":1,"turns":5},{"damage":3,"enemies":"Cultist","floor":3,"turns":4},{"damage":0,"enemies":"Small Slimes","floor":4,"turns":4},{"damage":4,"enemies":"Blue Slaver","floor":5,"turns":3},{"damage":12,"enemies":"Lagavulin","floor":6,"turns":4},{"damage":4,"enemies":"2 Fungi Beasts","floor":8,"turns":3},{"damage":1,"enemies":"Exordium Thugs","floor":11,"turns":4},{"damage":14,"enemies":"Gremlin Nob","floor":14,"turns":3},{"damage":17,"enemies":"Slime Boss","floor":16,"turns":8},{"damage":0,"enemies":"Chosen","floor":18,"turns":4},{"damage":18,"enemies":"2 Thieves","floor":20,"turns":3},{"damage":21,"enemies":"Sentry and Sphere","floor":21,"turns":4},{"damage":9,"enemies":"Snake Plant","floor":22,"turns":4},{"damage":33,"enemies":"Gremlin Leader","floor":23,"turns":5},{"damage":8,"enemies":"Centurion and Healer","floor":31,"turns":4},{"damage":35,"enemies":"Automaton","floor":33,"turns":9},{"damage":9,"enemies":"Orb Walker","floor":35,"turns":4},{"damage":11,"enemies":"3 Darklings","floor":36,"turns":3},{"damage":10,"enemies":"Spire Growth","floor":38,"turns":2},{"damage":9,"enemies":"Sphere and 2 Shapes","floor":41,"turns":3},{"damage":8,"enemies":"Jaw Worm Horde","floor":46,"turns":3},{"damage":86,"enemies":"Awakened One","floor":50,"turns":8}],"seed_played":"-4589003639847680093","potions_obtained":[{"floor":1,"key":"BloodPotion"},{"floor":3,"key":"Poison Potion"},{"floor":5,"key":"AttackPotion"},{"floor":8,"key":"SpeedPotion"},{"floor":16,"key":"Block Potion"},{"floor":18,"key":"Energy Potion"},{"floor":22,"key":"SteroidPotion"}],"is_trial":false,"path_per_floor":["M","?","M","M","M","E","R","M","T","R","M","?","R","E","R","B",null,"M","$","M","M","M","E","$","R","T","R","?","R","?","M","R","B",null,"M","M","$","M","?","R","M","R","T","R","?","M","$","$","R","B"],"character_chosen":"IRONCLAD","items_purchased":["Mercury Hourglass","Cleave","Pommel Strike","Clash","Membership Card","Blood Vial"],"campfire_rested":3,"item_purchase_floors":[19,19,19,24,37,48],"current_hp_per_floor":[76,76,79,80,80,74,74,76,76,76,80,60,80,72,72,61,80,80,80,68,53,50,23,23,47,47,71,71,71,71,69,69,64,80,77,80,80,76,66,66,63,63,63,63,63,72,72,72,72,0],"gold":6,"neow_bonus":"RANDOM_COLORLESS","is_prod":false,"is_daily":false,"chose_seed":false,"campfire_upgraded":9,"win_rate":0.0,"timestamp":1548103662,"path_taken":["M","?","?","M","M","E","R","M","T","R","?","?","R","E","R","BOSS","M","$","M","M","M","E","$","R","T","R","?","R","?","M","R","BOSS","M","M","$","M","?","R","M","R","T","R","?","M","?","$","R","BOSS"],"build_version":"2018-12-4","purchased_purges":2,"victory":false,"max_hp_per_floor":[80,80,80,80,80,80,80,80,80,80,80,80,80,80,80,80,80,80,80,80,80,80,80,80,80,80,80,80,80,80,80,80,80,80,80,80,80,80,80,80,80,80,80,80,80,80,80,80,80,80],"card_choices":[{"not_picked":["Clothesline","Warcry"],"picked":"Rage","floor":1},{"not_picked":["Body Slam","Perfected Strike"],"picked":"Seeing Red","floor":3},{"not_picked":["Corruption","Hemokinesis"],"picked":"Headbutt","floor":4},{"not_picked":["Disarm","Hemokinesis"],"picked":"Cleave","floor":5},{"not_picked":["Hemokinesis","Burning Pact"],"picked":"Iron Wave","floor":6},{"not_picked":["Corruption","Hemokinesis"],"picked":"Inflame","floor":8},{"not_picked":["Bloodletting","Clothesline"],"picked":"Pommel Strike","floor":11},{"not_picked":["Rupture","Corruption"],"picked":"Limit Break","floor":14},{"not_picked":["Feed","Fiend Fire"],"picked":"Impervious","floor":16},{"not_picked":["Clash","Battle Trance"],"picked":"Fire Breathing","floor":18},{"not_picked":["Dropkick","Combust","Iron Wave+1"],"picked":"SKIP","floor":20},{"not_picked":["Dropkick","Corruption"],"picked":"Cleave","floor":21},{"not_picked":["Corruption+1","Thunderclap+1"],"picked":"Flame Barrier","floor":22},{"not_picked":["Intimidate","Clothesline"],"picked":"Pommel Strike+1","floor":23},{"not_picked":["Clothesline+1","Heavy Blade","Double Tap"],"picked":"SKIP","floor":31},{"not_picked":["Clothesline","Perfected Strike"],"picked":"Thunderclap","floor":35},{"not_picked":["Combust","Clothesline"],"picked":"Seeing Red+1","floor":36},{"not_picked":["Headbutt+1","Body Slam","Feed"],"picked":"SKIP","floor":38},{"not_picked":["Sword Boomerang+1","Warcry+1"],"picked":"Clash","floor":41},{"not_picked":["Infernal Blade+1","Metallicize","Cleave+1"],"picked":"SKIP","floor":46}],"player_experience":7723,"relics_obtained":[{"floor":6,"key":"Ancient Tea Set"},{"floor":9,"key":"Centennial Puzzle"},{"floor":14,"key":"Vajra"},{"floor":23,"key":"Ornamental Fan"},{"floor":26,"key":"War Paint"},{"floor":43,"key":"Happy Flower"}],"event_choices":[{"damage_healed":0,"gold_gain":0,"player_choice":"Gave Potion","damage_taken":0,"relics_obtained":["Lantern"],"max_hp_gain":0,"max_hp_loss":0,"event_name":"WeMeetAgain","floor":2,"gold_loss":0},{"damage_healed":0,"gold_gain":0,"player_choice":"Take Damage","damage_taken":20,"relics_obtained":["Golden Idol"],"max_hp_gain":0,"max_hp_loss":0,"event_name":"Golden Idol","floor":12,"gold_loss":0},{"damage_healed":0,"gold_gain":0,"player_choice":"Read","damage_taken":0,"max_hp_gain":0,"max_hp_loss":0,"event_name":"The Library","floor":30,"gold_loss":0,"cards_obtained":["Reaper"]},{"damage_healed":0,"gold_gain":0,"player_choice":"Embrace Madness","damage_taken":10,"max_hp_gain":0,"max_hp_loss":0,"event_name":"Winding Halls","floor":39,"gold_loss":0,"cards_obtained":["Madness","Madness"]},{"cards_removed":["Clash"],"damage_healed":0,"gold_gain":0,"player_choice":"Removed Attack","damage_taken":0,"max_hp_gain":0,"max_hp_loss":0,"event_name":"Falling","floor":45,"gold_loss":0}],"is_beta":true,"boss_relics":[{"not_picked":["White Beast Statue","Busted Crown"],"picked":"Empty Cage"},{"not_picked":["Velvet Choker","Runic Dome"],"picked":"Sozu"}],"items_purged_floors":[24,47],"is_endless":false,"potions_floor_spawned":[1,3,5,8,16,18,20,22,35,38,46],"killed_by":"Awakened One","ascension_level":0}