{"gold_per_floor":[110,124,136,49,49,82,82,98,125,151,161,161,161,174,174,270,270,283,29,49,49,49,49,76,76,76,92,92,122,72,82,82,180,180,191,191,13,13,26,26,51,51,76,123,151,151,176,188,188,188],"floor_reached":51,"playtime":3098,"items_purged":["Strike_B","Strike_B"],"score":1147,"play_id":"2bd2aa00-fb81-4e21-a2d0-990a81710e66","local_time":"20190419033810","is_ascension_mode":true,"campfire_choices":[{"data":"Consume","floor":7,"key":"SMITH"},{"data":"Coolheaded","floor":12,"key":"SMITH"},{"floor":15,"key":"REST"},{"data":"Capacitor","floor":23,"key":"SMITH"},{"data":"Reprogram","floor":25,"key":"SMITH"},{"data":"Electrodynamics","floor":28,"key":"SMITH"},{"floor":32,"key":"REST"},{"floor":40,"key":"REST"},{"floor":42,"key":"REST"},{"floor":49,"key":"REST"}],"neow_cost":"NONE","seed_source_timestamp":49654110046391,"circlet_count":0,"master_deck":["AscendersBane","Defend_B","Defend_B","Defend_B","Zap","Dualcast","Genetic Algorithm","Gash","Compile Driver","Gash","Consume+1","Cold Snap","BootSequence","Coolheaded+1","Undo","Reprogram+1","Electrodynamics+1","Ball Lightning+1","Capacitor+1","Gash","Compile Driver","Conserve Battery+1","Reprogram+1","Core Surge","Skim","Echo Form+1","Gash+1","Seek","Coolheaded+1","Writhe","Coolheaded+1","Go for the Eyes+1","Seek","Compile Driver+1"],"relics":["Cracked Core","Orichalcum","Regal Pillow","Bag of Preparation","Cursed Key","Lantern","Frozen Egg 2","Fusion Hammer","Blood Vial","Dream Catcher","Gambling Chip","DataDisk","Prayer Wheel"],"potions_floor_usage":[16,24,29,50,50],"damage_taken":[{"damage":2,"enemies":"Jaw Worm","floor":1,"turns":4},{"damage":1,"enemies":"Cultist","floor":2,"turns":3},{"damage":9,"enemies":"2 Louse","floor":3,"turns":3},{"damage":24,"enemies":"3 Sentries","floor":6,"turns":8},{"damage":5,"enemies":"2 Fungi Beasts","floor":8,"turns":4},{"damage":18,"enemies":"Lagavulin","floor":10,"turns":7},{"damage":1,"enemies":"Looter","floor":11,"turns":3},{"damage":0,"enemies":"Red Slaver","floor":14,"turns":4},{"damage":19,"enemies":"Slime Boss","floor":16,"turns":15},{"damage":2,"enemies":"3 Byrds","floor":18,"turns":4},{"damage":0,"enemies":"Chosen","floor":20,"turns":4},{"damage":11,"enemies":"Book of Stabbing","floor":24,"turns":6},{"damage":11,"enemies":"Snake Plant","floor":27,"turns":6},{"damage":14,"enemies":"Slavers","floor":29,"turns":3},{"damage":0,"enemies":"Snecko","floor":31,"turns":4},{"damage":27,"enemies":"Automaton","floor":33,"turns":9},{"damage":0,"enemies":"3 Darklings","floor":35,"turns":3},{"damage":4,"enemies":"3 Shapes","floor":39,"turns":4},{"damage":6,"enemies":"Nemesis","floor":41,"turns":7},{"damage":15,"enemies":"2 Orb Walkers","floor":44,"turns":6},{"damage":23,"enemies":"Giant Head","floor":45,"turns":8},{"damage":12,"enemies":"Nemesis","floor":47,"turns":8},{"damage":4,"enemies":"Writhing Mass","floor":48,"turns":5},{"damage":24,"enemies":"Awakened One","floor":50,"turns":10}],"seed_played":"2054341066245570796","potions_obtained":[{"floor":1,"key":"LiquidBronze"},{"floor":2,"key":"EssenceOfSteel"},{"floor":6,"key":"Weak Potion"},{"floor":16,"key":"Block Potion"},{"floor":33,"key":"Block Potion"},{"floor":41,"key":"GamblersBrew"}],"is_trial":false,"path_per_floor":["M","M","M","$","?","E","R","M","T","E","M","R","?","M","R","B",null,"M","$","M","?","?","R","E","R","T","M","R","E","?","M","R","B",null,"M","?","$","?","M","R","E","R","T","?","E","?","E","M","R","B",null],"character_chosen":"DEFECT","items_purchased":["Gash","Consume","Capacitor","Gash","Compile Driver","Seek"],"campfire_rested":5,"item_purchase_floors":[4,4,19,19,19,37],"current_hp_per_floor":[73,72,63,63,63,39,39,34,34,16,15,15,15,15,54,35,70,68,68,68,68,52,52,41,41,41,30,30,16,16,16,57,30,73,73,73,73,73,69,87,81,87,87,72,51,51,41,39,78,56],"gold":188,"neow_bonus":"TEN_PERCENT_HP_BONUS","is_prod":false,"is_daily":false,"chose_seed":false,"campfire_upgraded":5,"win_rate":0,"timestamp":1555655890,"path_taken":["M","M","M","$","?","E","R","?","T","E","M","R","?","M","R","BOSS","M","$","M","?","?","R","E","R","T","M","R","E","?","M","R","BOSS","M","?","$","?","?","R","E","R","T","?","E","?","E","M","R","BOSS"],"build_version":"2019-01-23","purchased_purges":2,"victory":true,"max_hp_per_floor":[82,82,82,82,82,82,82,82,82,82,82,82,82,82,82,82,82,82,82,82,82,87,87,87,87,87,87,87,87,87,87,87,87,87,87,87,87,87,87,87,87,87,87,87,87,83,83,83,83,83],"card_choices":[{"not_picked":["Compile Driver","Auto Shields"],"picked":"Genetic Algorithm","floor":1},{"not_picked":["Coolheaded","Reprogram"],"picked":"Gash","floor":2},{"not_picked":["Streamline","Reinforced Body"],"picked":"Compile Driver","floor":3},{"not_picked":["Conserve Battery","Ball Lightning"],"picked":"BootSequence","floor":6},{"not_picked":["Creative AI","Conserve Battery"],"picked":"Coolheaded","floor":8},{"not_picked":["BootSequence","Conserve Battery","Tempest"],"picked":"SKIP","floor":10},{"not_picked":["Conserve Battery","Barrage"],"picked":"Undo","floor":11},{"not_picked":["Go for the Eyes","Blizzard"],"picked":"Reprogram","floor":14},{"not_picked":["Machine Learning","Seek"],"picked":"Electrodynamics","floor":16},{"not_picked":["Fusion","Consume"],"picked":"Ball Lightning+1","floor":18},{"not_picked":["Stack","Chaos"],"picked":"Conserve Battery+1","floor":20},{"not_picked":["Stack","Aggregate","Turbo"],"picked":"SKIP","floor":24},{"not_picked":["Rebound","Cold Snap"],"picked":"Reprogram+1","floor":27},{"not_picked":["Turbo","Scrape"],"picked":"Core Surge","floor":29},{"not_picked":["Go for the Eyes","Stack"],"picked":"Skim","floor":31},{"not_picked":["Fission","Buffer+1"],"picked":"Echo Form+1","floor":33},{"not_picked":["Beam Cell","Rip and Tear+1"],"picked":"Gash+1","floor":35},{"not_picked":["Redo","Melter+1"],"picked":"Coolheaded+1","floor":39},{"not_picked":["Barrage+1","Ball Lightning+1","Rebound"],"picked":"SKIP","floor":41},{"not_picked":["Skim+1","Cold Snap+1"],"picked":"Coolheaded+1","floor":44},{"not_picked":["Chill","Ball Lightning"],"picked":"Go for the Eyes+1","floor":45},{"not_picked":["Turbo+1","Leap+1","Ball Lightning"],"picked":"SKIP","floor":47},{"not_picked":["Conserve Battery+1","Streamline+1"],"picked":"Seek","floor":48},{"not_picked":["Recycle","Barrage+1"],"picked":"Compile Driver+1","floor":48}],"player_experience":662183,"relics_obtained":[{"floor":6,"key":"Orichalcum"},{"floor":9,"key":"Regal Pillow"},{"floor":10,"key":"Bag of Preparation"},{"floor":24,"key":"Lantern"},{"floor":29,"key":"Frozen Egg 2"},{"floor":41,"key":"Blood Vial"},{"floor":43,"key":"Dream Catcher"},{"floor":44,"key":"Gambling Chip"},{"floor":45,"key":"DataDisk"},{"floor":47,"key":"Prayer Wheel"}],"event_choices":[{"damage_healed":0,"gold_gain":0,"cards_transformed":["Strike_B"],"player_choice":"Transformed","damage_taken":0,"max_hp_gain":0,"max_hp_loss":0,"event_name":"Transmorgrifier","floor":5,"gold_loss":0,"cards_obtained":["Cold Snap"]},{"damage_healed":0,"gold_gain":0,"player_choice":"Ignored","damage_taken":0,"max_hp_gain":0,"max_hp_loss":0,"event_name":"Liars Game","floor":13,"gold_loss":0},{"damage_healed":0,"gold_gain":0,"player_choice":"Ignored","damage_taken":0,"max_hp_gain":0,"max_hp_loss":0,"event_name":"The Mausoleum","floor":21,"gold_loss":0},{"damage_healed":0,"gold_gain":0,"player_choice":"Shed Blood","damage_taken":21,"max_hp_gain":5,"max_hp_loss":0,"event_name":"Forgotten Altar","floor":22,"gold_loss":0},{"damage_healed":0,"gold_gain":0,"player_choice":"Bet on Murderer","damage_taken":0,"max_hp_gain":0,"max_hp_loss":0,"event_name":"The Joust","floor":30,"gold_loss":50},{"cards_removed":["Defend_B"],"damage_healed":0,"gold_gain":0,"player_choice":"Removed Skill","damage_taken":0,"max_hp_gain":0,"max_hp_loss":0,"event_name":"Falling","floor":36,"gold_loss":0},{"cards_removed":["Strike_B"],"damage_healed":0,"gold_gain":0,"player_choice":"Offered Basic","damage_taken":0,"max_hp_gain":0,"max_hp_loss":0,"event_name":"Bonfire Elementals","floor":38,"gold_loss":0},{"damage_healed":0,"gold_gain":0,"player_choice":"Fight","damage_taken":0,"max_hp_gain":0,"max_hp_loss":0,"event_name":"Mysterious Sphere","floor":44,"gold_loss":0},{"damage_healed":0,"gold_gain":0,"player_choice":"Max HP","damage_taken":0,"max_hp_gain":0,"max_hp_loss":4,"event_name":"Winding Halls","floor":46,"gold_loss":0}],"is_beta":false,"boss_relics":[{"not_picked":["Lizard Tail","Black Star"],"picked":"Cursed Key"},{"not_picked":["Empty Cage","Busted Crown"],"picked":"Fusion Hammer"}],"items_purged_floors":[19,37],"is_endless":false,"potions_floor_spawned":[1,2,6,16,18,20,33,41,45,48],"ascension_level":10}