{"gold_per_floor":[115,132,54,66,81,81,106,33,33,47,47,47,62,81,81,160,160,170,170,19,19,32,32,43,43,125,125,135,185,185,185],"floor_reached":31,"playtime":1572,"items_purged":["Strike_G"],"score":474,"play_id":"8b890cf5-2d83-49cb-b462-4ad25a895a38","local_time":"20181221155815","is_ascension_mode":true,"campfire_choices":[{"data":"Dagger Spray","floor":6.0,"key":"SMITH"},{"data":"Bouncing Flask","floor":12.0,"key":"SMITH"},{"floor":15,"key":"REST"},{"data":"Burst","floor":23,"key":"SMITH"},{"floor":25,"key":"REST"},{"floor":30,"key":"REST"}],"neow_cost":"CURSE","seed_source_timestamp":0,"circlet_count":0,"master_deck":["AscendersBane","Defend_G","Defend_G","Defend_G","Defend_G","Defend_G","Strike_G","Strike_G","Strike_G","Strike_G","Survivor","Neutralize","Decay","Bouncing Flask+1","Predator","Footwork","Dagger Spray+1","Backstab","PiercingWail","Bane+1","Backflip","Poisoned Stab+1","Burst+1","Blade Dance","Footwork","Cloak And Dagger","Sucker Punch+1","Crippling Poison+1"],"special_seed":0,"relics":["Ring of the Serpent","Gambling Chip","Molten Egg 2","Kunai","Sundial","Darkstone Periapt"],"potions_floor_usage":[24,31,31],"damage_taken":[{"damage":0.0,"enemies":"Cultist","floor":1.0,"turns":4.0},{"damage":0.0,"enemies":"Jaw Worm","floor":2.0,"turns":4.0},{"damage":0.0,"enemies":"2 Louse","floor":4.0,"turns":3.0},{"damage":6.0,"enemies":"Blue Slaver","floor":5.0,"turns":4.0},{"damage":22.0,"enemies":"Gremlin Nob","floor":7.0,"turns":4.0},{"damage":4.0,"enemies":"Exordium Thugs","floor":10.0,"turns":4.0},{"damage":2,"enemies":"Large Slime","floor":13,"turns":6},{"damage":4,"enemies":"Looter","floor":14,"turns":4},{"damage":21,"enemies":"Hexaghost","floor":16,"turns":7},{"damage":0,"enemies":"Spheric Guardian","floor":18,"turns":2},{"damage":18,"enemies":"Shell Parasite","floor":22,"turns":10},{"damage":15,"enemies":"Centurion and Healer","floor":24,"turns":16},{"damage":19,"enemies":"Cultist and Chosen","floor":28,"turns":9},{"damage":31,"enemies":"Gremlin Leader","floor":31,"turns":4}],"seed_played":"4093497482470630906","potions_obtained":[{"floor":2.0,"key":"GhostInAJar"},{"floor":5.0,"key":"GamblersBrew"},{"floor":22,"key":"PowerPotion"},{"floor":24,"key":"GamblersBrew"}],"is_trial":false,"path_per_floor":["M","M","$","M","M","R","E","?","T","M","?","R","M","M","R","B",null,"M","?","$","?","M","R","M","R","T","T","M","?","R","E"],"character_chosen":"THE_SILENT","items_purchased":["Footwork","Footwork"],"campfire_rested":3,"item_purchase_floors":[3,20],"current_hp_per_floor":[59,59,59,59,53,53,31,31,31,27,27,27,25,21,40,19,54,54,54,54,36,18,18,3,24,24,24,5,5,26,0],"gold":185,"neow_bonus":"ONE_RARE_RELIC","is_prod":false,"is_daily":false,"chose_seed":false,"campfire_upgraded":3,"win_rate":0,"timestamp":1545404295,"path_taken":["M","?","$","M","M","R","E","?","T","M","?","R","M","M","R","BOSS","M","?","?","?","M","R","M","R","T","?","?","?","R","E"],"build_version":"2018-12-20","purchased_purges":1,"victory":false,"max_hp_per_floor":[66,66,66,66,66,66,66,66,66,66,66,66,66,66,66,66,66,66,66,66,71,71,71,71,71,71,71,71,71,71,71],"card_choices":[{"not_picked":["Flying Knee","Outmaneuver"],"picked":"Bouncing Flask","floor":1.0},{"not_picked":["Blade Dance","Flechettes"],"picked":"Predator","floor":2.0},{"not_picked":["Quick Slash","Reflex"],"picked":"Dagger Spray","floor":4.0},{"not_picked":["Acrobatics","Dagger Throw"],"picked":"Backstab","floor":5.0},{"not_picked":["Sucker Punch","Dodge and Roll"],"picked":"PiercingWail","floor":7.0},{"not_picked":["Envenom","Dagger Spray+1"],"picked":"Bane+1","floor":10.0},{"not_picked":["Dagger Spray+1","Sucker Punch+1"],"picked":"Backflip","floor":13},{"not_picked":["Acrobatics","Dagger Throw+1"],"picked":"Poisoned Stab+1","floor":14},{"not_picked":["Tools of the Trade","Envenom"],"picked":"Burst","floor":16},{"not_picked":["Dagger Spray+1","Deflect"],"picked":"Blade Dance","floor":18},{"not_picked":["Slice+1","Dagger Throw+1"],"picked":"Cloak And Dagger","floor":22},{"not_picked":["Deadly Poison","Skewer+1"],"picked":"Sucker Punch+1","floor":24},{"not_picked":["Dodge and Roll","Poisoned Stab+1"],"picked":"Crippling Poison+1","floor":28}],"player_experience":1002992,"relics_obtained":[{"floor":7.0,"key":"Molten Egg 2"},{"floor":9.0,"key":"Kunai"},{"floor":26,"key":"Sundial"},{"floor":27,"key":"Darkstone Periapt"}],"event_choices":[{"damage_healed":0.0,"max_hp_gain":0.0,"max_hp_loss":0.0,"gold_gain":0.0,"event_name":"World of Goop","player_choice":"Left Gold","floor":8.0,"gold_loss":73.0,"damage_taken":0.0},{"damage_healed":0.0,"max_hp_gain":0.0,"max_hp_loss":0.0,"gold_gain":0.0,"event_name":"Liars Game","player_choice":"Ignored","floor":11.0,"gold_loss":0.0,"damage_taken":0.0},{"damage_healed":0,"gold_gain":0,"player_choice":"0 cards matched","damage_taken":0,"max_hp_gain":0,"max_hp_loss":0,"event_name":"Match and Keep!","floor":19,"gold_loss":0,"cards_obtained":[]},{"damage_healed":0,"gold_gain":0,"player_choice":"Shed Blood","damage_taken":23,"max_hp_gain":5,"max_hp_loss":0,"event_name":"Forgotten Altar","floor":21,"gold_loss":0},{"damage_healed":0,"gold_gain":50,"player_choice":"Stole From Cult","damage_taken":0,"max_hp_gain":0,"max_hp_loss":0,"event_name":"Nest","floor":29,"gold_loss":0}],"is_beta":false,"boss_relics":[{"not_picked":["Runic Pyramid","Lizard Tail"],"picked":"Ring of the Serpent"}],"items_purged_floors":[20],"is_endless":false,"potions_floor_spawned":[2,5,14,22,24],"killed_by":"Gremlin Leader","ascension_level":20}