{"gold_per_floor":[119,135,55,65,75,75,109,52,52,86,86,105,105,180,180,308,308,331,331,17,17,17,17,61,85,110,126,165,17,33,77,77,197,197,212,212,233,247,270,314,314,333,403,403,422,438,11,77,77,77],"floor_reached":51,"playtime":15052,"items_purged":["Injury"],"score":1130,"play_id":"ae20adc2-e6d6-491c-b959-eef906d975b9","local_time":"20190325224226","is_ascension_mode":true,"campfire_choices":[{"data":"Genetic Algorithm","floor":6,"key":"SMITH"},{"floor":15,"key":"REST"},{"data":"Loop","floor":23,"key":"SMITH"},{"floor":32,"key":"REST"},{"floor":41,"key":"REST"},{"floor":49,"key":"REST"}],"neow_cost":"NONE","seed_source_timestamp":671559281770300,"circlet_count":0,"master_deck":["AscendersBane","Strike_B","Strike_B","Strike_B","Strike_B","Defend_B","Defend_B","Defend_B","Defend_B","Zap","Dualcast","Coolheaded","Leap","Glacier","Ball Lightning","Genetic Algorithm+1","Core Surge","Loop+1","Compile Driver","Cold Snap","Electrodynamics","Coolheaded","Defragment","Defragment","Hologram","Self Repair","RitualDagger","Stack+1","Genetic Algorithm+1","Heatsinks","Loop","Defragment","White Noise","Doom and Gloom","Compile Driver","FTL+1","Echo Form","Redo+1","Reinforced Body+1","Rainbow","Turbo+1","Turbo+1","Machine Learning+1","Hologram","Double Energy+1","Echo Form+1","Reboot","Turbo","All For One"],"relics":["Cracked Core","The Courier","Torii","Emotion Chip","Golden Idol","Nuclear Battery","PreservedInsect","Runic Capacitor","Regal Pillow","Art of War","Dead Branch","Bottled Lightning","Inserter","Frozen Egg 2","Medical Kit","Unceasing Top"],"potions_floor_usage":[7,10,18,28,28,35,39,45,46,48],"damage_taken":[{"damage":1,"enemies":"Cultist","floor":1,"turns":3},{"damage":8,"enemies":"2 Louse","floor":2,"turns":4},{"damage":5,"enemies":"Small Slimes","floor":4,"turns":6},{"damage":0,"enemies":"3 Louse","floor":5,"turns":4},{"damage":12,"enemies":"Lagavulin","floor":7,"turns":9},{"damage":19,"enemies":"Gremlin Nob","floor":10,"turns":7},{"damage":1,"enemies":"2 Fungi Beasts","floor":12,"turns":3},{"damage":38,"enemies":"Hexaghost","floor":16,"turns":16},{"damage":8,"enemies":"3 Byrds","floor":18,"turns":3},{"damage":31,"enemies":"Slavers","floor":24,"turns":2},{"damage":1,"enemies":"Chosen","floor":25,"turns":5},{"damage":11,"enemies":"Snecko","floor":27,"turns":7},{"damage":2,"enemies":"Book of Stabbing","floor":28,"turns":6},{"damage":10,"enemies":"Cultist and Chosen","floor":30,"turns":5},{"damage":27,"enemies":"Slavers","floor":31,"turns":4},{"damage":9,"enemies":"Automaton","floor":33,"turns":18},{"damage":36,"enemies":"3 Darklings","floor":35,"turns":6},{"damage":9,"enemies":"3 Shapes","floor":37,"turns":2},{"damage":10,"enemies":"Jaw Worm Horde","floor":38,"turns":6},{"damage":0,"enemies":"Maw","floor":39,"turns":7},{"damage":36,"enemies":"Nemesis","floor":40,"turns":7},{"damage":0,"enemies":"3 Darklings","floor":42,"turns":5},{"damage":15,"enemies":"Spire Growth","floor":45,"turns":5},{"damage":10,"enemies":"4 Shapes","floor":46,"turns":4},{"damage":29,"enemies":"2 Orb Walkers","floor":48,"turns":8},{"damage":63,"enemies":"Time Eater","floor":50,"turns":10}],"seed_played":"5548023581526525446","potions_obtained":[{"floor":1,"key":"Dexterity Potion"},{"floor":7,"key":"LiquidBronze"},{"floor":12,"key":"Explosive Potion"},{"floor":16,"key":"Poison Potion"},{"floor":18,"key":"SpeedPotion"},{"floor":28,"key":"Dexterity Potion"},{"floor":30,"key":"Ancient Potion"},{"floor":37,"key":"Dexterity Potion"},{"floor":39,"key":"Strength Potion"},{"floor":45,"key":"SteroidPotion"},{"floor":46,"key":"PowerPotion"}],"is_trial":false,"path_per_floor":["M","M","$","M","M","R","E","$","T","E","?","M","?","?","R","B",null,"M","?","$","?","?","R","E","M","T","M","E","$","M","E","R","B",null,"M","?","M","M","M","E","R","M","T","?","M","M","$","?","R","B",null],"character_chosen":"DEFECT","items_purchased":["Glacier","Loop","Runic Capacitor","Defragment","Defragment","Hologram","Defragment","White Noise","Doom and Gloom","Echo Form+1","Reboot","Turbo","Medical Kit"],"campfire_rested":4,"item_purchase_floors":[3,8,20,20,20,20,29,29,29,47,47,47,47],"current_hp_per_floor":[74,66,66,61,61,61,49,49,49,30,57,56,56,45,69,31,69,61,61,61,61,55,55,31,37,37,33,38,38,28,8,47,45,73,44,44,42,39,46,10,49,63,63,63,55,45,45,30,69,20],"gold":77,"neow_bonus":"TEN_PERCENT_HP_BONUS","is_prod":false,"is_daily":false,"chose_seed":false,"campfire_upgraded":2,"win_rate":0,"timestamp":1553578946,"path_taken":["M","M","$","M","?","R","E","$","T","E","?","M","?","?","R","BOSS","M","?","$","?","?","R","E","M","T","?","E","$","?","E","R","BOSS","M","?","?","M","M","E","R","M","T","?","M","?","$","?","R","BOSS"],"build_version":"2019-03-15","purchased_purges":1,"victory":true,"max_hp_per_floor":[82,82,82,82,82,82,82,82,82,82,82,82,82,82,82,82,82,82,82,82,82,82,82,82,82,82,82,82,82,82,82,82,82,82,82,82,82,82,82,82,82,82,82,82,82,82,82,82,82,82],"card_choices":[{"not_picked":["Auto Shields","Conserve Battery"],"picked":"Coolheaded","floor":1},{"not_picked":["Stack","Aggregate"],"picked":"Leap","floor":2},{"not_picked":["Rebound","Recycle"],"picked":"Ball Lightning","floor":4},{"not_picked":["Chaos","Rip and Tear"],"picked":"Genetic Algorithm","floor":5},{"not_picked":["Rebound","Go for the Eyes"],"picked":"Core Surge","floor":7},{"not_picked":["Double Energy","Rebound"],"picked":"Compile Driver","floor":10},{"not_picked":["Turbo","Barrage"],"picked":"Cold Snap","floor":12},{"not_picked":["All For One","Fission"],"picked":"Electrodynamics","floor":16},{"not_picked":["Hologram","Recycle"],"picked":"Coolheaded","floor":18},{"not_picked":["Coolheaded","Darkness"],"picked":"Stack+1","floor":24},{"not_picked":["Streamline","Ball Lightning"],"picked":"Genetic Algorithm+1","floor":25},{"not_picked":["Leap","Hello World+1"],"picked":"Heatsinks","floor":27},{"not_picked":["Scrape","Stack+1"],"picked":"Loop","floor":28},{"not_picked":["Chaos","Cold Snap"],"picked":"Compile Driver","floor":30},{"not_picked":["Conserve Battery","Compile Driver"],"picked":"FTL+1","floor":31},{"not_picked":["Electrodynamics","Meteor Strike"],"picked":"Echo Form","floor":33},{"not_picked":["Blizzard+1","Beam Cell"],"picked":"Redo+1","floor":35},{"not_picked":["Beam Cell+1","Redo+1"],"picked":"Reinforced Body+1","floor":37},{"not_picked":["Turbo","Barrage+1"],"picked":"Rainbow","floor":38},{"not_picked":["Steam+1","Streamline+1"],"picked":"Turbo+1","floor":39},{"not_picked":["Fusion+1","Amplify"],"picked":"Turbo+1","floor":40},{"not_picked":["Hologram","Streamline","Beam Cell"],"picked":"SKIP","floor":42},{"not_picked":["Turbo","Gash+1","Go for the Eyes"],"picked":"SKIP","floor":45},{"not_picked":["Barrage+1","White Noise"],"picked":"Double Energy+1","floor":46},{"not_picked":["Rip and Tear","Aggregate+1"],"picked":"All For One","floor":48}],"player_experience":640757,"relics_obtained":[{"floor":7,"key":"The Courier"},{"floor":9,"key":"Torii"},{"floor":10,"key":"Emotion Chip"},{"floor":24,"key":"Regal Pillow"},{"floor":26,"key":"Art of War"},{"floor":28,"key":"Dead Branch"},{"floor":31,"key":"Bottled Lightning"},{"floor":40,"key":"Frozen Egg 2"},{"floor":48,"key":"Unceasing Top"}],"event_choices":[{"damage_healed":27,"gold_gain":0,"player_choice":"Banana","damage_taken":0,"max_hp_gain":0,"max_hp_loss":0,"event_name":"Big Fish","floor":11,"gold_loss":0},{"damage_healed":0,"gold_gain":0,"player_choice":"Take Wound","damage_taken":0,"relics_obtained":["Golden Idol"],"max_hp_gain":0,"max_hp_loss":0,"event_name":"Golden Idol","floor":13,"gold_loss":0,"cards_obtained":["Injury"]},{"damage_healed":0,"gold_gain":75,"player_choice":"Gather Gold","damage_taken":11,"max_hp_gain":0,"max_hp_loss":0,"event_name":"World of Goop","floor":14,"gold_loss":0},{"damage_healed":0,"gold_gain":0,"player_choice":"Opened","damage_taken":0,"relics_obtained":["PreservedInsect"],"max_hp_gain":0,"max_hp_loss":0,"event_name":"The Mausoleum","floor":19,"gold_loss":0,"cards_obtained":["Writhe"]},{"damage_healed":0,"gold_gain":0,"player_choice":"Read","damage_taken":0,"max_hp_gain":0,"max_hp_loss":0,"event_name":"The Library","floor":21,"gold_loss":0,"cards_obtained":["Self Repair"]},{"damage_healed":0,"gold_gain":0,"player_choice":"Joined the Cult","damage_taken":6,"max_hp_gain":0,"max_hp_loss":0,"event_name":"Nest","floor":22,"gold_loss":0,"cards_obtained":["RitualDagger"]},{"cards_removed":["Writhe"],"damage_healed":0,"gold_gain":0,"player_choice":"Purged","damage_taken":0,"max_hp_gain":0,"max_hp_loss":0,"event_name":"Purifier","floor":36,"gold_loss":0},{"damage_healed":0,"gold_gain":0,"player_choice":"2 cards matched","damage_taken":0,"max_hp_gain":0,"max_hp_loss":0,"event_name":"Match and Keep!","floor":44,"gold_loss":0,"cards_obtained":["Machine Learning","Hologram"]},{"damage_healed":0,"gold_gain":0,"player_choice":"Fight","damage_taken":0,"max_hp_gain":0,"max_hp_loss":0,"event_name":"Mysterious Sphere","floor":48,"gold_loss":0}],"is_beta":true,"boss_relics":[{"not_picked":["Velvet Choker","Astrolabe"],"picked":"Nuclear Battery"},{"not_picked":["Black Star","Orrery"],"picked":"Inserter"}],"items_purged_floors":[47],"is_endless":false,"potions_floor_spawned":[1,7,12,16,18,28,30,31,37,38,39,45,46],"ascension_level":11}