{"gold_per_floor":[213,229,86,86,100,100,125,125,151,151,176,189,189,204,204,300,300,313,325,345,345,10,10,40,40,40,40,74,2,22,40,40,138,138,150,164,214,231,231,256,256,266,289,289,323,323,340,24,24,24],"floor_reached":51,"playtime":3028,"items_purged":["Defend_R","Strike_R"],"score":1011,"play_id":"c8380344-1fe7-4b64-8a04-df7f471c5acf","local_time":"20190412211403","is_ascension_mode":true,"campfire_choices":[{"data":"Searing Blow","floor":6,"key":"SMITH"},{"data":"Searing Blow+1","floor":8,"key":"SMITH"},{"data":"Searing Blow+2","floor":10,"key":"SMITH"},{"data":"Searing Blow+3","floor":13,"key":"SMITH"},{"data":"Rupture","floor":15,"key":"SMITH"},{"data":"Searing Blow+4","floor":23,"key":"SMITH"},{"data":"Searing Blow+5","floor":25,"key":"SMITH"},{"data":"Searing Blow+6","floor":27,"key":"SMITH"},{"data":"Searing Blow+7","floor":32,"key":"SMITH"},{"data":"Brutality","floor":41,"key":"SMITH"},{"data":"Searing Blow+8","floor":44,"key":"SMITH"},{"data":"Searing Blow+9","floor":46,"key":"SMITH"},{"data":"Searing Blow+10","floor":49,"key":"SMITH"}],"neow_cost":"NONE","seed_source_timestamp":114001662679410,"circlet_count":0,"master_deck":["Strike_R","Strike_R","Strike_R","Strike_R","Defend_R","Defend_R","Defend_R","Bash","Rage","Battle Trance","Searing Blow+11","Bash","Shrug It Off","Brutality+1","Rage","Rupture+1","Fiend Fire+1","Whirlwind+1","J.A.X.","Violence","Shockwave+1","Exhume","Violence"],"relics":["Burning Blood","Oddly Smooth Stone","Centennial Puzzle","Potion Belt","Coffee Dripper","Whetstone","Nunchaku","Champion Belt","Sundial","The Courier","Lizard Tail","Bag of Preparation","Smiling Mask","Strawberry","Blood Vial","Happy Flower"],"potions_floor_usage":[7,7,14,18,20,28,30,31,36,50,50,50],"damage_taken":[{"damage":8,"enemies":"Jaw Worm","floor":1,"turns":5},{"damage":0,"enemies":"Cultist","floor":2,"turns":4},{"damage":1,"enemies":"2 Louse","floor":5,"turns":3},{"damage":12,"enemies":"Gremlin Nob","floor":7,"turns":4},{"damage":25,"enemies":"3 Sentries","floor":11,"turns":7},{"damage":6,"enemies":"Looter","floor":12,"turns":2},{"damage":10,"enemies":"Gremlin Gang","floor":14,"turns":5},{"damage":43,"enemies":"Slime Boss","floor":16,"turns":9},{"damage":12,"enemies":"3 Byrds","floor":18,"turns":5},{"damage":1,"enemies":"Shell Parasite","floor":19,"turns":3},{"damage":3,"enemies":"Snake Plant","floor":20,"turns":3},{"damage":21,"enemies":"Gremlin Leader","floor":24,"turns":4},{"damage":10,"enemies":"Book of Stabbing","floor":28,"turns":3},{"damage":3,"enemies":"3 Cultists","floor":30,"turns":4},{"damage":3,"enemies":"Shelled Parasite and Fungi","floor":31,"turns":2},{"damage":19,"enemies":"Automaton","floor":33,"turns":5},{"damage":0,"enemies":"Orb Walker","floor":35,"turns":1},{"damage":19,"enemies":"3 Darklings","floor":36,"turns":5},{"damage":0,"enemies":"Sphere and 2 Shapes","floor":38,"turns":2},{"damage":10,"enemies":"Reptomancer","floor":40,"turns":2},{"damage":9,"enemies":"Maw","floor":42,"turns":4},{"damage":9,"enemies":"Giant Head","floor":45,"turns":4},{"damage":4,"enemies":"Transient","floor":47,"turns":5},{"damage":66,"enemies":"Time Eater","floor":50,"turns":6}],"seed_played":"-870203643511201976","potions_obtained":[{"floor":1,"key":"Block Potion"},{"floor":2,"key":"AttackPotion"},{"floor":7,"key":"Block Potion"},{"floor":12,"key":"AttackPotion"},{"floor":16,"key":"Weak Potion"},{"floor":19,"key":"GamblersBrew"},{"floor":24,"key":"Poison Potion"},{"floor":30,"key":"Energy Potion"},{"floor":35,"key":"Block Potion"},{"floor":38,"key":"Strength Potion"},{"floor":45,"key":"LiquidBronze"},{"floor":47,"key":"Dexterity Potion"}],"is_trial":false,"path_per_floor":["?","M","?","?","M","T","?"],"character_chosen":"IRONCLAD","items_purchased":["Searing Blow","Whetstone","Violence","Violence","Happy Flower"],"campfire_rested":0,"item_purchase_floors":[3,22,22,48,48],"current_hp_per_floor":[70,76,76,76,80,80,74,74,74,74,55,55,55,51,51,14,64,58,63,66,66,66,66,51,51,51,51,47,47,50,53,53,40,70,76,63,63,69,69,65,65,62,69,69,66,66,70,70,70,12],"gold":24,"neow_bonus":"HUNDRED_GOLD","is_prod":false,"is_daily":false,"chose_seed":false,"campfire_upgraded":13,"win_rate":0,"timestamp":1555078443,"path_taken":["M","M","$","?","M","R","E","R","T","R","E","M","R","M","R","BOSS","M","?","M","?","$","R","E","R","T","R","E","?","M","M","R","BOSS","M","?","?","M","?","E","R","M","T","R","E","R","M","$","R","BOSS"],"build_version":"2019-01-23","purchased_purges":2,"victory":true,"max_hp_per_floor":[80,80,80,80,80,80,80,80,80,80,80,80,80,80,80,80,80,80,80,80,80,80,80,80,80,80,80,80,80,80,80,80,80,80,80,80,80,80,76,76,76,76,83,83,83,83,83,83,83,83],"card_choices":[{"not_picked":["Heavy Blade","Seeing Red"],"picked":"Rage","floor":1},{"not_picked":["Heavy Blade","Fire Breathing"],"picked":"Battle Trance","floor":2},{"not_picked":["Rampage","Flame Barrier"],"picked":"Shrug It Off","floor":5},{"not_picked":["Entrench","Bludgeon"],"picked":"Brutality","floor":7},{"not_picked":["Battle Trance","Headbutt"],"picked":"Rage","floor":11},{"not_picked":["Sever Soul","Iron Wave","Warcry"],"picked":"SKIP","floor":12},{"not_picked":["Body Slam","Sentinel"],"picked":"Rupture","floor":14},{"not_picked":["Exhume","Dark Embrace"],"picked":"Fiend Fire","floor":16},{"not_picked":["Shockwave","Cleave+1"],"picked":"Whirlwind","floor":18},{"not_picked":["Sword Boomerang+1","Wild Strike","Warcry"],"picked":"SKIP","floor":19},{"not_picked":["Body Slam","Flex","Feel No Pain"],"picked":"SKIP","floor":20},{"not_picked":["Sever Soul","Fiend Fire","Fire Breathing"],"picked":"SKIP","floor":24},{"not_picked":["Body Slam","Reckless Charge","True Grit"],"picked":"SKIP","floor":28},{"not_picked":["Headbutt","Heavy Blade","True Grit"],"picked":"SKIP","floor":30},{"not_picked":["Fire Breathing","Twin Strike"],"picked":"Shockwave+1","floor":31},{"not_picked":["Bludgeon","Juggernaut"],"picked":"Exhume","floor":33},{"not_picked":["Body Slam","Fire Breathing","Armaments+1"],"picked":"SKIP","floor":35},{"not_picked":["Ghostly Armor+1","Havoc","Headbutt+1"],"picked":"SKIP","floor":36},{"not_picked":["Burning Pact","Corruption","Cleave+1"],"picked":"SKIP","floor":38},{"not_picked":["Entrench+1","Sentinel+1","Iron Wave+1"],"picked":"SKIP","floor":40},{"not_picked":["Dual Wield","Rampage","Armaments+1"],"picked":"SKIP","floor":42},{"not_picked":["Warcry","Body Slam+1","Feed"],"picked":"SKIP","floor":45},{"not_picked":["Thunderclap+1","Sword Boomerang+1","Havoc+1"],"picked":"SKIP","floor":47}],"player_experience":203720,"relics_obtained":[{"floor":7,"key":"Oddly Smooth Stone"},{"floor":9,"key":"Centennial Puzzle"},{"floor":11,"key":"Potion Belt"},{"floor":24,"key":"Nunchaku"},{"floor":26,"key":"Champion Belt"},{"floor":28,"key":"Sundial"},{"floor":37,"key":"Bag of Preparation"},{"floor":40,"key":"Smiling Mask"},{"floor":43,"key":"Strawberry"},{"floor":45,"key":"Blood Vial"}],"event_choices":[{"damage_healed":0,"gold_gain":0,"player_choice":"1 cards matched","damage_taken":0,"max_hp_gain":0,"max_hp_loss":0,"event_name":"Match and Keep!","floor":4,"gold_loss":0,"cards_obtained":["Bash"]},{"damage_healed":0,"gold_gain":0,"player_choice":"Obtain J.A.X.","damage_taken":0,"max_hp_gain":0,"max_hp_loss":0,"event_name":"Drug Dealer","floor":21,"gold_loss":0,"cards_obtained":["J.A.X."]},{"damage_healed":0,"gold_gain":0,"player_choice":"Paid Gold","damage_taken":0,"relics_obtained":["The Courier"],"max_hp_gain":0,"max_hp_loss":0,"event_name":"WeMeetAgain","floor":29,"gold_loss":72},{"damage_healed":0,"gold_gain":0,"player_choice":"Max HP","damage_taken":0,"max_hp_gain":0,"max_hp_loss":4,"event_name":"Winding Halls","floor":39,"gold_loss":0}],"is_beta":false,"boss_relics":[{"not_picked":["Busted Crown","Pandora\u0027s Box"],"picked":"Coffee Dripper"},{"not_picked":["Runic Dome","White Beast Statue"],"picked":"Lizard Tail"}],"items_purged_floors":[3,48],"is_endless":false,"potions_floor_spawned":[1,2,7,12,16,19,24,30,35,38,45,47],"ascension_level":7}