{"gold_per_floor":[111,125,125,125,138,138,161,161,161,86,86,124,124,6,6,132,132,155,155,155,171,198,198,213,213,213,237,237],"floor_reached":28,"playtime":1921,"items_purged":["Strike_B","Defend_B"],"score":289,"play_id":"169fb409-3958-452e-b08e-e26d0a6fbde1","local_time":"20180710181412","is_ascension_mode":true,"campfire_choices":[{"floor":6.0,"key":"REST"},{"floor":11.0,"key":"REST"},{"data":"Zap","floor":15.0,"key":"SMITH"},{"data":"Zap","floor":23.0,"key":"SMITH"},{"floor":25.0,"key":"REST"}],"neow_cost":"FIFTY_PERCENT_DAMAGE","seed_source_timestamp":0,"circlet_count":0,"master_deck":["Strike_B","Defend_B","Defend_B","Zap+1","Dualcast","Biased Cognition","Coolheaded","Zap+1","White Noise","Conserve Battery","Echo Form","Gash","Recycle"],"special_seed":0,"relics":["Cracked Core","Golden Idol","Darkstone Periapt","The Courier","Runic Pyramid","Blood Vial","Boot"],"potions_floor_usage":[28,28],"damage_taken":[{"damage":0.0,"enemies":"Cultist","floor":1.0,"turns":3.0},{"damage":8.0,"enemies":"Small Slimes","floor":2.0,"turns":3.0},{"damage":6.0,"enemies":"2 Louse","floor":5.0,"turns":2.0},{"damage":11.0,"enemies":"Large Slime","floor":7.0,"turns":4.0},{"damage":0.0,"enemies":"Lagavulin","floor":12.0,"turns":6.0},{"damage":18.0,"enemies":"Hexaghost","floor":16.0,"turns":9.0},{"damage":9.0,"enemies":"Spheric Guardian","floor":18.0,"turns":4.0},{"damage":23.0,"enemies":"3 Byrds","floor":21.0,"turns":4.0},{"damage":21.0,"enemies":"Centurion and Healer","floor":24.0,"turns":5.0},{"damage":24.0,"enemies":"Cultist and Chosen","floor":27.0,"turns":6.0},{"damage":53,"enemies":"Slavers","floor":28,"turns":5}],"seed_played":"5558624754098516217","potions_obtained":[{"floor":1.0,"key":"Fire Potion"},{"floor":16.0,"key":"Strength Potion"},{"floor":27.0,"key":"Regen Potion"}],"is_trial":false,"path_per_floor":["M","M","?","?","M","R","M","?","T","$","R","E","?","$","R","B",null,"M","?","?","M","T","R","M","R","T","M"],"character_chosen":"DEFECT","items_purchased":["Conserve Battery"],"campfire_rested":3,"item_purchase_floors":[14],"current_hp_per_floor":[38,30,30,30,24,46,35,35,35,35,57,57,50,50,50,32,75,66,66,66,43,43,43,24,46,46,24,0],"gold":237,"neow_bonus":"THREE_RARE_CARDS","is_prod":false,"is_daily":false,"chose_seed":false,"campfire_upgraded":2,"win_rate":0,"timestamp":1531271652,"path_taken":["M","M","?","?","M","R","?","?","T","$","R","E","?","$","R","BOSS","M","?","?","M","?","R","M","R","T","M","E"],"build_version":"2018-07-05","purchased_purges":2,"victory":false,"max_hp_per_floor":[75,75,75,75,75,75,75,75,75,75,75,75,75,75,75,75,75,75,75,75,75,75,75,75,75,75,75,75],"card_choices":[{"not_picked":["Reboot","Meteor Strike"],"picked":"Biased Cognition","floor":0.0},{"not_picked":["Streamline","Barrage"],"picked":"Coolheaded","floor":1.0},{"not_picked":["Doom and Gloom","Stack","Rebound"],"picked":"SKIP","floor":2.0},{"not_picked":["Conserve Battery","Beam Cell","Turbo"],"picked":"SKIP","floor":5.0},{"not_picked":["Leap","Conserve Battery"],"picked":"White Noise","floor":7.0},{"not_picked":["Rainbow","Chaos","Cold Snap"],"picked":"SKIP","floor":12.0},{"not_picked":["Thunder Strike","Amplify"],"picked":"Echo Form","floor":16.0},{"not_picked":["Sweeping Beam","Stack+1","Gash"],"picked":"SKIP","floor":18.0},{"not_picked":["Conserve Battery","Hologram"],"picked":"Gash","floor":21.0},{"not_picked":["Steam Power","Compile Driver"],"picked":"Recycle","floor":24.0},{"not_picked":["Coolheaded","Rebound+1","Steam"],"picked":"SKIP","floor":27.0}],"player_experience":601673,"relics_obtained":[{"floor":9.0,"key":"Darkstone Periapt"},{"floor":12.0,"key":"The Courier"},{"floor":22.0,"key":"Blood Vial"},{"floor":26.0,"key":"Boot"}],"event_choices":[{"event_name":"Match and Keep!","player_choice":"1 cards matched","floor":3.0,"damage_taken":0.0},{"event_name":"Golden Idol","player_choice":"Take Wound","floor":4.0,"damage_taken":0.0},{"event_name":"Purifier","player_choice":"One Purge","floor":8.0,"damage_taken":0.0},{"event_name":"Golden Wing","player_choice":"Card Removal","floor":13.0,"damage_taken":0.0},{"event_name":"Fountain of Cleansing","player_choice":"Removed Curse","floor":19.0,"damage_taken":0.0},{"event_name":"Purifier","player_choice":"One Purge","floor":20.0,"damage_taken":0.0}],"boss_relics":[{"not_picked":["Lizard Tail","Snecko Eye"],"picked":"Runic Pyramid"}],"items_purged_floors":[10,14],"is_endless":false,"potions_floor_spawned":[1,16,27],"killed_by":"Slavers","ascension_level":4}