{"gold_per_floor":[99,99,99,99,99,99,49,19,19,19,19,19,19,19,19,19,19,19,19,19,19,19,19,19,19,19,19,19,19,19,19,19,19,19,19,19,19,19,19,19,19,19,19,19,19,19,19,19,19,19,19,19,19,19,19],"floor_reached":55,"playtime":4818,"items_purged":[],"score":883,"play_id":"830ff05a-a369-4461-8baf-05a4f968d06c","local_time":"20190109010000","is_ascension_mode":false,"campfire_choices":[{"floor":12,"key":"REST"},{"floor":15,"key":"REST"},{"floor":23,"key":"RECALL"},{"data":"Chill","floor":28,"key":"SMITH"},{"data":"Capacitor","floor":32,"key":"SMITH"},{"data":"Seek","floor":45,"key":"SMITH"},{"data":"Madness","floor":49,"key":"SMITH"},{"data":"Seek","floor":52,"key":"SMITH"}],"neow_cost":"NONE","seed_source_timestamp":77267656133200,"circlet_count":0,"master_deck":["Zap+1","Dualcast+1","Glacier","Glacier","Cold Snap","Conserve Battery","Sunder","BootSequence","Capacitor+1","Seek+1","Scrape","Double Energy","Steam","Doom and Gloom","Go for the Eyes","Genetic Algorithm","Biased Cognition","Ball Lightning","Rip and Tear+1","Bite","Bite","Bite","Bite","Bite","Seek+1","Chill+1","Conserve Battery","Heatsinks+1","Leap+1","Buffer+1","Go for the Eyes+1","Madness","Madness+1","Defragment+1","Sweeping Beam+1","Barrage","Tempest+1"],"relics":["Ectoplasm","Omamori","Matryoshka","Centennial Puzzle","Pandora\u0027s Box","Red Mask","Dream Catcher","Frozen Egg 2","Blood Vial","Smiling Mask","Happy Flower","Busted Crown","DataDisk","Bottled Flame","Letter Opener","Darkstone Periapt","Unceasing Top","Bottled Lightning"],"potions_floor_usage":[10,16,19,24,33,33,47,50,54],"damage_taken":[{"damage":0,"enemies":"2 Louse","floor":1,"turns":2},{"damage":0,"enemies":"Small Slimes","floor":4,"turns":3},{"damage":0,"enemies":"Cultist","floor":5,"turns":4},{"damage":3,"enemies":"3 Sentries","floor":6,"turns":13},{"damage":0,"enemies":"Looter","floor":8,"turns":4},{"damage":48,"enemies":"Gremlin Nob","floor":10,"turns":10},{"damage":0,"enemies":"2 Fungi Beasts","floor":11,"turns":3},{"damage":9,"enemies":"3 Sentries","floor":13,"turns":10},{"damage":0,"enemies":"Hexaghost","floor":16,"turns":13},{"damage":0,"enemies":"Shell Parasite","floor":18,"turns":7},{"damage":2,"enemies":"Masked Bandits","floor":19,"turns":4},{"damage":0,"enemies":"Chosen","floor":22,"turns":4},{"damage":1,"enemies":"Slavers","floor":24,"turns":5},{"damage":2,"enemies":"Centurion and Healer","floor":29,"turns":6},{"damage":0,"enemies":"Book of Stabbing","floor":30,"turns":6},{"damage":6,"enemies":"Cultist and Chosen","floor":31,"turns":7},{"damage":21,"enemies":"Collector","floor":33,"turns":15},{"damage":2,"enemies":"3 Darklings","floor":35,"turns":6},{"damage":0,"enemies":"3 Shapes","floor":37,"turns":5},{"damage":0,"enemies":"Spire Growth","floor":39,"turns":6},{"damage":0,"enemies":"Giant Head","floor":40,"turns":14},{"damage":0,"enemies":"Transient","floor":41,"turns":5},{"damage":3,"enemies":"Nemesis","floor":42,"turns":11},{"damage":1,"enemies":"Jaw Worm Horde","floor":47,"turns":6},{"damage":18,"enemies":"Time Eater","floor":50,"turns":12},{"damage":38,"enemies":"Shield and Spear","floor":54,"turns":11},{"damage":22,"enemies":"The Heart","floor":55,"turns":2}],"seed_played":"4049167166312830427","potions_obtained":[{"floor":8,"key":"SkillPotion"},{"floor":10,"key":"FocusPotion"},{"floor":11,"key":"Weak Potion"},{"floor":13,"key":"GamblersBrew"},{"floor":18,"key":"FearPotion"},{"floor":29,"key":"Energy Potion"},{"floor":30,"key":"FocusPotion"},{"floor":31,"key":"Ancient Potion"},{"floor":33,"key":"AttackPotion"},{"floor":39,"key":"SneckoOil"},{"floor":40,"key":"Block Potion"},{"floor":47,"key":"SkillPotion"}],"is_trial":false,"path_per_floor":["M","?","?","M","M","E","?","M","T","E","M","R","E","$","R","B",null,"M","?","?","$","M","R","E","?","T","?","R","M","E","M","R","B",null,"M","?","M","T","M","E","M","E","T","?","R","$","M","$","R","B",null,"R","$","E","B"],"character_chosen":"DEFECT","items_purchased":[],"campfire_rested":2,"item_purchase_floors":[],"current_hp_per_floor":[75,75,75,75,75,72,72,72,72,24,24,46,37,37,59,59,75,75,73,52,52,52,52,51,51,51,51,51,52,52,52,52,52,52,52,45,52,52,52,52,52,52,52,52,52,52,52,52,52,44,52,52,52,18,0],"gold":19,"neow_bonus":"BOSS_RELIC","is_prod":false,"is_daily":false,"chose_seed":false,"campfire_upgraded":5,"win_rate":0,"timestamp":1547020800,"path_taken":["M","?","?","?","M","E","?","M","T","E","M","R","E","$","R","BOSS","M","?","?","$","M","R","E","?","T","?","R","?","E","M","R","BOSS","M","?","M","?","M","E","M","E","T","?","R","$","M","$","R","BOSS","R","$","E","BOSS"],"build_version":"2019-01-07","purchased_purges":0,"victory":false,"max_hp_per_floor":[75,75,75,75,75,75,75,75,75,75,75,75,75,75,75,75,75,75,75,52,52,52,52,52,52,52,52,52,52,52,52,52,52,52,52,52,52,52,52,52,52,52,52,52,52,52,52,52,52,52,52,52,52,52,52],"card_choices":[{"not_picked":["Gash","Coolheaded"],"picked":"Glacier","floor":1},{"not_picked":["Fusion","Turbo"],"picked":"Glacier","floor":4},{"not_picked":["Coolheaded","Ball Lightning"],"picked":"Cold Snap","floor":5},{"not_picked":["Scrape","Stack"],"picked":"Conserve Battery","floor":6},{"not_picked":["Lockon","Redo","Beam Cell"],"picked":"SKIP","floor":8},{"not_picked":["Leap","Defragment"],"picked":"Sunder","floor":10},{"not_picked":["Barrage","Leap"],"picked":"BootSequence","floor":11},{"not_picked":["Turbo","Hyperbeam"],"picked":"Capacitor","floor":13},{"not_picked":["Reboot","Fission"],"picked":"Seek","floor":16},{"not_picked":["Turbo","Gash+1"],"picked":"Ball Lightning","floor":18},{"not_picked":["Rebound","Reprogram+1"],"picked":"Rip and Tear+1","floor":19},{"not_picked":["Compile Driver","Storm"],"picked":"Seek","floor":22},{"not_picked":["Turbo+1","Gash"],"picked":"Chill","floor":24},{"not_picked":["Steam","Rebound"],"picked":"Conserve Battery","floor":29},{"not_picked":["Darkness","Sweeping Beam"],"picked":"Heatsinks+1","floor":30},{"not_picked":["Darkness","Doom and Gloom"],"picked":"Leap+1","floor":31},{"not_picked":["Creative AI+1","Machine Learning+1"],"picked":"Buffer+1","floor":33},{"not_picked":[],"picked":"Go for the Eyes+1","floor":35},{"not_picked":[],"picked":"Defragment+1","floor":37},{"not_picked":[],"picked":"Sweeping Beam+1","floor":39},{"not_picked":["Steam"],"picked":"SKIP","floor":40},{"not_picked":[],"picked":"Barrage","floor":41},{"not_picked":["FTL"],"picked":"SKIP","floor":42},{"not_picked":[],"picked":"Tempest+1","floor":47},{"not_picked":["Double Energy"],"picked":"SKIP","floor":54}],"player_experience":318891,"relics_obtained":[{"floor":6,"key":"Omamori"},{"floor":10,"key":"Matryoshka"},{"floor":13,"key":"Centennial Puzzle"},{"floor":19,"key":"Red Mask"},{"floor":24,"key":"Dream Catcher"},{"floor":26,"key":"Frozen Egg 2"},{"floor":26,"key":"Blood Vial"},{"floor":30,"key":"Happy Flower"},{"floor":38,"key":"DataDisk"},{"floor":38,"key":"Bottled Flame"},{"floor":40,"key":"Letter Opener"},{"floor":42,"key":"Darkstone Periapt"},{"floor":43,"key":"Unceasing Top"},{"floor":54,"key":"Bottled Lightning"}],"event_choices":[{"damage_healed":0,"gold_gain":0,"player_choice":"Grow","damage_taken":0,"max_hp_gain":0,"max_hp_loss":0,"event_name":"Living Wall","floor":2,"gold_loss":0,"cards_upgraded":["Zap"]},{"damage_healed":0,"gold_gain":0,"player_choice":"Upgraded","damage_taken":0,"max_hp_gain":0,"max_hp_loss":0,"event_name":"Upgrade Shrine","floor":3,"gold_loss":0,"cards_upgraded":["Dualcast"]},{"cards_removed":["Defend_B"],"damage_healed":0,"gold_gain":0,"player_choice":"Card Removal","damage_taken":0,"max_hp_gain":0,"max_hp_loss":0,"event_name":"The Cleric","floor":7,"gold_loss":50},{"damage_healed":0,"gold_gain":0,"player_choice":"Fought Bandits","damage_taken":0,"max_hp_gain":0,"max_hp_loss":0,"event_name":"Masked Bandits","floor":19,"gold_loss":0},{"damage_healed":0,"gold_gain":0,"player_choice":"Became a vampire","damage_taken":0,"max_hp_gain":0,"max_hp_loss":23,"event_name":"Vampires","floor":20,"gold_loss":0,"cards_obtained":["Bite","Bite","Bite","Bite","Bite"]},{"damage_healed":0,"gold_gain":0,"player_choice":"Ignored","damage_taken":0,"max_hp_gain":0,"max_hp_loss":0,"event_name":"Ghosts","floor":25,"gold_loss":0},{"damage_healed":0,"gold_gain":0,"player_choice":"Opened","damage_taken":0,"relics_obtained":["Smiling Mask"],"max_hp_gain":0,"max_hp_loss":0,"event_name":"The Mausoleum","floor":27,"gold_loss":0,"cards_obtained":["Writhe"]},{"damage_healed":0,"gold_gain":0,"player_choice":"Embrace Madness","damage_taken":7,"max_hp_gain":0,"max_hp_loss":0,"event_name":"Winding Halls","floor":36,"gold_loss":0,"cards_obtained":["Madness","Madness"]},{"damage_healed":0,"gold_gain":0,"player_choice":"Ignored","damage_taken":0,"max_hp_gain":0,"max_hp_loss":0,"event_name":"Tomb of Lord Red Mask","floor":44,"gold_loss":0}],"is_beta":true,"boss_relics":[{"not_picked":["Orrery","Fusion Hammer"],"picked":"Pandora\u0027s Box"},{"not_picked":["Snecko Eye","Eternal Feather"],"picked":"Busted Crown"}],"items_purged_floors":[],"is_endless":false,"potions_floor_spawned":[8,10,11,13,18,29,30,31,33,39,40,41,47],"killed_by":"The Heart","ascension_level":0}