{"path_per_floor":["M","?","?","M","$","M","?","M","T","?","M","M","M","M","R"],"character_chosen":"THE_SILENT","items_purchased":["Backflip"],"gold_per_floor":[117,117,117,135,36,54,129,141,189,189,203,213,232,242,242],"floor_reached":16,"campfire_rested":1,"playtime":2699,"current_hp_per_floor":[69,55,60,60,60,60,49,57,57,50,48,46,46,34,56],"items_purged":["Strike_G"],"gold":242,"score":96,"play_id":"42aea15d-cced-4efc-b595-62dd7d015a87","local_time":"20180321184516","is_prod":false,"is_daily":false,"is_ascension_mode":false,"campfire_upgraded":0,"timestamp":1521683116,"path_taken":["M","?","?","M","?","M","?","M","T","?","M","M","?","M","R","BOSS"],"build_version":"2018-03-15v3","purchased_purges":1,"victory":false,"master_deck":["Defend_G","Defend_G","Defend_G","Defend_G","Defend_G","Strike_G","Strike_G+1","Strike_G+1","Survivor","Neutralize","Blur","Poisoned Stab","Wraith Form","Backflip","Flechettes","Caltrops","Bouncing Flask","Blade Dance","Expertise","Backflip","Wraith Form"],"max_hp_per_floor":[70,70,75,75,75,75,75,75,75,75,75,75,75,75,75],"relics":["Ring of the Snake","Dream Catcher"],"card_choices":[{"not_picked":["Bane","Poisoned Stab"],"picked":"Blur"},{"not_picked":["Prepared","Sucker Punch"],"picked":"Poisoned Stab"},{"not_picked":["Dodge and Roll","Deflect"],"picked":"Wraith Form"},{"not_picked":["Leg Sweep","Flying Knee"],"picked":"Flechettes"},{"not_picked":["Calculated Gamble","Backflip"],"picked":"Caltrops"},{"not_picked":["Deflect","Deadly Poison"],"picked":"Bouncing Flask"},{"not_picked":["Expertise","Heel Hook"],"picked":"Blade Dance"},{"not_picked":["Dagger Spray","Quick Slash"],"picked":"Expertise"},{"not_picked":["Choke","Poisoned Stab"],"picked":"Backflip"},{"not_picked":["Outmaneuver","Bane"],"picked":"Wraith Form"}],"player_experience":167715,"potions_floor_usage":[],"damage_taken":[{"damage":1.0,"enemies":"2 Louse","floor":1.0,"turns":4.0},{"damage":0.0,"enemies":"Jaw Worm","floor":4.0,"turns":4.0},{"damage":0.0,"enemies":"Small Slimes","floor":6.0,"turns":4.0},{"damage":7.0,"enemies":"Exordium Wildlife","floor":8.0,"turns":7.0},{"damage":2.0,"enemies":"Looter","floor":11.0,"turns":4.0},{"damage":2.0,"enemies":"Blue Slaver","floor":12.0,"turns":5.0},{"damage":0,"enemies":"3 Louse","floor":13,"turns":2},{"damage":12,"enemies":"Lots of Slimes","floor":14,"turns":5},{"damage":58,"enemies":"Slime Boss","floor":16,"turns":10}],"event_choices":[{"event_name":"Shining Light","player_choice":"Entered Light","floor":2.0,"damage_taken":0.0},{"event_name":"Big Fish","player_choice":"Donut","floor":3.0,"damage_taken":0.0},{"event_name":"World of Goop","player_choice":"Gather Gold","floor":7.0,"damage_taken":0.0},{"event_name":"Golden Wing","player_choice":"Card Removal","floor":10.0,"damage_taken":0.0}],"boss_relics":[],"potions_floor_spawned":[4,6,13],"seed_played":"-3256644423182768409","killed_by":"Slime Boss","ascension_level":0,"is_trial":false}