{"gold_per_floor":[116,116,131,149,169,169,182,212,290,290,44,79,16,16,16,142,142,160,259,259,273,145,179,204,239,239,279,279,320,136,174,174,300,300,315,240,240,255,255,255,293,293,317,340,340,379,215,229,229,229,229,229,28,64,64],"floor_reached":55,"playtime":1674,"items_purged":["Strike_R","Strike_R","Strike_R","Defend_R","Defend_R+1","Pommel Strike+1"],"score":1137,"play_id":"414407df-8f87-4d5e-a31e-1c29290ebd50","local_time":"20190310165323","is_ascension_mode":true,"campfire_choices":[{"data":"Dual Wield","floor":6,"key":"SMITH"},{"floor":15,"key":"REST"},{"data":"Dropkick","floor":32,"key":"SMITH"},{"floor":40,"key":"RECALL"},{"data":"Bash","floor":42,"key":"SMITH"}],"neow_cost":"PERCENT_DAMAGE","seed_source_timestamp":3409698644647,"circlet_count":0,"master_deck":["Defend_R+1","Bash+1","Dropkick+1","Dual Wield+1","Offering+1","Dropkick+1"],"relics":["Burning Blood","Pen Nib","Torii","Molten Egg 2","Golden Idol","Membership Card","MawBank","Bag of Marbles","Coffee Dripper","Enchiridion","Juzu Bracelet","Orichalcum","FossilizedHelix","Dream Catcher","Potion Belt","Shuriken","Red Mask","Runic Dome","Ice Cream","War Paint","Happy Flower","PreservedInsect","Bottled Flame"],"potions_floor_usage":[8,16,25,33,48,50,50,55,55],"damage_taken":[{"damage":5,"enemies":"Small Slimes","floor":1,"turns":5},{"damage":1,"enemies":"Cultist","floor":3,"turns":3},{"damage":1,"enemies":"Jaw Worm","floor":4,"turns":4},{"damage":7,"enemies":"Exordium Wildlife","floor":5,"turns":4},{"damage":7,"enemies":"3 Louse","floor":7,"turns":4},{"damage":18,"enemies":"Lagavulin","floor":8,"turns":5},{"damage":42,"enemies":"3 Sentries","floor":12,"turns":14},{"damage":35,"enemies":"Slime Boss","floor":16,"turns":7},{"damage":7,"enemies":"2 Thieves","floor":18,"turns":4},{"damage":6,"enemies":"Shell Parasite","floor":21,"turns":1},{"damage":6,"enemies":"Slavers","floor":23,"turns":1},{"damage":12,"enemies":"Snake Plant","floor":24,"turns":2},{"damage":6,"enemies":"Gremlin Leader","floor":25,"turns":1},{"damage":0,"enemies":"Book of Stabbing","floor":27,"turns":1},{"damage":0,"enemies":"Gremlin Leader","floor":29,"turns":1},{"damage":0,"enemies":"Masked Bandits","floor":31,"turns":1},{"damage":0,"enemies":"Automaton","floor":33,"turns":1},{"damage":0,"enemies":"Orb Walker","floor":35,"turns":2},{"damage":0,"enemies":"3 Shapes","floor":38,"turns":1},{"damage":0,"enemies":"Reptomancer","floor":41,"turns":1},{"damage":0,"enemies":"Spire Growth","floor":44,"turns":1},{"damage":0,"enemies":"Nemesis","floor":46,"turns":1},{"damage":0,"enemies":"4 Shapes","floor":48,"turns":1},{"damage":0,"enemies":"Donu and Deca","floor":50,"turns":1},{"damage":0,"enemies":"Shield and Spear","floor":54,"turns":1},{"damage":89,"enemies":"The Heart","floor":55,"turns":5}],"seed_played":"-5764033427417399006","potions_obtained":[{"floor":1,"key":"LiquidBronze"},{"floor":4,"key":"Swift Potion"},{"floor":12,"key":"Fire Potion"},{"floor":16,"key":"Strength Potion"},{"floor":21,"key":"Explosive Potion"},{"floor":25,"key":"PowerPotion"},{"floor":27,"key":"Poison Potion"},{"floor":29,"key":"SpeedPotion"},{"floor":31,"key":"Explosive Potion"},{"floor":35,"key":"SteroidPotion"}],"is_trial":false,"path_per_floor":["M","?","M","M","M","R","M","E","T","?","$","E","$","?","R","B",null,"M","?","?","M","$","E","M","E","T","E","?","E","$","?","R","B",null,"M","$","?","M","?","R","E","R","T","M","?","E","$","M","R","B",null,"R","$","E","B"],"character_chosen":"IRONCLAD","items_purchased":["Membership Card","Bag of Marbles","Juzu Bracelet","Shuriken","PreservedInsect","GamblersBrew","Ancient Potion","SteroidPotion"],"campfire_rested":1,"item_purchase_floors":[11,13,22,30,47,53,53,53],"current_hp_per_floor":[57,57,62,67,66,66,65,53,53,53,53,17,17,17,39,10,74,73,73,57,57,57,57,51,51,51,57,57,63,63,69,69,74,74,74,74,74,74,74,74,74,74,74,74,74,74,74,74,74,74,74,74,74,74,0],"gold":64,"neow_bonus":"TRANSFORM_TWO_CARDS","is_prod":false,"is_daily":false,"chose_seed":false,"campfire_upgraded":3,"win_rate":0,"timestamp":1552262003,"path_taken":["M","?","?","M","M","R","M","E","T","?","$","E","$","?","R","BOSS","M","?","?","M","$","E","M","E","T","E","?","E","$","?","R","BOSS","M","$","?","M","?","R","E","R","T","M","?","E","$","M","R","BOSS","R","$","E","BOSS"],"build_version":"2019-01-23","purchased_purges":6,"victory":false,"max_hp_per_floor":[80,80,80,80,80,80,80,80,80,74,74,74,74,74,74,74,74,74,74,74,74,74,74,74,74,74,74,74,74,74,74,74,74,74,74,74,74,74,74,74,74,74,74,74,74,74,74,74,74,74,74,74,74,74,74],"card_choices":[{"not_picked":["Blood for Blood","Thunderclap","Clash"],"picked":"SKIP","floor":1},{"not_picked":["Wild Strike","Inflame","Intimidate"],"picked":"SKIP","floor":3},{"not_picked":["Body Slam","Anger","Spot Weakness"],"picked":"SKIP","floor":4},{"not_picked":["Clothesline","Dual Wield","Intimidate"],"picked":"SKIP","floor":5},{"not_picked":["Perfected Strike","Warcry","Pommel Strike"],"picked":"SKIP","floor":7},{"not_picked":["Body Slam","Disarm","Inflame"],"picked":"SKIP","floor":8},{"not_picked":["Flex","Havoc"],"picked":"Pommel Strike+1","floor":12},{"not_picked":["Juggernaut","Barricade"],"picked":"Offering","floor":16},{"not_picked":["Searing Blow+1","Spot Weakness","Bloodletting"],"picked":"SKIP","floor":18},{"not_picked":["Power Through","Bloodletting+1"],"picked":"Dropkick+1","floor":21},{"not_picked":["Fire Breathing","Headbutt+1","Carnage+1"],"picked":"SKIP","floor":23},{"not_picked":["Feel No Pain+1","Body Slam+1","Heavy Blade+1"],"picked":"SKIP","floor":24},{"not_picked":["Clash+1","Flex","Intimidate"],"picked":"SKIP","floor":25},{"not_picked":["Blood for Blood+1","Entrench+1","Feel No Pain"],"picked":"SKIP","floor":27},{"not_picked":["Twin Strike+1","Evolve","Pummel+1"],"picked":"SKIP","floor":29},{"not_picked":["Blood for Blood+1","Twin Strike+1","Sever Soul+1"],"picked":"SKIP","floor":35},{"not_picked":["Clothesline+1","Intimidate","Havoc+1"],"picked":"SKIP","floor":38},{"not_picked":["Heavy Blade+1","Havoc","Iron Wave+1"],"picked":"SKIP","floor":41},{"not_picked":["Body Slam+1","Shrug It Off","Second Wind"],"picked":"SKIP","floor":44},{"not_picked":["Ghostly Armor","Offering","Perfected Strike+1"],"picked":"SKIP","floor":46},{"not_picked":["Combust+1","Evolve+1","Rupture"],"picked":"SKIP","floor":48},{"not_picked":["Iron Wave+1","Anger+1","Flex"],"picked":"SKIP","floor":54}],"player_experience":798898,"relics_obtained":[{"floor":8,"key":"Torii"},{"floor":9,"key":"Molten Egg 2"},{"floor":12,"key":"MawBank"},{"floor":20,"key":"Enchiridion"},{"floor":23,"key":"Orichalcum"},{"floor":25,"key":"FossilizedHelix"},{"floor":27,"key":"Dream Catcher"},{"floor":29,"key":"Potion Belt"},{"floor":31,"key":"Red Mask"},{"floor":41,"key":"Ice Cream"},{"floor":43,"key":"War Paint"},{"floor":46,"key":"Happy Flower"},{"floor":54,"key":"Bottled Flame"}],"event_choices":[{"damage_healed":0,"gold_gain":0,"player_choice":"Gave Potion","damage_taken":0,"relics_obtained":["Pen Nib"],"max_hp_gain":0,"max_hp_loss":0,"event_name":"WeMeetAgain","floor":2,"gold_loss":0},{"damage_healed":0,"gold_gain":0,"player_choice":"Lose Max HP","damage_taken":0,"relics_obtained":["Golden Idol"],"max_hp_gain":0,"max_hp_loss":6,"event_name":"Golden Idol","floor":10,"gold_loss":0},{"damage_healed":0,"gold_gain":0,"player_choice":"Fled","damage_taken":0,"max_hp_gain":0,"max_hp_loss":0,"event_name":"Scrap Ooze","floor":14,"gold_loss":0},{"damage_healed":0,"gold_gain":99,"player_choice":"Stole From Cult","damage_taken":0,"max_hp_gain":0,"max_hp_loss":0,"event_name":"Nest","floor":19,"gold_loss":0},{"damage_healed":0,"gold_gain":0,"player_choice":"Obtained Book","damage_taken":16,"max_hp_gain":0,"max_hp_loss":0,"event_name":"Cursed Tome","floor":20,"gold_loss":0},{"damage_healed":0,"gold_gain":0,"player_choice":"Ignored","damage_taken":0,"max_hp_gain":0,"max_hp_loss":0,"event_name":"Ghosts","floor":28,"gold_loss":0},{"damage_healed":0,"gold_gain":0,"player_choice":"Fought Bandits","damage_taken":0,"max_hp_gain":0,"max_hp_loss":0,"event_name":"Masked Bandits","floor":31,"gold_loss":0},{"damage_healed":0,"gold_gain":0,"player_choice":"Forge","damage_taken":0,"max_hp_gain":0,"max_hp_loss":0,"event_name":"Accursed Blacksmith","floor":37,"gold_loss":0,"cards_upgraded":["Offering"]},{"cards_removed":["Defend_R"],"damage_healed":0,"gold_gain":0,"player_choice":"Removed Skill","damage_taken":0,"max_hp_gain":0,"max_hp_loss":0,"event_name":"Falling","floor":39,"gold_loss":0},{"damage_healed":0,"gold_gain":0,"player_choice":"Ignored","damage_taken":0,"max_hp_gain":0,"max_hp_loss":0,"event_name":"NoteForYourself","floor":45,"gold_loss":0}],"is_beta":false,"boss_relics":[{"not_picked":["Astrolabe","Ectoplasm"],"picked":"Coffee Dripper"},{"not_picked":["Tiny House","Lizard Tail"],"picked":"Runic Dome"}],"items_purged_floors":[11,22,30,36,47,53],"is_endless":false,"potions_floor_spawned":[1,4,12,16,21,25,27,29,31,35,38,44],"killed_by":"The Heart","ascension_level":1}