{"gold_per_floor":[109,284,234,234,247,258,290,290,370,388,388],"floor_reached":11,"playtime":207,"items_purged":[],"score":124,"play_id":"0223f56c-cfc5-48b5-864c-c062592e0036","local_time":"20181123142800","is_ascension_mode":true,"campfire_choices":[],"neow_cost":"NONE","seed_source_timestamp":938482373010949,"circlet_count":0,"master_deck":["AscendersBane","Strike_R","Strike_R","Strike_R","Strike_R","Strike_R","Defend_R","Defend_R","Defend_R","Defend_R","Bash","Body Slam","Clothesline","Twin Strike","Double Tap","Iron Wave"],"relics":["Burning Blood","NeowsBlessing","Strawberry","Orichalcum","Tiny Chest"],"potions_floor_usage":[10],"damage_taken":[{"damage":0,"enemies":"2 Louse","floor":1,"turns":2},{"damage":0,"enemies":"Small Slimes","floor":5,"turns":1},{"damage":0,"enemies":"Jaw Worm","floor":6,"turns":1},{"damage":56,"enemies":"Lagavulin","floor":7,"turns":10},{"damage":0,"enemies":"3 Louse","floor":10,"turns":2},{"damage":16,"enemies":"Exordium Wildlife","floor":11,"turns":1}],"seed_played":"-4565855241715763020","potions_obtained":[{"floor":7,"key":"AttackPotion"},{"floor":10,"key":"LiquidBronze"}],"is_trial":false,"path_per_floor":["M","?","?","?","M","M","E","?","T","M","M"],"character_chosen":"IRONCLAD","items_purchased":[],"campfire_rested":0,"item_purchase_floors":[],"current_hp_per_floor":[74,74,74,48,54,60,10,10,10,16,0],"gold":388,"neow_bonus":"THREE_ENEMY_KILL","is_prod":false,"is_daily":false,"chose_seed":false,"campfire_upgraded":0,"win_rate":0,"timestamp":1542979680,"path_taken":["M","?","?","?","?","M","E","?","T","M","M"],"build_version":"2018-11-15","purchased_purges":0,"victory":false,"max_hp_per_floor":[75,75,75,82,82,82,82,82,82,82,82],"card_choices":[{"not_picked":["Perfected Strike","Pommel Strike"],"picked":"Body Slam","floor":1},{"not_picked":["Hemokinesis","Havoc"],"picked":"Clothesline","floor":5},{"not_picked":["Sword Boomerang","Clothesline"],"picked":"Twin Strike","floor":6},{"not_picked":["Power Through","Flex"],"picked":"Double Tap","floor":7},{"not_picked":["Carnage","Sword Boomerang"],"picked":"Iron Wave","floor":10}],"player_experience":852334,"relics_obtained":[{"floor":7,"key":"Orichalcum"},{"floor":9,"key":"Tiny Chest"}],"event_choices":[{"damage_healed":0,"gold_gain":175,"player_choice":"AGREE","damage_taken":0,"max_hp_gain":0,"max_hp_loss":0,"event_name":"Liars Game","floor":2,"gold_loss":0,"cards_obtained":["Doubt"]},{"cards_removed":["Doubt"],"damage_healed":0,"gold_gain":0,"player_choice":"Card Removal","damage_taken":0,"max_hp_gain":0,"max_hp_loss":0,"event_name":"The Cleric","floor":3,"gold_loss":50},{"damage_healed":0,"gold_gain":0,"player_choice":"Success","damage_taken":33,"relics_obtained":["Strawberry"],"max_hp_gain":0,"max_hp_loss":0,"event_name":"Scrap Ooze","floor":4,"gold_loss":0},{"damage_healed":0,"gold_gain":0,"player_choice":"Ignored","damage_taken":0,"max_hp_gain":0,"max_hp_loss":0,"event_name":"Golden Idol","floor":8,"gold_loss":0}],"is_beta":false,"boss_relics":[],"items_purged_floors":[],"is_endless":false,"potions_floor_spawned":[7,10],"killed_by":"Exordium Wildlife","ascension_level":14}