{"gold_per_floor":[114,43,58,73,73,103,118,118,118,133,163,163,178,208,208,308,308,323,338,338,438,453,495,537,549,586,598,610,24,39,39,39,139,139,154,429,429,429,69,99,114,64,64,64,94,94,124,139,139,139],"floor_reached":51,"playtime":1784,"items_purged":["Neutralize"],"score":1016,"play_id":"fdb8729e-ad55-4085-9716-b71c3098ce2f","local_time":"20190211012501","daily_mods":["Specialized","Vintage","Terminal"],"is_ascension_mode":false,"campfire_choices":[{"data":"Masterful Stab","floor":8,"key":"SMITH"},{"floor":12,"key":"DIG"},{"floor":15,"key":"DIG"},{"data":"Envenom","floor":25,"key":"SMITH"},{"floor":28,"key":"DIG"},{"floor":32,"key":"DIG"},{"floor":44,"key":"DIG"},{"floor":46,"key":"DIG"},{"floor":49,"key":"DIG"}],"neow_cost":"","seed_source_timestamp":0,"circlet_count":0,"master_deck":["Defend_G","Defend_G+1","Defend_G","Defend_G","Defend_G+1","Strike_G","Strike_G+1","Strike_G","Strike_G","Strike_G","Survivor","Crippling Poison","Crippling Poison","Crippling Poison","Crippling Poison","Crippling Poison","Masterful Stab+1","Poisoned Stab+1","Envenom+1","Leg Sweep+1","Poisoned Stab+1","Blade Dance+1","Malaise+1","Backflip+1","Catalyst+1","Glass Knife+1","Leg Sweep+1","Caltrops+1"],"special_seed":17938,"relics":["Ring of the Snake","Tingsha","Mummified Hand","Shuriken","Torii","WingedGreaves","Meat on the Bone","Shovel","Snake Skull","Question Card","Letter Opener","Smiling Mask","Juzu Bracelet","Runic Dome","Bag of Preparation","Bottled Tornado","Ginger","Matryoshka","MawBank","Orichalcum","Potion Belt","Happy Flower","Omamori","Blue Candle","The Courier","Kunai","Toxic Egg 2","Molten Egg 2","Pen Nib","Oddly Smooth Stone","Snecko Eye","Regal Pillow","War Paint","Blood Vial","PreservedInsect","Mercury Hourglass","Dream Catcher","Bag of Marbles","Incense Burner","Bronze Scales","Frozen Egg 2","Dodecahedron","Singing Bowl","Whetstone","Gremlin Horn"],"potions_floor_usage":[11,14,21,23,24,33,33,45,47,50],"damage_taken":[{"damage":1,"enemies":"Cultist","floor":1,"turns":4},{"damage":0,"enemies":"Jaw Worm","floor":3,"turns":4},{"damage":0,"enemies":"2 Louse","floor":4,"turns":2},{"damage":14,"enemies":"Lagavulin","floor":6,"turns":8},{"damage":0,"enemies":"Large Slime","floor":7,"turns":6},{"damage":1,"enemies":"Gremlin Gang","floor":10,"turns":3},{"damage":0,"enemies":"3 Sentries","floor":11,"turns":5},{"damage":0,"enemies":"2 Fungi Beasts","floor":13,"turns":2},{"damage":17,"enemies":"Gremlin Nob","floor":14,"turns":4},{"damage":16,"enemies":"The Guardian","floor":16,"turns":9},{"damage":0,"enemies":"3 Byrds","floor":18,"turns":3},{"damage":1,"enemies":"2 Thieves","floor":19,"turns":4},{"damage":0,"enemies":"Colosseum Slavers","floor":21,"turns":3},{"damage":7,"enemies":"Colosseum Nobs","floor":21,"turns":4},{"damage":0,"enemies":"Centurion and Healer","floor":22,"turns":7},{"damage":20,"enemies":"Gremlin Leader","floor":23,"turns":6},{"damage":3,"enemies":"Book of Stabbing","floor":24,"turns":5},{"damage":0,"enemies":"3 Cultists","floor":30,"turns":3},{"damage":2,"enemies":"Collector","floor":33,"turns":4},{"damage":0,"enemies":"3 Darklings","floor":35,"turns":3},{"damage":19,"enemies":"Nemesis","floor":40,"turns":5},{"damage":0,"enemies":"Orb Walker","floor":41,"turns":2},{"damage":0,"enemies":"Reptomancer","floor":45,"turns":3},{"damage":15,"enemies":"Nemesis","floor":47,"turns":3},{"damage":0,"enemies":"Sphere and 2 Shapes","floor":48,"turns":3},{"damage":0,"enemies":"Donu and Deca","floor":50,"turns":6}],"seed_played":"6339212738474030288","potions_obtained":[{"floor":4,"key":"SpeedPotion"},{"floor":7,"key":"Swift Potion"},{"floor":10,"key":"SkillPotion"},{"floor":16,"key":"Energy Potion"},{"floor":18,"key":"SpeedPotion"},{"floor":22,"key":"Fire Potion"},{"floor":23,"key":"Swift Potion"},{"floor":24,"key":"AttackPotion"},{"floor":30,"key":"Poison Potion"},{"floor":40,"key":"SpeedPotion"},{"floor":47,"key":"Fruit Juice"},{"floor":48,"key":"SkillPotion"}],"is_trial":false,"path_per_floor":["M","$","M","M","$","E","M","R","T","M","E","R","M","E","R","B",null,"M","M","?","?","M","E","E","R","T","?","R","$","M","?","R","B",null,"M","?","?","?","$","E","M","$","T","R","E","R","E","M","R","B",null],"character_chosen":"THE_SILENT","items_purchased":["Masterful Stab","Kunai","Toxic Egg 2","Malaise+1","Backflip+1","Catalyst+1","War Paint","Blood Vial","PreservedInsect"],"campfire_rested":0,"item_purchase_floors":[2,29,29,29,29,29,39,39,39],"current_hp_per_floor":[68,67,66,65,64,50,50,50,50,49,49,49,49,32,32,28,52,51,50,49,42,42,34,31,31,31,31,31,31,31,31,31,29,35,34,33,30,29,28,21,23,23,23,23,22,21,23,24,23,22],"gold":139,"neow_bonus":"","is_prod":false,"is_daily":true,"chose_seed":false,"campfire_upgraded":2,"win_rate":0,"timestamp":1549873501,"path_taken":["M","?","M","M","$","E","M","R","T","M","E","R","M","E","R","BOSS","M","M","?","?","M","E","E","R","T","?","R","$","M","?","R","BOSS","M","?","?","?","$","E","M","$","T","R","E","R","E","M","R","BOSS"],"build_version":"2019-01-23","purchased_purges":1,"victory":true,"max_hp_per_floor":[68,67,66,65,64,63,62,61,60,59,58,57,56,55,54,53,52,51,50,49,48,47,46,45,44,43,42,41,40,39,38,37,36,35,34,33,30,29,28,27,26,25,24,23,22,21,25,24,23,22],"card_choices":[{"not_picked":["Prepared","Crippling Poison","Acrobatics"],"picked":"SKIP","floor":6},{"not_picked":["Quick Slash","Underhanded Strike","Prepared"],"picked":"SKIP","floor":11},{"not_picked":["Setup","Storm of Steel","Cloak And Dagger"],"picked":"Poisoned Stab","floor":14},{"not_picked":["Tools of the Trade","Venomology","Bullet Time"],"picked":"Envenom","floor":16},{"not_picked":["Slice+1","All Out Attack","Dodge and Roll"],"picked":"Leg Sweep+1","floor":21},{"not_picked":["Prepared","Acrobatics","Slice"],"picked":"Poisoned Stab+1","floor":23},{"not_picked":["Prepared","Backflip","Choke"],"picked":"Blade Dance+1","floor":24},{"not_picked":["Phantasmal Killer+1","Wraith Form v2","Unload+1"],"picked":"Glass Knife+1","floor":33},{"not_picked":["Expertise+1","Heel Hook+1","Blade Dance+1"],"picked":"Leg Sweep+1","floor":40},{"not_picked":["Dagger Spray+1","Poisoned Stab+1","Phantasmal Killer+1","Wraith Form v2"],"picked":"SKIP","floor":45},{"not_picked":["Bane+1","Backflip+1","Slice+1"],"picked":"Caltrops+1","floor":47}],"player_experience":755501,"relics_obtained":[{"floor":1,"key":"Tingsha"},{"floor":3,"key":"Mummified Hand"},{"floor":4,"key":"Shuriken"},{"floor":6,"key":"Torii"},{"floor":7,"key":"WingedGreaves"},{"floor":9,"key":"Meat on the Bone"},{"floor":10,"key":"Shovel"},{"floor":11,"key":"Snake Skull"},{"floor":12,"key":"Question Card"},{"floor":13,"key":"Letter Opener"},{"floor":14,"key":"Smiling Mask"},{"floor":15,"key":"Juzu Bracelet"},{"floor":18,"key":"Bag of Preparation"},{"floor":19,"key":"Bottled Tornado"},{"floor":21,"key":"Ginger"},{"floor":21,"key":"Matryoshka"},{"floor":22,"key":"MawBank"},{"floor":23,"key":"Orichalcum"},{"floor":24,"key":"Potion Belt"},{"floor":26,"key":"Happy Flower"},{"floor":26,"key":"Omamori"},{"floor":28,"key":"The Courier"},{"floor":30,"key":"Molten Egg 2"},{"floor":32,"key":"Oddly Smooth Stone"},{"floor":35,"key":"Regal Pillow"},{"floor":40,"key":"Mercury Hourglass"},{"floor":41,"key":"Dream Catcher"},{"floor":43,"key":"Bag of Marbles"},{"floor":43,"key":"Incense Burner"},{"floor":44,"key":"Bronze Scales"},{"floor":45,"key":"Frozen Egg 2"},{"floor":46,"key":"Dodecahedron"},{"floor":47,"key":"Singing Bowl"},{"floor":48,"key":"Whetstone"},{"floor":49,"key":"Gremlin Horn"}],"event_choices":[{"damage_healed":0,"gold_gain":0,"player_choice":"Ignored","damage_taken":0,"max_hp_gain":0,"max_hp_loss":0,"event_name":"N\u0027loth","floor":20,"gold_loss":0},{"damage_healed":0,"gold_gain":0,"player_choice":"Fight","damage_taken":0,"max_hp_gain":0,"max_hp_loss":0,"event_name":"Colosseum","floor":21,"gold_loss":0},{"damage_healed":0,"gold_gain":0,"player_choice":"Fought Nobs","damage_taken":0,"max_hp_gain":0,"max_hp_loss":0,"event_name":"Colosseum","floor":21,"gold_loss":0},{"damage_healed":0,"gold_gain":0,"player_choice":"Opened","damage_taken":0,"relics_obtained":["Blue Candle"],"max_hp_gain":0,"max_hp_loss":0,"event_name":"The Mausoleum","floor":27,"gold_loss":0},{"damage_healed":0,"gold_gain":0,"player_choice":"Stole Relic","damage_taken":0,"relics_obtained":["Pen Nib"],"max_hp_gain":0,"max_hp_loss":0,"event_name":"Addict","floor":31,"gold_loss":0,"cards_obtained":["Shame"]},{"damage_healed":0,"gold_gain":275,"player_choice":"Desecrate","damage_taken":0,"max_hp_gain":0,"max_hp_loss":0,"event_name":"Golden Shrine","floor":36,"gold_loss":0,"cards_obtained":["Regret"]},{"damage_healed":0,"gold_gain":0,"player_choice":"Max HP","damage_taken":0,"max_hp_gain":0,"max_hp_loss":2,"event_name":"Winding Halls","floor":37,"gold_loss":0},{"damage_healed":0,"gold_gain":0,"player_choice":"Memory 1","damage_taken":0,"max_hp_gain":0,"max_hp_loss":0,"event_name":"SensoryStone","floor":38,"gold_loss":0}],"is_beta":false,"boss_relics":[{"not_picked":["Runic Pyramid","White Beast Statue"],"picked":"Runic Dome"},{"not_picked":["Black Star","Lizard Tail"],"picked":"Snecko Eye"}],"items_purged_floors":[42],"is_endless":false,"potions_floor_spawned":[4,7,10,16,18,22,23,24,30,40,47,48],"ascension_level":0}