{"gold_per_floor":[118,133,133,2,14,14,49,60,60,72,72,85,100,25,25,104,104,115,115,62,62,62,62,90,90,90,118,68,85,96,116,116,116],"floor_reached":33,"playtime":1349,"items_purged":["Strike_R"],"score":574,"play_id":"9185491c-482a-42fe-bbd1-75b3adc982f1","local_time":"20190104144438","is_ascension_mode":true,"campfire_choices":[{"data":"Inflame","floor":6.0,"key":"SMITH"},{"data":"Armaments","floor":11.0,"key":"SMITH"},{"data":"1","floor":15.0,"key":"LIFT"},{"data":"2","floor":23.0,"key":"LIFT"},{"data":"3","floor":25.0,"key":"LIFT"},{"data":"Sword Boomerang","floor":32.0,"key":"SMITH"}],"neow_cost":"NONE","seed_source_timestamp":0,"circlet_count":0,"master_deck":["AscendersBane","Strike_R","Strike_R","Strike_R","Strike_R","Defend_R","Defend_R","Defend_R","Defend_R","Bash","Thunderclap","Double Tap","Shockwave","Shrug It Off","Inflame+1","Cleave","Body Slam","Armaments+1","True Grit","Metallicize","Impervious","Pummel","Sword Boomerang+1","Headbutt+1","Shrug It Off","Metallicize"],"special_seed":0,"relics":["Burning Blood","Ginger","Meat on the Bone","Girya","Eternal Feather","Blue Candle","Self Forming Clay","Blood Vial"],"potions_floor_usage":[33,33],"damage_taken":[{"damage":9.0,"enemies":"Jaw Worm","floor":1.0,"turns":4.0},{"damage":1.0,"enemies":"Cultist","floor":2.0,"turns":3.0},{"damage":10.0,"enemies":"Small Slimes","floor":5.0,"turns":4.0},{"damage":36.0,"enemies":"Gremlin Nob","floor":7.0,"turns":4.0},{"damage":10.0,"enemies":"Blue Slaver","floor":8.0,"turns":4.0},{"damage":5.0,"enemies":"Red Slaver","floor":10.0,"turns":3.0},{"damage":17.0,"enemies":"3 Louse","floor":12.0,"turns":3.0},{"damage":11.0,"enemies":"Lots of Slimes","floor":13.0,"turns":3.0},{"damage":17.0,"enemies":"The Guardian","floor":16.0,"turns":11.0},{"damage":34.0,"enemies":"2 Thieves","floor":18.0,"turns":4.0},{"damage":38.0,"enemies":"Book of Stabbing","floor":24.0,"turns":4.0},{"damage":16.0,"enemies":"Gremlin Leader","floor":27.0,"turns":8.0},{"damage":15.0,"enemies":"Shell Parasite","floor":29.0,"turns":7.0},{"damage":6.0,"enemies":"Centurion and Healer","floor":30.0,"turns":7.0},{"damage":10.0,"enemies":"Snecko","floor":31.0,"turns":5.0},{"damage":98,"enemies":"Collector","floor":33,"turns":8}],"seed_played":"-4631322254648998806","potions_obtained":[{"floor":0.0,"key":"AttackPotion"},{"floor":0.0,"key":"Regen Potion"},{"floor":5.0,"key":"Ancient Potion"},{"floor":12.0,"key":"Strength Potion"},{"floor":13.0,"key":"Energy Potion"},{"floor":16.0,"key":"Fire Potion"},{"floor":24.0,"key":"Strength Potion"},{"floor":27.0,"key":"Poison Potion"}],"is_trial":false,"path_per_floor":["M","M","?","$","M","R","E","M","T","M","R","M","M","$","R","B",null,"M","?","$","?","?","R","E","R","T","E","$","M","M","M","R","B"],"character_chosen":"IRONCLAD","items_purchased":["Shockwave","Shrug It Off","SteroidPotion","Shrug It Off"],"campfire_rested":0,"item_purchase_floors":[4,4,20,28],"current_hp_per_floor":[65,70,70,70,66,66,36,44,44,45,45,46,53,53,53,54,70,54,54,54,54,54,66,46,58,58,48,48,53,55,53,68,0],"gold":116,"neow_bonus":"THREE_SMALL_POTIONS","is_prod":false,"is_daily":false,"chose_seed":false,"campfire_upgraded":3,"win_rate":0,"timestamp":1546609478,"path_taken":["M","M","?","$","?","R","E","M","T","M","R","M","M","?","R","BOSS","M","?","$","?","?","R","E","R","T","E","?","?","M","M","R","BOSS"],"build_version":"2019-01-03v3","purchased_purges":1,"victory":false,"max_hp_per_floor":[75,75,75,75,75,75,75,75,75,75,75,75,75,75,75,75,75,75,75,75,75,75,75,75,75,75,75,75,75,75,75,75,75],"card_choices":[{"not_picked":["Warcry","Anger"],"picked":"Thunderclap","floor":1.0},{"not_picked":["Fire Breathing","Rage"],"picked":"Double Tap","floor":2.0},{"not_picked":["Heavy Blade","Reckless Charge"],"picked":"Inflame","floor":5.0},{"not_picked":["Sentinel","Entrench"],"picked":"Cleave","floor":7.0},{"not_picked":["Headbutt","Intimidate"],"picked":"Body Slam","floor":8.0},{"not_picked":["Perfected Strike","Shockwave"],"picked":"Armaments","floor":10.0},{"not_picked":["Pommel Strike","Clash"],"picked":"True Grit","floor":12.0},{"not_picked":["Searing Blow","Evolve"],"picked":"Metallicize","floor":13.0},{"not_picked":["Bludgeon","Reaper"],"picked":"Impervious","floor":16.0},{"not_picked":["Corruption","Anger"],"picked":"Pummel","floor":18.0},{"not_picked":["Thunderclap","Power Through","Sword Boomerang"],"picked":"SKIP","floor":24.0},{"not_picked":["Heavy Blade","Hemokinesis"],"picked":"Headbutt+1","floor":27.0},{"not_picked":["Rampage","Havoc+1","Corruption"],"picked":"SKIP","floor":29.0},{"not_picked":["Bludgeon","Clothesline","Evolve"],"picked":"SKIP","floor":30.0},{"not_picked":["Infernal Blade","Thunderclap"],"picked":"Metallicize","floor":31.0}],"player_experience":1102811,"relics_obtained":[{"floor":7.0,"key":"Meat on the Bone"},{"floor":9.0,"key":"Girya"},{"floor":24.0,"key":"Blue Candle"},{"floor":26.0,"key":"Self Forming Clay"},{"floor":27.0,"key":"Blood Vial"}],"event_choices":[{"damage_healed":0.0,"max_hp_gain":0.0,"max_hp_loss":0.0,"gold_gain":0.0,"event_name":"WeMeetAgain","player_choice":"Gave Potion","floor":3.0,"gold_loss":0.0,"damage_taken":0.0,"relics_obtained":["Ginger"]},{"damage_healed":0.0,"max_hp_gain":0.0,"max_hp_loss":0.0,"gold_gain":0.0,"event_name":"Vampires","player_choice":"Ignored","floor":19.0,"gold_loss":0.0,"damage_taken":0.0},{"damage_healed":0.0,"max_hp_gain":0.0,"max_hp_loss":0.0,"gold_gain":0.0,"event_name":"The Library","player_choice":"Read","floor":21.0,"gold_loss":0.0,"damage_taken":0.0,"cards_obtained":["Sword Boomerang"]},{"damage_healed":0.0,"max_hp_gain":0.0,"max_hp_loss":0.0,"gold_gain":0.0,"event_name":"Beggar","player_choice":"Ignored","floor":22.0,"gold_loss":0.0,"damage_taken":0.0}],"is_beta":false,"boss_relics":[{"not_picked":["Sozu","Busted Crown"],"picked":"Eternal Feather"}],"items_purged_floors":[14],"is_endless":false,"potions_floor_spawned":[2,5,12,13,16,24,27],"killed_by":"Collector","ascension_level":20}