{"gold_per_floor":[114,129,129,129,144,144,174,159,159,159,174,174,189,219,219,319,319,334,334,249,264,4,4,364,364,364,394,99,114,144,159,159,259,259,274,274,55,55,72,102,102,0,25,25,25,55,55,70,70,70],"floor_reached":51,"playtime":2001,"items_purged":["Strike_B","Strike_B"],"score":774,"play_id":"620911cc-c232-4c1f-a054-1e4b5c3d2faa","local_time":"20190409205609","daily_mods":["Heirloom","Diverse","Night Terrors"],"is_ascension_mode":false,"campfire_choices":[{"data":"Zap","floor":6,"key":"SMITH"},{"data":"Dualcast","floor":10,"key":"SMITH"},{"data":"Defragment","floor":12,"key":"SMITH"},{"data":"Loop","floor":15,"key":"SMITH"},{"data":"Reinforced Body","floor":23,"key":"SMITH"},{"data":"Burst","floor":25,"key":"SMITH"},{"floor":32,"key":"REST"},{"floor":41,"key":"REST"},{"data":"FTL","floor":44,"key":"SMITH"},{"data":"Scrape","floor":49,"key":"SMITH"}],"neow_cost":"","seed_source_timestamp":0,"circlet_count":0,"master_deck":["Strike_B","Strike_B","Defend_B","Defend_B","Defend_B","Defend_B","Zap+1","Dualcast+1","Defragment+1","Burst+1","Reinforced Body+1","Footwork+1","FTL+1","Loop+1","Machine Learning+1","Whirlwind+1","Reinforced Body+1","Acrobatics+1","Battle Trance+1","Scrape+1","Cold Snap+1","Machine Learning+1","Loop+1","Consume+1","Defragment+1","Flame Barrier+1"],"special_seed":17996,"relics":["Cracked Core","Thread and Needle","DataDisk","Emotion Chip","Juzu Bracelet","Sozu","The Courier","Membership Card","Mercury Hourglass","Toxic Egg 2","Dream Catcher","Runic Capacitor","Frozen Egg 2","Bag of Marbles","Black Star","ClockworkSouvenir","Oddly Smooth Stone","StoneCalendar","Incense Burner","Symbiotic Virus","Red Mask","Lantern","Vajra","Bottled Lightning"],"potions_floor_usage":[16,30,31],"damage_taken":[{"damage":0,"enemies":"Small Slimes","floor":1,"turns":2},{"damage":0,"enemies":"Cultist","floor":2,"turns":3},{"damage":7,"enemies":"Jaw Worm","floor":5,"turns":2},{"damage":33,"enemies":"Gremlin Nob","floor":7,"turns":4},{"damage":2,"enemies":"Exordium Thugs","floor":8,"turns":5},{"damage":0,"enemies":"2 Fungi Beasts","floor":11,"turns":3},{"damage":0,"enemies":"3 Louse","floor":13,"turns":4},{"damage":7,"enemies":"Lagavulin","floor":14,"turns":4},{"damage":1,"enemies":"The Guardian","floor":16,"turns":10},{"damage":8,"enemies":"Shell Parasite","floor":18,"turns":5},{"damage":0,"enemies":"Spheric Guardian","floor":21,"turns":5},{"damage":22,"enemies":"Book of Stabbing","floor":27,"turns":7},{"damage":1,"enemies":"Snake Plant","floor":29,"turns":3},{"damage":4,"enemies":"Gremlin Leader","floor":30,"turns":5},{"damage":0,"enemies":"Snecko","floor":31,"turns":4},{"damage":39,"enemies":"Collector","floor":33,"turns":9},{"damage":17,"enemies":"3 Darklings","floor":35,"turns":3},{"damage":26,"enemies":"2 Orb Walkers","floor":39,"turns":6},{"damage":9,"enemies":"Giant Head","floor":40,"turns":7},{"damage":2,"enemies":"Nemesis","floor":46,"turns":7},{"damage":0,"enemies":"3 Shapes","floor":48,"turns":2},{"damage":8,"enemies":"Donu and Deca","floor":50,"turns":7}],"seed_played":"-2123263057779283965","potions_obtained":[{"floor":7,"key":"Ancient Potion"},{"floor":11,"key":"Explosive Potion"},{"floor":14,"key":"PowerPotion"},{"floor":16,"key":"Swift Potion"}],"is_trial":false,"path_per_floor":["M","M","$","?","M","R","E","M","T","R","M","R","M","E","R","B",null,"M","?","?","M","$","R","?","R","T","E","$","M","E","M","R","B",null,"M","?","$","?","?","E","R","?","T","R","?","E","$","M","R","B",null],"character_chosen":"DEFECT","items_purchased":["Membership Card","Mercury Hourglass","Acrobatics+1","Battle Trance+1","Runic Capacitor","Scrape","Frozen Egg 2","Consume+1","ClockworkSouvenir","Oddly Smooth Stone"],"campfire_rested":2,"item_purchase_floors":[22,22,28,28,28,28,28,37,37,37],"current_hp_per_floor":[75,75,75,75,68,68,35,33,33,33,33,33,33,26,26,25,75,67,67,67,67,67,67,32,32,32,10,10,9,5,5,70,31,70,53,53,53,53,27,18,65,65,65,65,62,60,60,60,60,52],"gold":70,"neow_bonus":"","is_prod":false,"is_daily":true,"chose_seed":false,"campfire_upgraded":8,"win_rate":0,"timestamp":1554868569,"path_taken":["M","M","$","?","M","R","E","M","T","R","M","R","M","E","R","BOSS","M","?","?","M","$","R","?","R","T","E","$","M","E","M","R","BOSS","M","?","$","?","?","E","R","?","T","R","?","E","$","M","R","BOSS"],"build_version":"2019-01-23","purchased_purges":2,"victory":true,"max_hp_per_floor":[75,75,75,75,75,75,75,75,75,75,75,75,75,75,75,75,75,75,75,75,75,75,75,75,75,75,75,75,75,75,75,70,70,70,70,70,70,70,70,70,65,65,65,65,62,62,62,62,62,62],"card_choices":[{"not_picked":["Acrobatics","Iron Wave"],"picked":"Defragment","floor":1},{"not_picked":["Steam Power","Streamline","Prepared"],"picked":"SKIP","floor":2},{"not_picked":["Heavy Blade","Skim","Compile Driver"],"picked":"SKIP","floor":5},{"not_picked":["Tempest","Body Slam"],"picked":"Reinforced Body","floor":7},{"not_picked":["Sucker Punch","Heatsinks"],"picked":"Footwork","floor":8},{"not_picked":["Havoc","Redo"],"picked":"FTL","floor":11},{"not_picked":["Streamline","Catalyst"],"picked":"Loop","floor":13},{"not_picked":["Consume","Caltrops","Reckless Charge"],"picked":"SKIP","floor":14},{"not_picked":["Bullet Time","A Thousand Cuts"],"picked":"Machine Learning","floor":16},{"not_picked":["Slice","Compile Driver+1"],"picked":"Whirlwind+1","floor":18},{"not_picked":["Beam Cell+1","Chill"],"picked":"Iron Wave+1","floor":21},{"not_picked":["Hemokinesis","Dagger Spray+1"],"picked":"Reinforced Body+1","floor":27},{"not_picked":["Perfected Strike","Anger+1","Cloak And Dagger+1"],"picked":"SKIP","floor":29},{"not_picked":["Rainbow+1","Capacitor+1","Stack+1"],"picked":"SKIP","floor":30},{"not_picked":["Blade Dance+1","Heavy Blade+1","Hello World+1"],"picked":"SKIP","floor":31},{"not_picked":["Loop+1","Dagger Throw+1"],"picked":"Cold Snap+1","floor":32},{"not_picked":["Juggernaut+1","Thunder Strike"],"picked":"Machine Learning+1","floor":33},{"not_picked":["Thunderclap+1","Spot Weakness+1"],"picked":"Loop+1","floor":35},{"not_picked":["Eviscerate","Doom and Gloom","Cleave"],"picked":"SKIP","floor":40},{"not_picked":["Reckless Charge+1","Clothesline+1"],"picked":"Defragment+1","floor":46},{"not_picked":["Cleave+1","Battle Trance+1"],"picked":"Flame Barrier+1","floor":48}],"player_experience":913361,"relics_obtained":[{"floor":7,"key":"DataDisk"},{"floor":9,"key":"Emotion Chip"},{"floor":14,"key":"Juzu Bracelet"},{"floor":26,"key":"Toxic Egg 2"},{"floor":27,"key":"Dream Catcher"},{"floor":30,"key":"Bag of Marbles"},{"floor":39,"key":"StoneCalendar"},{"floor":40,"key":"Incense Burner"},{"floor":40,"key":"Symbiotic Virus"},{"floor":43,"key":"Lantern"},{"floor":46,"key":"Vajra"},{"floor":46,"key":"Bottled Lightning"}],"event_choices":[{"damage_healed":0,"gold_gain":0,"player_choice":"1 cards matched","damage_taken":0,"max_hp_gain":0,"max_hp_loss":0,"event_name":"Match and Keep!","floor":4,"gold_loss":0,"cards_obtained":["Burst"]},{"damage_healed":0,"gold_gain":0,"player_choice":"Forge","damage_taken":0,"max_hp_gain":0,"max_hp_loss":0,"event_name":"Accursed Blacksmith","floor":19,"gold_loss":0,"cards_upgraded":["Footwork"]},{"damage_healed":0,"gold_gain":0,"player_choice":"Obtained Relic","damage_taken":0,"relics_obtained":["The Courier"],"max_hp_gain":0,"max_hp_loss":0,"event_name":"Addict","floor":20,"gold_loss":85},{"damage_healed":0,"gold_gain":360,"player_choice":"GOLD GOLD GOLD GOLD ","damage_taken":35,"max_hp_gain":0,"max_hp_loss":0,"event_name":"Knowing Skull","floor":24,"potions_obtained":[],"gold_loss":0,"cards_obtained":[]},{"cards_removed":["Iron Wave"],"damage_healed":0,"gold_gain":0,"player_choice":"Removed Attack","damage_taken":0,"max_hp_gain":0,"max_hp_loss":0,"event_name":"Falling","floor":36,"gold_loss":0},{"damage_healed":0,"gold_gain":0,"player_choice":"Upgraded","damage_taken":0,"max_hp_gain":0,"max_hp_loss":0,"event_name":"Upgrade Shrine","floor":38,"gold_loss":0,"cards_upgraded":["Machine Learning"]},{"damage_healed":0,"gold_gain":0,"player_choice":"Fight","damage_taken":0,"max_hp_gain":0,"max_hp_loss":0,"event_name":"Mysterious Sphere","floor":39,"gold_loss":0},{"damage_healed":0,"gold_gain":0,"player_choice":"Paid","damage_taken":0,"relics_obtained":["Red Mask"],"max_hp_gain":0,"max_hp_loss":0,"event_name":"Tomb of Lord Red Mask","floor":42,"gold_loss":102},{"damage_healed":0,"gold_gain":0,"player_choice":"Max HP","damage_taken":0,"max_hp_gain":0,"max_hp_loss":3,"event_name":"Winding Halls","floor":45,"gold_loss":0}],"is_beta":false,"boss_relics":[{"not_picked":["Cursed Key","White Beast Statue"],"picked":"Sozu"},{"not_picked":["Coffee Dripper","Busted Crown"],"picked":"Black Star"}],"items_purged_floors":[28,37],"is_endless":false,"potions_floor_spawned":[7,11,14,16,31,33,39,46],"ascension_level":0}