{"gold_per_floor":[115,132,132,0,15,15,350,350,350,362,39,64,64,114,114,114],"floor_reached":16,"playtime":643,"items_purged":[],"score":194,"play_id":"6711db33-05c8-4822-9bf7-ca8f6671061b","local_time":"20190411174846","is_ascension_mode":true,"campfire_choices":[{"data":"Uppercut","floor":6,"key":"SMITH"},{"data":"Bash","floor":8,"key":"SMITH"},{"data":"Entrench","floor":13,"key":"SMITH"},{"data":"Limit Break","floor":15,"key":"SMITH"}],"neow_cost":"NONE","seed_source_timestamp":8982579008529,"circlet_count":0,"master_deck":["AscendersBane","Strike_R","Strike_R","Strike_R","Strike_R","Strike_R","Defend_R","Defend_R","Defend_R","Defend_R","Bash+1","Shrug It Off","Disarm","Iron Wave","Spot Weakness","Uppercut+1","Disarm","Rampage","Flame Barrier","Limit Break+1","Feed","Entrench+1"],"relics":["Burning Blood","Old Coin","Gremlin Horn","Prayer Wheel"],"potions_floor_usage":[12,16],"damage_taken":[{"damage":7,"enemies":"Jaw Worm","floor":1,"turns":6},{"damage":0,"enemies":"Small Slimes","floor":2,"turns":3},{"damage":10,"enemies":"Cultist","floor":5,"turns":5},{"damage":23,"enemies":"3 Sentries","floor":7,"turns":10},{"damage":2,"enemies":"3 Louse","floor":10,"turns":6},{"damage":30,"enemies":"Lagavulin","floor":12,"turns":11},{"damage":39,"enemies":"The Guardian","floor":16,"turns":13}],"seed_played":"8618760215721249270","potions_obtained":[{"floor":1,"key":"GamblersBrew"},{"floor":12,"key":"Swift Potion"}],"is_trial":false,"path_per_floor":["M","M","?","$","M","R","E","R","T","M","$","E","R","?","R","B"],"character_chosen":"IRONCLAD","items_purchased":["Spot Weakness","Uppercut","Limit Break","Feed"],"campfire_rested":0,"item_purchase_floors":[4,4,11,11],"current_hp_per_floor":[67,73,73,73,69,69,52,52,52,56,56,35,35,35,35,0],"gold":114,"neow_bonus":"THREE_CARDS","is_prod":false,"is_daily":false,"chose_seed":false,"campfire_upgraded":4,"win_rate":0,"timestamp":1555015726,"path_taken":["M","M","?","$","M","R","E","R","T","M","$","E","R","?","R","BOSS"],"build_version":"2019-01-23","purchased_purges":0,"victory":false,"max_hp_per_floor":[75,75,75,75,75,75,75,75,75,75,75,78,78,78,78,78],"card_choices":[{"not_picked":["Burning Pact","Wild Strike"],"picked":"Shrug It Off","floor":0},{"not_picked":["Body Slam","Thunderclap"],"picked":"Disarm","floor":1},{"not_picked":["Wild Strike","Dropkick"],"picked":"Iron Wave","floor":2},{"not_picked":["Clash","Thunderclap"],"picked":"Disarm","floor":5},{"not_picked":["Sentinel","Clash"],"picked":"Rampage","floor":7},{"not_picked":["Anger","Ghostly Armor"],"picked":"Flame Barrier","floor":10},{"not_picked":["Sword Boomerang","Cleave"],"picked":"Entrench","floor":12}],"player_experience":606080,"relics_obtained":[{"floor":7,"key":"Old Coin"},{"floor":9,"key":"Gremlin Horn"},{"floor":12,"key":"Prayer Wheel"}],"event_choices":[{"damage_healed":0,"gold_gain":0,"player_choice":"Ignored","damage_taken":0,"max_hp_gain":0,"max_hp_loss":0,"event_name":"Shining Light","floor":3,"gold_loss":0},{"damage_healed":0,"gold_gain":50,"player_choice":"Pray","damage_taken":0,"max_hp_gain":0,"max_hp_loss":0,"event_name":"Golden Shrine","floor":14,"gold_loss":0}],"is_beta":false,"boss_relics":[],"items_purged_floors":[],"is_endless":false,"potions_floor_spawned":[1,12],"killed_by":"The Guardian","ascension_level":16}