{"gold_per_floor":[115,190,35,54,54,67,67,87,135,135,165,181,181,181,181,181],"floor_reached":16,"playtime":385,"items_purged":["Regret"],"score":200,"play_id":"7b9ce9d5-8d58-44d6-8944-fb0d5b50b42a","local_time":"20190104141739","is_ascension_mode":true,"campfire_choices":[{"data":"1","floor":7,"key":"LIFT"},{"data":"Perfected Strike","floor":10,"key":"SMITH"},{"data":"2","floor":15,"key":"LIFT"}],"neow_cost":"CURSE","seed_source_timestamp":13801259750184,"circlet_count":0,"master_deck":["AscendersBane","Strike_R","Strike_R","Strike_R","Strike_R","Strike_R","Defend_R","Defend_R","Defend_R","Defend_R","Bash","Perfected Strike+1","Cleave","Clothesline","Wild Strike","Pommel Strike+1","Pommel Strike","Flame Barrier"],"relics":["Burning Blood","Girya","Art of War","Strawberry"],"potions_floor_usage":[8,11,16,16],"damage_taken":[{"damage":18,"enemies":"Jaw Worm","floor":1,"turns":6},{"damage":5,"enemies":"Small Slimes","floor":4,"turns":3},{"damage":0,"enemies":"Cultist","floor":6,"turns":3},{"damage":0,"enemies":"Exordium Wildlife","floor":8,"turns":1},{"damage":7,"enemies":"Gremlin Nob","floor":11,"turns":3},{"damage":11,"enemies":"3 Louse","floor":12,"turns":4},{"damage":81,"enemies":"Hexaghost","floor":16,"turns":9}],"seed_played":"-4383410261291553662","potions_obtained":[{"floor":6,"key":"Poison Potion"},{"floor":11,"key":"Regen Potion"},{"floor":12,"key":"Swift Potion"}],"is_trial":false,"path_per_floor":["M","?","$","M","?","M","R","M","T","R","E","M","?","?","R","B"],"character_chosen":"IRONCLAD","items_purchased":["AttackPotion","Cleave"],"campfire_rested":0,"item_purchase_floors":[3,3],"current_hp_per_floor":[56,45,45,46,46,52,52,58,58,58,64,59,64,64,64,0],"gold":181,"neow_bonus":"ONE_RARE_RELIC","is_prod":false,"is_daily":false,"chose_seed":false,"campfire_upgraded":1,"win_rate":0,"timestamp":1546607859,"path_taken":["M","?","$","M","?","M","R","?","T","R","E","M","?","?","R","BOSS"],"build_version":"2019-01-03v3","purchased_purges":1,"victory":false,"max_hp_per_floor":[75,75,75,75,75,75,75,75,75,75,82,82,87,87,87,87],"card_choices":[{"not_picked":["Rage","Infernal Blade"],"picked":"Perfected Strike","floor":1},{"not_picked":["Entrench","Warcry"],"picked":"Clothesline","floor":4},{"not_picked":["Armaments","Sword Boomerang"],"picked":"Wild Strike","floor":6},{"not_picked":["Thunderclap","Sword Boomerang"],"picked":"Pommel Strike","floor":8},{"not_picked":["Clash","Shrug It Off"],"picked":"Pommel Strike","floor":11},{"not_picked":["Body Slam","Heavy Blade"],"picked":"Flame Barrier","floor":12}],"player_experience":1102426,"relics_obtained":[{"floor":9,"key":"Art of War"},{"floor":11,"key":"Strawberry"}],"event_choices":[{"damage_healed":0,"gold_gain":75,"player_choice":"Gather Gold","damage_taken":11,"max_hp_gain":0,"max_hp_loss":0,"event_name":"World of Goop","floor":2,"gold_loss":0},{"damage_healed":0,"gold_gain":0,"player_choice":"Ignored","damage_taken":0,"max_hp_gain":0,"max_hp_loss":0,"event_name":"Liars Game","floor":5,"gold_loss":0},{"damage_healed":0,"gold_gain":0,"player_choice":"Donut","damage_taken":0,"max_hp_gain":5,"max_hp_loss":0,"event_name":"Big Fish","floor":13,"gold_loss":0},{"damage_healed":0,"gold_gain":0,"player_choice":"Upgraded","damage_taken":0,"max_hp_gain":0,"max_hp_loss":0,"event_name":"Upgrade Shrine","floor":14,"gold_loss":0,"cards_upgraded":["Pommel Strike"]}],"is_beta":false,"boss_relics":[],"items_purged_floors":[3],"is_endless":false,"potions_floor_spawned":[6,11,12],"killed_by":"Hexaghost","ascension_level":20}