{"gold_per_floor":[109,136,83,134,150,176,176,202,202,221,243,255,255,270,270,270],"floor_reached":16,"playtime":606,"items_purged":[],"score":193,"play_id":"a007ba6f-ced5-4eb1-808f-60fb9b12f370","local_time":"20190406024754","is_ascension_mode":true,"campfire_choices":[{"data":"Clothesline","floor":7,"key":"SMITH"},{"floor":13,"key":"REST"},{"data":"True Grit","floor":15,"key":"SMITH"}],"neow_cost":"NONE","seed_source_timestamp":4898322147237,"circlet_count":0,"master_deck":["AscendersBane","Strike_R","Strike_R","Strike_R","Strike_R","Strike_R","Defend_R","Defend_R","Defend_R","Defend_R","Bash+1","Rampage","Shrug It Off","Clothesline+1","Feed","True Grit+1","Headbutt","Inflame","Flame Barrier","Sword Boomerang"],"relics":["Burning Blood","Happy Flower","StoneCalendar","Centennial Puzzle","Prayer Wheel","Odd Mushroom"],"potions_floor_usage":[],"damage_taken":[{"damage":1,"enemies":"Cultist","floor":1,"turns":3},{"damage":6,"enemies":"Jaw Worm","floor":5,"turns":3},{"damage":32,"enemies":"Lagavulin","floor":6,"turns":7},{"damage":29,"enemies":"3 Sentries","floor":8,"turns":7},{"damage":0,"enemies":"Small Slimes","floor":10,"turns":2},{"damage":25,"enemies":"The Mushroom Lair","floor":11,"turns":5},{"damage":7,"enemies":"2 Fungi Beasts","floor":12,"turns":3},{"damage":9,"enemies":"Large Slime","floor":14,"turns":6},{"damage":52,"enemies":"Hexaghost","floor":16,"turns":11}],"seed_played":"-905919779435775541","potions_obtained":[{"floor":5,"key":"PowerPotion"},{"floor":6,"key":"SteroidPotion"},{"floor":12,"key":"Strength Potion"}],"is_trial":false,"path_per_floor":["M","T","$","?","M","E","R","E","T","M","?","M","R","M","R","B"],"character_chosen":"IRONCLAD","items_purchased":["Shrug It Off"],"campfire_rested":1,"item_purchase_floors":[3],"current_hp_per_floor":[73,73,73,73,73,47,47,27,27,36,20,22,48,45,45,0],"gold":270,"neow_bonus":"UPGRADE_CARD","is_prod":false,"is_daily":false,"chose_seed":false,"campfire_upgraded":2,"win_rate":0,"timestamp":1554529674,"path_taken":["M","?","?","?","M","E","R","E","T","M","?","M","R","M","R","BOSS"],"build_version":"2019-01-23","purchased_purges":0,"victory":false,"max_hp_per_floor":[75,75,75,75,75,75,75,78,78,81,84,87,87,87,87,87],"card_choices":[{"not_picked":["Cleave","Shrug It Off"],"picked":"Rampage","floor":1},{"not_picked":["Twin Strike","Feel No Pain"],"picked":"Clothesline","floor":5},{"not_picked":["Iron Wave","Thunderclap"],"picked":"Feed","floor":6},{"not_picked":["Iron Wave","Wild Strike"],"picked":"True Grit","floor":8},{"not_picked":["Combust","Warcry"],"picked":"Headbutt","floor":10},{"not_picked":["Cleave","Iron Wave"],"picked":"Inflame","floor":10},{"not_picked":["Flex","Clothesline"],"picked":"Flame Barrier","floor":11},{"not_picked":["Seeing Red","Fire Breathing"],"picked":"Sword Boomerang","floor":12},{"not_picked":["Hemokinesis","Pommel Strike","Iron Wave"],"picked":"SKIP","floor":12},{"not_picked":["Feel No Pain","Twin Strike","Dark Embrace"],"picked":"SKIP","floor":14},{"not_picked":["True Grit","Havoc","Anger"],"picked":"SKIP","floor":14}],"player_experience":522555,"relics_obtained":[{"floor":2,"key":"Happy Flower"},{"floor":6,"key":"StoneCalendar"},{"floor":8,"key":"Centennial Puzzle"},{"floor":9,"key":"Prayer Wheel"},{"floor":11,"key":"Odd Mushroom"}],"event_choices":[{"damage_healed":0,"gold_gain":51,"player_choice":"Gained Gold","damage_taken":0,"max_hp_gain":0,"max_hp_loss":0,"event_name":"Golden Wing","floor":4,"gold_loss":0},{"damage_healed":0,"gold_gain":0,"player_choice":"Fought Mushrooms","damage_taken":0,"max_hp_gain":0,"max_hp_loss":0,"event_name":"Mushrooms","floor":11,"gold_loss":0}],"is_beta":false,"boss_relics":[],"items_purged_floors":[],"is_endless":false,"potions_floor_spawned":[5,6,12],"killed_by":"Hexaghost","ascension_level":15}