{"gold_per_floor":[114,124,124,124,50,79,79,108,165,165,19,19,19,38,38,113,113,131,46,58,36,36,36,55,55,79,79,89,189,216,233,233,306,306,316,230,230,230,247,277,277,290,315,329,329,329],"floor_reached":46,"playtime":2776,"items_purged":["Strike_R"],"score":845,"play_id":"25c7ddd7-1a9f-4863-b45b-3e7fb4c12eec","local_time":"20190403173858","is_ascension_mode":true,"campfire_choices":[{"floor":7,"key":"REST"},{"data":"Uppercut","floor":10,"key":"SMITH"},{"data":"Havoc","floor":13,"key":"SMITH"},{"data":"Feel No Pain","floor":15,"key":"SMITH"},{"data":"Fiend Fire","floor":23,"key":"SMITH"},{"data":"Warcry","floor":25,"key":"SMITH"},{"floor":32,"key":"REST"},{"data":"Limit Break","floor":41,"key":"SMITH"},{"floor":45,"key":"REST"}],"neow_cost":"NONE","seed_source_timestamp":5945162680158,"circlet_count":0,"master_deck":["AscendersBane","Strike_R","Strike_R","Strike_R","Defend_R","Defend_R","Defend_R","Defend_R","Shrug It Off","Feel No Pain+1","Uppercut+1","Battle Trance","Havoc+1","Shrug It Off","Pommel Strike","Shrug It Off","Fiend Fire+1","Hemokinesis","Disarm","Spot Weakness","Warcry+1","Heavy Blade+1","Spot Weakness","Limit Break+1","Inflame+1","Metallicize+1","Shrug It Off","Havoc+1","Cleave+1","Clothesline+1"],"relics":["Burning Blood","Pen Nib","Orichalcum","Tiny Chest","Velvet Choker","MawBank","Happy Flower","StoneCalendar","Frozen Egg 2","Bag of Preparation","Eternal Feather","WingedGreaves","Pantograph","Centennial Puzzle"],"potions_floor_usage":[1,30,30,42,44,46],"damage_taken":[{"damage":4,"enemies":"Jaw Worm","floor":1,"turns":4},{"damage":15,"enemies":"Small Slimes","floor":2,"turns":5},{"damage":52,"enemies":"Gremlin Nob","floor":6,"turns":6},{"damage":22,"enemies":"3 Sentries","floor":8,"turns":11},{"damage":0,"enemies":"Cultist","floor":14,"turns":3},{"damage":24,"enemies":"The Guardian","floor":16,"turns":14},{"damage":0,"enemies":"Chosen","floor":18,"turns":3},{"damage":8,"enemies":"2 Thieves","floor":24,"turns":4},{"damage":3,"enemies":"Snecko","floor":28,"turns":4},{"damage":7,"enemies":"Colosseum Slavers","floor":29,"turns":4},{"damage":9,"enemies":"Colosseum Nobs","floor":29,"turns":4},{"damage":13,"enemies":"Gremlin Leader","floor":30,"turns":5},{"damage":12,"enemies":"Snake Plant","floor":31,"turns":3},{"damage":52,"enemies":"Collector","floor":33,"turns":10},{"damage":11,"enemies":"3 Shapes","floor":35,"turns":5},{"damage":9,"enemies":"Orb Walker","floor":39,"turns":3},{"damage":7,"enemies":"Nemesis","floor":40,"turns":7},{"damage":57,"enemies":"Transient","floor":42,"turns":5},{"damage":25,"enemies":"Jaw Worm Horde","floor":44,"turns":7},{"damage":55,"enemies":"Reptomancer","floor":46,"turns":3}],"seed_played":"-3867278032751974792","potions_obtained":[{"floor":0,"key":"Dexterity Potion"},{"floor":0,"key":"Strength Potion"},{"floor":2,"key":"PowerPotion"},{"floor":33,"key":"Explosive Potion"},{"floor":42,"key":"Swift Potion"},{"floor":44,"key":"SpeedPotion"}],"is_trial":false,"path_per_floor":["M","M","?","?","$","E","R","E","T","R","$","?","R","M","R","B",null,"M","?","?","$","?","R","M","R","T","?","M","?","E","M","R","B",null,"M","$","?","T","M","E","R","M","T","M","R","E"],"character_chosen":"IRONCLAD","items_purchased":["Uppercut","Shrug It Off","Pommel Strike","Disarm","Metallicize+1","Shrug It Off"],"campfire_rested":3,"item_purchase_floors":[5,11,11,21,36,36],"current_hp_per_floor":[74,65,70,63,63,17,42,26,26,26,26,26,26,32,32,14,67,73,73,57,57,57,57,55,55,55,55,58,54,47,41,68,22,73,68,68,68,68,65,64,79,28,28,9,54,0],"gold":329,"neow_bonus":"THREE_SMALL_POTIONS","is_prod":false,"is_daily":false,"chose_seed":false,"campfire_upgraded":6,"win_rate":0,"timestamp":1554323938,"path_taken":["M","M","?","?","$","E","R","E","T","R","$","?","R","?","R","BOSS","M","?","?","$","?","R","M","R","T","?","M","?","E","M","R","BOSS","M","$","?","?","?","E","R","M","T","M","R","E"],"build_version":"2019-01-23","purchased_purges":1,"victory":false,"max_hp_per_floor":[80,80,85,85,85,85,85,85,85,85,85,85,85,85,85,85,85,85,85,90,90,90,90,90,90,90,90,90,90,90,90,90,90,90,90,90,90,90,90,90,90,90,90,90,90,90],"card_choices":[{"not_picked":["Pummel","Wild Strike"],"picked":"Shrug It Off","floor":1},{"not_picked":["Cleave","Reckless Charge"],"picked":"Feel No Pain","floor":2},{"not_picked":["Corruption","Entrench"],"picked":"Battle Trance","floor":6},{"not_picked":["Clash","Dropkick"],"picked":"Havoc","floor":8},{"not_picked":["Reckless Charge","Sentinel"],"picked":"Shrug It Off","floor":14},{"not_picked":["Reaper","Berserk"],"picked":"Fiend Fire","floor":16},{"not_picked":["Twin Strike","Body Slam"],"picked":"Hemokinesis","floor":18},{"not_picked":["Cleave","Second Wind"],"picked":"Warcry","floor":24},{"not_picked":["Sword Boomerang","Dual Wield","Twin Strike"],"picked":"SKIP","floor":28},{"not_picked":["Sword Boomerang","True Grit"],"picked":"Heavy Blade+1","floor":29},{"not_picked":["True Grit","Shockwave"],"picked":"Spot Weakness","floor":30},{"not_picked":["Flex","Armaments","Clash"],"picked":"SKIP","floor":31},{"not_picked":["Feed","Immolate"],"picked":"Limit Break","floor":33},{"not_picked":["Armaments","Heavy Blade"],"picked":"Inflame+1","floor":35},{"not_picked":["Wild Strike+1","True Grit"],"picked":"Havoc+1","floor":39},{"not_picked":["Twin Strike","Heavy Blade"],"picked":"Cleave+1","floor":40},{"not_picked":["Dual Wield","Sever Soul+1"],"picked":"Clothesline+1","floor":42},{"not_picked":["Heavy Blade","Second Wind","Spot Weakness"],"picked":"SKIP","floor":44}],"player_experience":488094,"relics_obtained":[{"floor":6,"key":"Pen Nib"},{"floor":8,"key":"Orichalcum"},{"floor":9,"key":"Tiny Chest"},{"floor":26,"key":"Happy Flower"},{"floor":29,"key":"StoneCalendar"},{"floor":29,"key":"Frozen Egg 2"},{"floor":30,"key":"Bag of Preparation"},{"floor":38,"key":"WingedGreaves"},{"floor":40,"key":"Pantograph"},{"floor":43,"key":"Centennial Puzzle"}],"event_choices":[{"damage_healed":0,"gold_gain":0,"player_choice":"Donut","damage_taken":0,"max_hp_gain":5,"max_hp_loss":0,"event_name":"Big Fish","floor":3,"gold_loss":0},{"cards_removed":["Strike_R"],"damage_healed":0,"gold_gain":0,"player_choice":"Card Removal","damage_taken":7,"max_hp_gain":0,"max_hp_loss":0,"event_name":"Golden Wing","floor":4,"gold_loss":0},{"cards_removed":["Bash"],"damage_healed":0,"gold_gain":0,"player_choice":"Offered Basic","damage_taken":0,"max_hp_gain":0,"max_hp_loss":0,"event_name":"Bonfire Elementals","floor":12,"gold_loss":0},{"damage_healed":0,"gold_gain":0,"player_choice":"Obtained Relic","damage_taken":0,"relics_obtained":["MawBank"],"max_hp_gain":0,"max_hp_loss":0,"event_name":"Addict","floor":19,"gold_loss":85},{"damage_healed":0,"gold_gain":0,"player_choice":"Shed Blood","damage_taken":21,"max_hp_gain":5,"max_hp_loss":0,"event_name":"Forgotten Altar","floor":20,"gold_loss":0},{"damage_healed":0,"gold_gain":0,"player_choice":"Read","damage_taken":0,"max_hp_gain":0,"max_hp_loss":0,"event_name":"The Library","floor":22,"gold_loss":0,"cards_obtained":["Spot Weakness"]},{"damage_healed":0,"gold_gain":0,"player_choice":"Ignored","damage_taken":0,"max_hp_gain":0,"max_hp_loss":0,"event_name":"Ghosts","floor":27,"gold_loss":0},{"damage_healed":0,"gold_gain":0,"player_choice":"Fight","damage_taken":0,"max_hp_gain":0,"max_hp_loss":0,"event_name":"Colosseum","floor":29,"gold_loss":0},{"damage_healed":0,"gold_gain":0,"player_choice":"Fought Nobs","damage_taken":0,"max_hp_gain":0,"max_hp_loss":0,"event_name":"Colosseum","floor":29,"gold_loss":0},{"damage_healed":0,"gold_gain":0,"player_choice":"Ignored","damage_taken":0,"max_hp_gain":0,"max_hp_loss":0,"event_name":"Tomb of Lord Red Mask","floor":37,"gold_loss":0}],"is_beta":false,"boss_relics":[{"not_picked":["Empty Cage","Snecko Eye"],"picked":"Velvet Choker"},{"not_picked":["White Beast Statue","Philosopher\u0027s Stone"],"picked":"Eternal Feather"}],"items_purged_floors":[11],"is_endless":false,"potions_floor_spawned":[2,8,16,24,28,33,42,44],"killed_by":"Reptomancer","ascension_level":13}