{"gold_per_floor":[113,113,113,129,204,232,232,260,260,276,276,50,126,159,159,254,254,266,276,124,135,161,161,176,176,176,202,0,75],"floor_reached":29,"playtime":960,"items_purged":["Normality"],"score":394,"play_id":"3e4253ee-4228-4c53-ba56-d4ee4d6af7bd","local_time":"20190328031120","is_ascension_mode":true,"campfire_choices":[{"data":"Bash","floor":7,"key":"SMITH"},{"data":"Sword Boomerang","floor":15,"key":"SMITH"},{"data":"Limit Break","floor":23,"key":"SMITH"},{"data":"Heavy Blade","floor":25,"key":"SMITH"}],"neow_cost":"NONE","seed_source_timestamp":42188021627297,"circlet_count":0,"master_deck":["Strike_R","Strike_R","Strike_R","Strike_R","Strike_R","Defend_R","Defend_R","Defend_R","Defend_R","Bash+1","Spot Weakness","Pommel Strike","Inflame","Flame Barrier","Sword Boomerang+1","Battle Trance","Master of Strategy","Cleave","Feed","Parasite","Normality","Pommel Strike","Limit Break+1","Inflame","Burning Pact+1","Heavy Blade+1","Pommel Strike"],"relics":["Burning Blood","NeowsBlessing","Darkstone Periapt","Dream Catcher","Lantern","Shuriken","Du-Vu Doll","Calling Bell","Anchor","Gremlin Horn","Incense Burner","Bag of Preparation","Singing Bowl","Art of War"],"potions_floor_usage":[8,16,27,27],"damage_taken":[{"damage":0,"enemies":"Jaw Worm","floor":1,"turns":1},{"damage":0,"enemies":"Cultist","floor":4,"turns":1},{"damage":0,"enemies":"3 Sentries","floor":6,"turns":1},{"damage":20,"enemies":"Gremlin Nob","floor":8,"turns":4},{"damage":0,"enemies":"Small Slimes","floor":10,"turns":3},{"damage":28,"enemies":"3 Sentries","floor":14,"turns":8},{"damage":18,"enemies":"Slime Boss","floor":16,"turns":8},{"damage":2,"enemies":"Chosen","floor":18,"turns":2},{"damage":22,"enemies":"Spheric Guardian","floor":19,"turns":4},{"damage":26,"enemies":"Snake Plant","floor":21,"turns":3},{"damage":6,"enemies":"Snecko","floor":24,"turns":4},{"damage":62,"enemies":"Slavers","floor":27,"turns":6}],"seed_played":"2729862980292410404","potions_obtained":[{"floor":4,"key":"Block Potion"},{"floor":8,"key":"EssenceOfSteel"},{"floor":14,"key":"SpeedPotion"},{"floor":16,"key":"Strength Potion"},{"floor":21,"key":"LiquidBronze"},{"floor":27,"key":"GamblersBrew"}],"is_trial":false,"path_per_floor":["M","$","?","M","?","E","R","E","T","M","$","$","T","E","R","B",null,"M","M","$","M","T","R","M","R","T","E","?","?"],"character_chosen":"IRONCLAD","items_purchased":["Battle Trance","Master of Strategy","Inflame"],"campfire_rested":0,"item_purchase_floors":[12,12,20],"current_hp_per_floor":[78,78,78,80,69,75,75,61,61,67,67,67,67,45,45,33,86,90,74,74,57,57,57,60,60,60,7,7,0],"gold":75,"neow_bonus":"THREE_ENEMY_KILL","is_prod":false,"is_daily":false,"chose_seed":false,"campfire_upgraded":4,"win_rate":0,"timestamp":1553753480,"path_taken":["M","$","?","M","?","E","R","E","T","M","?","$","?","E","R","BOSS","M","?","$","M","?","R","M","R","T","E","?","?"],"build_version":"2019-01-23","purchased_purges":1,"victory":false,"max_hp_per_floor":[80,80,80,80,80,80,80,80,80,80,80,80,80,80,80,80,98,98,98,98,101,101,101,104,104,104,107,107,107],"card_choices":[{"not_picked":["Flex","Feel No Pain"],"picked":"Spot Weakness","floor":1},{"not_picked":["Flex","Armaments"],"picked":"Pommel Strike","floor":4},{"not_picked":["Second Wind","Power Through"],"picked":"Inflame","floor":6},{"not_picked":["Double Tap","Anger"],"picked":"Flame Barrier","floor":8},{"not_picked":["Armaments","Body Slam"],"picked":"Sword Boomerang","floor":10},{"not_picked":["Perfected Strike","Infernal Blade"],"picked":"Cleave","floor":14},{"not_picked":["Fiend Fire","Brutality"],"picked":"Feed","floor":16},{"not_picked":["Cleave","Armaments"],"picked":"Pommel Strike","floor":18},{"not_picked":["Cleave","Entrench"],"picked":"Limit Break","floor":19},{"not_picked":["Evolve","Anger"],"picked":"Burning Pact+1","floor":21},{"not_picked":["Clash","Feel No Pain+1"],"picked":"Heavy Blade","floor":24},{"not_picked":["Seeing Red+1","Wild Strike"],"picked":"Pommel Strike","floor":27}],"player_experience":421605,"relics_obtained":[{"floor":6,"key":"Darkstone Periapt"},{"floor":8,"key":"Dream Catcher"},{"floor":9,"key":"Lantern"},{"floor":13,"key":"Shuriken"},{"floor":14,"key":"Du-Vu Doll"},{"floor":17,"key":"Anchor"},{"floor":17,"key":"Gremlin Horn"},{"floor":17,"key":"Incense Burner"},{"floor":22,"key":"Bag of Preparation"},{"floor":26,"key":"Singing Bowl"},{"floor":27,"key":"Art of War"}],"event_choices":[{"damage_healed":0,"gold_gain":0,"player_choice":"Ignored","damage_taken":0,"max_hp_gain":0,"max_hp_loss":0,"event_name":"Shining Light","floor":3,"gold_loss":0},{"damage_healed":0,"gold_gain":75,"player_choice":"Gather Gold","damage_taken":11,"max_hp_gain":0,"max_hp_loss":0,"event_name":"World of Goop","floor":5,"gold_loss":0},{"damage_healed":0,"gold_gain":0,"player_choice":"Paid Fearfully","damage_taken":0,"max_hp_gain":0,"max_hp_loss":0,"event_name":"Masked Bandits","floor":28,"gold_loss":202},{"damage_healed":0,"gold_gain":75,"player_choice":"Touch","damage_taken":10,"max_hp_gain":0,"max_hp_loss":0,"event_name":"FaceTrader","floor":29,"gold_loss":0}],"is_beta":false,"boss_relics":[{"not_picked":["Busted Crown","Tiny House"],"picked":"Calling Bell"}],"items_purged_floors":[20],"is_endless":false,"potions_floor_spawned":[4,8,14,16,21,27],"ascension_level":6}