{"path_per_floor":["M","M","M","M","?","E","R","E","T","R","$","$","M","?","R"],"character_chosen":"IRONCLAD","items_purchased":["Thinking Ahead"],"gold_per_floor":[114,127,146,156,156,183,183,218,218,218,5,5,15,15,15,15],"floor_reached":16,"campfire_rested":1,"playtime":1325,"current_hp_per_floor":[76,75,76,72,75,45,45,23,23,23,23,23,21,21,48,0],"items_purged":[],"gold":15,"score":110,"play_id":"a9a65e9b-48b5-4b83-9b14-faf3010a881f","local_time":"20180415233835","is_prod":false,"is_daily":false,"chose_seed":false,"is_ascension_mode":false,"campfire_upgraded":0,"timestamp":1523860715,"path_taken":["M","?","M","M","?","E","R","E","T","R","?","$","?","?","R","BOSS"],"build_version":"2018-04-12","seed_source_timestamp":41804760884155,"purchased_purges":0,"victory":false,"master_deck":["Strike_R","Strike_R","Strike_R","Strike_R","Strike_R","Defend_R","Defend_R","Defend_R","Bash","Evolve","Flex","Pommel Strike","Burning Pact","Cleave","Infernal Blade","Warcry","Thinking Ahead","Rampage","Feed"],"max_hp_per_floor":[80,80,80,80,90,90,90,90,90,90,90,90,90,90,90,90],"relics":["Burning Blood","Pear","Shovel","Omamori","Centennial Puzzle","Frozen Egg 2","Smiling Mask"],"card_choices":[{"not_picked":["Sword Boomerang","Clash"],"picked":"Evolve","floor":0},{"not_picked":["Anger","Sever Soul"],"picked":"Flex","floor":1},{"not_picked":["Clash","Body Slam"],"picked":"Pommel Strike","floor":2},{"not_picked":["Combust","Twin Strike"],"picked":"Burning Pact","floor":3},{"not_picked":["Body Slam","Combust"],"picked":"Cleave","floor":4},{"not_picked":["Feel No Pain","Shrug It Off"],"picked":"Infernal Blade","floor":6},{"not_picked":["Flex","Uppercut"],"picked":"Warcry","floor":8},{"not_picked":["Body Slam","Fiend Fire"],"picked":"Rampage","floor":13}],"player_experience":179443,"potions_floor_usage":[6,6,13],"damage_taken":[{"damage":10,"enemies":"Cultist","floor":1,"turns":4},{"damage":7,"enemies":"Small Slimes","floor":2,"turns":4},{"damage":5,"enemies":"Jaw Worm","floor":3,"turns":5},{"damage":10,"enemies":"Looter","floor":4,"turns":3},{"damage":36,"enemies":"Lagavulin","floor":6,"turns":10},{"damage":28,"enemies":"3 Sentries","floor":8,"turns":6},{"damage":8,"enemies":"2 Fungi Beasts","floor":13,"turns":3},{"damage":48,"enemies":"Hexaghost","floor":16,"turns":9}],"event_choices":[{"event_name":"Scrap Ooze","player_choice":"success","floor":5,"damage_taken":7},{"event_name":"Living Wall","player_choice":"Change","floor":14,"damage_taken":0}],"boss_relics":[],"potions_floor_spawned":[3,4,8],"seed_played":"6670638477654929273","killed_by":"Hexaghost","ascension_level":0,"is_trial":false}