{"gold_per_floor":[116,136,151,116,37,37,37,62,62,90,90,106,123,134,134,233,233,249,58,72,91,91,91,24,56,80,92,92,120,120,151,151,151],"floor_reached":33,"playtime":2902,"items_purged":["Writhe"],"score":410,"play_id":"362acc03-618b-42aa-9cbb-6a943bc8621f","local_time":"20180920151255","is_ascension_mode":true,"campfire_choices":[{"data":"Neutralize","floor":6,"key":"SMITH"},{"data":"Dagger Spray","floor":11,"key":"SMITH"},{"floor":15,"key":"REST"},{"data":"Die Die Die","floor":23,"key":"SMITH"},{"data":"Noxious Fumes","floor":28,"key":"SMITH"},{"data":"PiercingWail","floor":30,"key":"SMITH"},{"floor":32,"key":"REST"}],"neow_cost":"NONE","seed_source_timestamp":1366425190376904,"circlet_count":0,"master_deck":["Defend_G","Defend_G","Defend_G","Defend_G","Defend_G","Strike_G","Strike_G","Strike_G","Strike_G","Strike_G","Survivor","Neutralize+1","Dagger Spray+1","PiercingWail+1","Unload","Cloak And Dagger+1","Acrobatics+1","Malaise+1","Clumsy","Clumsy","Die Die Die+1","PiercingWail+1","Backflip+1","Cloak And Dagger+1","Noxious Fumes+1"],"relics":["Ring of the Snake","Bag of Marbles","Pen Nib","Meat on the Bone","Toxic Egg 2","Calling Bell","Centennial Puzzle","Ninja Scroll","Pocketwatch","Darkstone Periapt","Orichalcum","Strawberry","Bag of Preparation"],"potions_floor_usage":[12,25,27,29,31,33],"damage_taken":[{"damage":8,"enemies":"Small Slimes","floor":1,"turns":5},{"damage":0,"enemies":"Cultist","floor":2,"turns":3},{"damage":2,"enemies":"Jaw Worm","floor":3,"turns":4},{"damage":34,"enemies":"Lagavulin","floor":8,"turns":8},{"damage":10,"enemies":"3 Sentries","floor":10,"turns":7},{"damage":0,"enemies":"3 Louse","floor":12,"turns":1},{"damage":1,"enemies":"Exordium Wildlife","floor":13,"turns":3},{"damage":0,"enemies":"Exordium Thugs","floor":14,"turns":2},{"damage":51,"enemies":"The Guardian","floor":16,"turns":18},{"damage":2,"enemies":"Chosen","floor":18,"turns":4},{"damage":18,"enemies":"Spheric Guardian","floor":20,"turns":6},{"damage":0,"enemies":"3 Cultists","floor":21,"turns":2},{"damage":15,"enemies":"Slavers","floor":25,"turns":5},{"damage":9,"enemies":"Snake Plant","floor":27,"turns":6},{"damage":1,"enemies":"Book of Stabbing","floor":29,"turns":6},{"damage":17,"enemies":"Gremlin Leader","floor":31,"turns":7},{"damage":70,"enemies":"Champ","floor":33,"turns":14}],"seed_played":"-5345925323882397612","potions_obtained":[{"floor":8,"key":"Ancient Potion"},{"floor":10,"key":"Weak Potion"},{"floor":12,"key":"Fruit Juice"},{"floor":18,"key":"Dexterity Potion"},{"floor":27,"key":"Strength Potion"},{"floor":29,"key":"Explosive Potion"}],"is_trial":false,"path_per_floor":["M","M","M","?","$","R","$","E","T","E","R","M","M","M","R","B",null,"M","$","M","M","?","R","$","E","T","M","R","E","R","E","R"],"character_chosen":"THE_SILENT","items_purchased":["Unload","Die Die Die","PiercingWail+1","Noxious Fumes"],"campfire_rested":2,"item_purchase_floors":[5,19,19,24],"current_hp_per_floor":[55,55,53,70,70,70,70,36,36,38,38,43,42,42,64,25,63,61,61,43,43,68,68,68,53,53,44,44,50,50,45,69,0],"gold":151,"neow_bonus":"RANDOM_COMMON_RELIC","is_prod":false,"is_daily":false,"chose_seed":false,"campfire_upgraded":5,"win_rate":0,"timestamp":1537449175,"path_taken":["M","M","M","?","$","R","$","E","T","E","R","?","M","M","R","BOSS","M","$","M","M","?","R","?","E","T","?","R","E","R","E","R","BOSS"],"build_version":"2018-09-06","purchased_purges":1,"victory":false,"max_hp_per_floor":[70,70,70,70,70,70,70,70,70,70,70,75,75,75,75,75,75,75,75,75,75,75,75,75,75,75,75,75,82,82,82,82,82],"card_choices":[{"not_picked":["Dagger Throw","Flying Knee"],"picked":"Dagger Spray","floor":1},{"not_picked":["Accuracy","Slice","Flying Knee"],"picked":"SKIP","floor":2},{"not_picked":["Bane","Dagger Spray"],"picked":"PiercingWail","floor":3},{"not_picked":["Slice","Setup","Distraction"],"picked":"SKIP","floor":8},{"not_picked":["Doppelganger","Envenom","Terror"],"picked":"SKIP","floor":10},{"not_picked":["Tactician+1","Infinite Blades","Deadly Poison+1"],"picked":"SKIP","floor":12},{"not_picked":["Quick Slash","Expertise+1"],"picked":"Cloak And Dagger+1","floor":13},{"not_picked":["Sucker Punch","Slice"],"picked":"Acrobatics+1","floor":14},{"not_picked":["Night Terror+1","Corpse Explosion+1"],"picked":"Malaise+1","floor":16},{"not_picked":["Sucker Punch","Dagger Spray","Bouncing Flask+1"],"picked":"SKIP","floor":18},{"not_picked":["Deflect+1","All Out Attack"],"picked":"Backflip+1","floor":20},{"not_picked":["Flechettes","Crippling Poison+1"],"picked":"Cloak And Dagger+1","floor":21},{"not_picked":["Prepared+1","Sucker Punch","Deflect+1"],"picked":"SKIP","floor":25},{"not_picked":["Expertise+1","Prepared+1","Corpse Explosion+1"],"picked":"SKIP","floor":27},{"not_picked":["Slice","Backflip+1","Escape Plan+1"],"picked":"SKIP","floor":29},{"not_picked":["Masterful Stab","Deadly Poison+1","Deflect+1"],"picked":"SKIP","floor":31}],"player_experience":371203,"relics_obtained":[{"floor":8,"key":"Pen Nib"},{"floor":9,"key":"Meat on the Bone"},{"floor":10,"key":"Toxic Egg 2"},{"floor":17,"key":"Centennial Puzzle"},{"floor":17,"key":"Ninja Scroll"},{"floor":17,"key":"Pocketwatch"},{"floor":25,"key":"Darkstone Periapt"},{"floor":26,"key":"Orichalcum"},{"floor":29,"key":"Strawberry"},{"floor":31,"key":"Bag of Preparation"}],"event_choices":[{"event_name":"The Cleric","player_choice":"Healed","floor":4,"damage_taken":0},{"event_name":"The Library","player_choice":"Heal","floor":22,"damage_taken":0}],"is_beta":false,"boss_relics":[{"not_picked":["Runic Pyramid","Eternal Feather"],"picked":"Calling Bell"}],"items_purged_floors":[19],"is_endless":false,"potions_floor_spawned":[8,10,12,18,21,27,29],"killed_by":"Champ","ascension_level":6}