{"gold_per_floor":[116,132,132,146,159,159,191,191,191,201,219,219,248,273,285,395,407,438,550,150,164,89,120,120,120,172,199,199,219,253,253,253,350,350,365,120,120,130,147,179,179,208,208,208,236,254,254,264,264,264],"floor_reached":51,"playtime":2771,"items_purged":["Strike_B","Defend_B"],"score":1152,"play_id":"ca0cedca-d3fb-4228-ba24-d7cc7abe99b2","local_time":"20190424221648","is_ascension_mode":true,"campfire_choices":[{"data":"Go for the Eyes","floor":6,"key":"SMITH"},{"data":"Defragment","floor":8,"key":"SMITH"},{"floor":12,"key":"REST"},{"floor":15,"key":"REST"},{"floor":24,"key":"REST"},{"data":"Zap","floor":28,"key":"SMITH"},{"data":"Defragment","floor":32,"key":"SMITH"},{"data":"Lockon","floor":41,"key":"SMITH"},{"floor":44,"key":"REST"},{"data":"Capacitor","floor":49,"key":"SMITH"}],"neow_cost":"NONE","seed_source_timestamp":708811879199839,"circlet_count":0,"master_deck":["Defend_B","Defend_B","Zap+1","Dualcast","Electrodynamics","Go for the Eyes+1","BootSequence","Multi-Cast","Defragment+1","Leap","Lockon+1","Static Discharge","Thunder Strike","Undo","FTL+1","Go for the Eyes+1","Undo+1","Capacitor+1","White Noise","Reinforced Body+1","Ball Lightning","Defragment+1","Seek+1","Conserve Battery+1"],"relics":["Cracked Core","Incense Burner","Cables","Thread and Needle","MawBank","Sozu","Gambling Chip","Letter Opener","Omamori","MealTicket","Happy Flower","Anchor","Regal Pillow","Toxic Egg 2","Empty Cage","Blood Vial","Bottled Tornado","Potion Belt","The Courier","Ancient Tea Set"],"potions_floor_usage":[13,13,16],"damage_taken":[{"damage":7,"enemies":"Jaw Worm","floor":1,"turns":3},{"damage":1,"enemies":"Cultist","floor":2,"turns":3},{"damage":7,"enemies":"2 Louse","floor":4,"turns":2},{"damage":0,"enemies":"Large Slime","floor":5,"turns":4},{"damage":33,"enemies":"Gremlin Nob","floor":7,"turns":5},{"damage":3,"enemies":"3 Louse","floor":10,"turns":3},{"damage":0,"enemies":"2 Fungi Beasts","floor":11,"turns":3},{"damage":14,"enemies":"Lagavulin","floor":13,"turns":7},{"damage":0,"enemies":"Blue Slaver","floor":14,"turns":4},{"damage":14,"enemies":"Slime Boss","floor":16,"turns":5},{"damage":2,"enemies":"Spheric Guardian","floor":18,"turns":4},{"damage":11,"enemies":"Colosseum Slavers","floor":19,"turns":4},{"damage":13,"enemies":"Colosseum Nobs","floor":19,"turns":3},{"damage":0,"enemies":"Chosen","floor":21,"turns":5},{"damage":21,"enemies":"Slavers","floor":23,"turns":4},{"damage":0,"enemies":"Gremlin Leader","floor":27,"turns":4},{"damage":0,"enemies":"Sentry and Sphere","floor":29,"turns":3},{"damage":6,"enemies":"Book of Stabbing","floor":30,"turns":5},{"damage":20,"enemies":"Automaton","floor":33,"turns":4},{"damage":7,"enemies":"3 Darklings","floor":35,"turns":3},{"damage":0,"enemies":"3 Shapes","floor":38,"turns":3},{"damage":14,"enemies":"3 Darklings","floor":39,"turns":3},{"damage":18,"enemies":"Giant Head","floor":40,"turns":9},{"damage":12,"enemies":"Nemesis","floor":42,"turns":7},{"damage":0,"enemies":"Reptomancer","floor":45,"turns":5},{"damage":0,"enemies":"Jaw Worm Horde","floor":46,"turns":3},{"damage":0,"enemies":"4 Shapes","floor":48,"turns":2},{"damage":19,"enemies":"Donu and Deca","floor":50,"turns":5}],"seed_played":"-3100104196356535577","potions_obtained":[{"floor":1,"key":"SteroidPotion"},{"floor":4,"key":"Dexterity Potion"},{"floor":10,"key":"SpeedPotion"},{"floor":11,"key":"AttackPotion"},{"floor":16,"key":"Strength Potion"}],"is_trial":false,"path_per_floor":["?","M","?","?","?","?","?","M","?"],"character_chosen":"DEFECT","items_purchased":["Omamori","MealTicket","Blood Vial"],"campfire_rested":4,"item_purchase_floors":[20,20,36],"current_hp_per_floor":[61,60,60,53,53,53,20,20,20,17,17,39,25,25,47,33,65,63,39,39,39,39,18,40,40,40,40,40,40,34,59,59,39,66,59,74,74,75,61,45,45,35,35,72,74,75,75,75,75,56],"gold":264,"neow_bonus":"ONE_RANDOM_RARE_CARD","is_prod":false,"is_daily":false,"chose_seed":false,"campfire_upgraded":6,"win_rate":0,"timestamp":1556119008,"path_taken":["M","M","?","M","M","R","E","R","T","M","M","R","E","?","R","BOSS","M","?","$","M","?","E","R","?","T","E","R","M","E","?","R","BOSS","M","$","?","M","M","E","R","E","T","R","E","?","?","M","R","BOSS"],"build_version":"2019-01-23","purchased_purges":2,"victory":true,"max_hp_per_floor":[75,75,75,75,75,75,75,75,75,75,75,75,75,75,75,75,75,75,75,75,75,75,75,75,75,75,75,75,75,75,75,75,75,75,75,75,75,75,75,75,75,75,75,75,75,75,75,75,75,75],"card_choices":[{"not_picked":["Consume","Streamline","Beam Cell"],"picked":"SKIP","floor":1},{"not_picked":["Chill","Redo"],"picked":"Go for the Eyes","floor":2},{"not_picked":["Hologram","Coolheaded"],"picked":"BootSequence","floor":4},{"not_picked":["Compile Driver","Rebound"],"picked":"Multi-Cast","floor":5},{"not_picked":["Stack","Conserve Battery"],"picked":"Defragment","floor":7},{"not_picked":["Gash","Recycle"],"picked":"Leap","floor":10},{"not_picked":["Gash","Melter"],"picked":"Lockon","floor":11},{"not_picked":["Go for the Eyes","Chill"],"picked":"Barrage","floor":13},{"not_picked":["Blizzard","Sweeping Beam"],"picked":"Static Discharge","floor":14},{"not_picked":["Amplify","Rainbow"],"picked":"Thunder Strike","floor":16},{"not_picked":["Conserve Battery","Go for the Eyes"],"picked":"Undo","floor":18},{"not_picked":["Sweeping Beam","Scrape"],"picked":"FTL+1","floor":19},{"not_picked":["Sweeping Beam","Turbo"],"picked":"Go for the Eyes+1","floor":21},{"not_picked":["Rebound","Compile Driver+1"],"picked":"Undo+1","floor":23},{"not_picked":["BootSequence+1","Glacier"],"picked":"Reinforced Body","floor":27},{"not_picked":["Steam Power","Stack"],"picked":"Ball Lightning","floor":29},{"not_picked":["Force Field","Meteor Strike"],"picked":"Defragment","floor":30},{"not_picked":["Creative AI","Fission+1"],"picked":"Seek+1","floor":33},{"not_picked":["Aggregate+1","Hologram+1"],"picked":"Conserve Battery+1","floor":35},{"not_picked":["Barrage","Compile Driver+1","Force Field+1"],"picked":"SKIP","floor":38},{"not_picked":["Sweeping Beam","Steam+1","Beam Cell"],"picked":"SKIP","floor":39},{"not_picked":["Beam Cell","Turbo+1","Cold Snap"],"picked":"SKIP","floor":40},{"not_picked":["Redo+1","Cold Snap","Leap+1"],"picked":"SKIP","floor":42},{"not_picked":["Compile Driver","Coolheaded+1","Streamline"],"picked":"SKIP","floor":45},{"not_picked":["Meteor Strike","Go for the Eyes","Beam Cell"],"picked":"SKIP","floor":46},{"not_picked":["Loop","Leap+1","Coolheaded+1"],"picked":"SKIP","floor":48}],"player_experience":300723,"relics_obtained":[{"floor":7,"key":"Cables"},{"floor":9,"key":"Thread and Needle"},{"floor":13,"key":"MawBank"},{"floor":19,"key":"Gambling Chip"},{"floor":19,"key":"Letter Opener"},{"floor":23,"key":"Happy Flower"},{"floor":26,"key":"Anchor"},{"floor":27,"key":"Regal Pillow"},{"floor":30,"key":"Toxic Egg 2"},{"floor":40,"key":"Bottled Tornado"},{"floor":42,"key":"Potion Belt"},{"floor":43,"key":"The Courier"},{"floor":45,"key":"Ancient Tea Set"}],"event_choices":[{"damage_healed":0,"gold_gain":0,"player_choice":"Gave Potion","damage_taken":0,"relics_obtained":["Incense Burner"],"max_hp_gain":0,"max_hp_loss":0,"event_name":"WeMeetAgain","floor":3,"gold_loss":0},{"damage_healed":0,"gold_gain":0,"player_choice":"Fight","damage_taken":0,"max_hp_gain":0,"max_hp_loss":0,"event_name":"Colosseum","floor":19,"gold_loss":0},{"damage_healed":0,"gold_gain":0,"player_choice":"Fought Nobs","damage_taken":0,"max_hp_gain":0,"max_hp_loss":0,"event_name":"Colosseum","floor":19,"gold_loss":0},{"cards_removed":["Strike_B"],"damage_healed":0,"gold_gain":0,"player_choice":"Gave Gold","damage_taken":0,"max_hp_gain":0,"max_hp_loss":0,"event_name":"Beggar","floor":22,"gold_loss":75},{"damage_healed":0,"gold_gain":0,"cards_transformed":["Strike_B","Strike_B"],"player_choice":"Became Test Subject","damage_taken":0,"max_hp_gain":0,"max_hp_loss":0,"event_name":"Drug Dealer","floor":25,"gold_loss":0,"cards_obtained":["Capacitor","White Noise"]},{"damage_healed":25,"gold_gain":0,"player_choice":"Heal","damage_taken":0,"max_hp_gain":0,"max_hp_loss":0,"event_name":"The Library","floor":31,"gold_loss":0},{"damage_healed":0,"gold_gain":0,"player_choice":"Upgraded","damage_taken":0,"max_hp_gain":0,"max_hp_loss":0,"event_name":"Upgrade Shrine","floor":37,"gold_loss":0,"cards_upgraded":["Reinforced Body"]},{"damage_healed":0,"gold_gain":0,"player_choice":"Leave","damage_taken":0,"max_hp_gain":0,"max_hp_loss":0,"event_name":"FaceTrader","floor":47,"gold_loss":0}],"is_beta":false,"boss_relics":[{"not_picked":["Runic Dome","Velvet Choker"],"picked":"Sozu"},{"not_picked":["Astrolabe","Nuclear Battery"],"picked":"Empty Cage"}],"items_purged_floors":[20,36],"is_endless":false,"potions_floor_spawned":[1,4,10,11,16,19,23,27,29,35,38,45,46],"ascension_level":8}