{"gold_per_floor":[115,134,209,12,30,30,58,74,74,84,84,119,130,148,148,244,244,255,289,289,302,217,245,245,271,353,353,353,353,372,63,63,164,164,174,186,186,286,298,326,326,326,326,354,58,58,72,24,24,24],"floor_reached":51,"playtime":3669,"items_purged":["Strike_B"],"score":1314,"play_id":"37563483-45a3-4e31-aedc-beeb812d009e","local_time":"20190310121721","is_ascension_mode":true,"campfire_choices":[{"data":"Hologram","floor":6,"key":"SMITH"},{"floor":15,"key":"REST"},{"floor":24,"key":"REST"},{"floor":27,"key":"RECALL"},{"floor":32,"key":"REST"},{"data":"1","floor":41,"key":"LIFT"},{"data":"2","floor":46,"key":"LIFT"},{"data":"3","floor":49,"key":"LIFT"}],"neow_cost":"NONE","seed_source_timestamp":1071216618811100,"circlet_count":0,"master_deck":["Defend_B","Defend_B","Zap","Dualcast","Tempest+1","Turbo+1","Sunder+1","Hologram+1","Defragment","Capacitor","Coolheaded","Steam","Thunder Strike","Conserve Battery","Conserve Battery","Steam Power","Double Energy","Coolheaded","Buffer+1","Cold Snap+1","Defragment+1","Defragment+1","Self Repair+1","Doom and Gloom+1","Glacier","Capacitor+1","Leap+1","Impatience","Dark Shackles","Panache+1","Self Repair+1","Madness","Madness","FTL","Defragment+1","Conserve Battery"],"relics":["Astrolabe","Cables","Frozen Egg 2","Bottled Flame","Fusion Hammer","Red Mask","Bag of Preparation","Regal Pillow","Sundial","Meat on the Bone","Runic Capacitor","Busted Crown","Girya","Shuriken","Dodecahedron","DataDisk","Art of War","Lantern"],"potions_floor_usage":[7,19,21,23,25,50,50],"damage_taken":[{"damage":0,"enemies":"2 Louse","floor":1,"turns":1},{"damage":6,"enemies":"Cultist","floor":2,"turns":4},{"damage":0,"enemies":"Jaw Worm","floor":5,"turns":1},{"damage":1,"enemies":"Lagavulin","floor":7,"turns":3},{"damage":3,"enemies":"Blue Slaver","floor":8,"turns":2},{"damage":3,"enemies":"3 Louse","floor":10,"turns":4},{"damage":9,"enemies":"3 Sentries","floor":12,"turns":6},{"damage":2,"enemies":"Lots of Slimes","floor":13,"turns":4},{"damage":4,"enemies":"Looter","floor":14,"turns":2},{"damage":18,"enemies":"Hexaghost","floor":16,"turns":13},{"damage":2,"enemies":"3 Byrds","floor":18,"turns":5},{"damage":38,"enemies":"Masked Bandits","floor":19,"turns":4},{"damage":0,"enemies":"Shell Parasite","floor":21,"turns":7},{"damage":0,"enemies":"Book of Stabbing","floor":23,"turns":9},{"damage":1,"enemies":"Slavers","floor":25,"turns":8},{"damage":0,"enemies":"3 Cultists","floor":30,"turns":4},{"damage":0,"enemies":"Champ","floor":33,"turns":16},{"damage":0,"enemies":"Orb Walker","floor":35,"turns":6},{"damage":0,"enemies":"3 Shapes","floor":36,"turns":5},{"damage":0,"enemies":"Mind Bloom Boss Battle","floor":38,"turns":6},{"damage":35,"enemies":"Spire Growth","floor":39,"turns":4},{"damage":0,"enemies":"Reptomancer","floor":40,"turns":6},{"damage":0,"enemies":"Giant Head","floor":44,"turns":10},{"damage":0,"enemies":"4 Shapes","floor":47,"turns":5},{"damage":0,"enemies":"Time Eater","floor":50,"turns":7}],"seed_played":"6614704496701836698","potions_obtained":[{"floor":2,"key":"Block Potion"},{"floor":5,"key":"FocusPotion"},{"floor":14,"key":"Ancient Potion"},{"floor":16,"key":"EssenceOfSteel"},{"floor":18,"key":"LiquidBronze"},{"floor":23,"key":"SkillPotion"},{"floor":30,"key":"LiquidBronze"},{"floor":33,"key":"Dexterity Potion"},{"floor":39,"key":"SkillPotion"}],"is_trial":false,"path_per_floor":["M","M","?","$","M","R","E","M","T","M","?","E","M","M","R","B",null,"M","?","?","M","?","E","R","E","T","R","?","?","M","$","R","B",null,"M","M","?","?","M","E","R","?","T","E","$","R","M","$","R","B",null],"character_chosen":"DEFECT","items_purchased":["Capacitor","Coolheaded","Runic Capacitor","Glacier","Capacitor+1","Art of War","Lantern","Conserve Battery"],"campfire_rested":3,"item_purchase_floors":[4,4,31,31,31,45,45,48],"current_hp_per_floor":[68,62,51,51,51,51,50,47,47,44,44,35,33,29,51,33,65,63,25,25,25,25,25,62,61,61,61,47,47,57,57,80,80,80,80,80,70,80,55,65,65,55,55,75,75,75,80,80,80,80],"gold":24,"neow_bonus":"BOSS_RELIC","is_prod":false,"is_daily":false,"chose_seed":false,"campfire_upgraded":1,"win_rate":0,"timestamp":1552245441,"path_taken":["M","M","?","$","M","R","E","M","T","M","?","E","?","M","R","BOSS","M","?","?","M","?","E","R","E","T","R","?","?","M","$","R","BOSS","M","?","?","?","M","E","R","?","T","E","$","R","M","?","R","BOSS"],"build_version":"2019-02-06","purchased_purges":1,"victory":true,"max_hp_per_floor":[75,75,75,75,75,75,75,75,75,75,75,75,75,75,75,75,75,75,75,75,75,75,75,75,75,75,75,80,80,80,80,80,80,80,80,80,80,80,80,80,80,80,80,80,80,80,80,80,80,80],"card_choices":[{"not_picked":["Sweeping Beam","Beam Cell"],"picked":"Hologram","floor":1},{"not_picked":["Hologram","Compile Driver"],"picked":"Defragment","floor":2},{"not_picked":["Hologram","Gash"],"picked":"Steam","floor":5},{"not_picked":["Fusion","Stack"],"picked":"Thunder Strike","floor":7},{"not_picked":["Melter","Turbo"],"picked":"Conserve Battery","floor":8},{"not_picked":["Beam Cell","Steam Power"],"picked":"Conserve Battery","floor":10},{"not_picked":["Barrage","Scrape"],"picked":"Steam Power","floor":12},{"not_picked":["Redo","Beam Cell"],"picked":"Double Energy","floor":13},{"not_picked":["Stack","Melter"],"picked":"Coolheaded","floor":14},{"not_picked":["Biased Cognition+1","Rainbow"],"picked":"Buffer+1","floor":16},{"not_picked":["Rebound","Reprogram"],"picked":"Cold Snap+1","floor":18},{"not_picked":["Force Field","Sweeping Beam"],"picked":"Defragment+1","floor":19},{"not_picked":["Gash+1","Amplify","Auto Shields"],"picked":"SKIP","floor":21},{"not_picked":["Scrape","Sweeping Beam","Beam Cell"],"picked":"SKIP","floor":23},{"not_picked":["Biased Cognition+1","Rebound"],"picked":"Defragment+1","floor":25},{"not_picked":["Leap","Rip and Tear"],"picked":"Doom and Gloom+1","floor":30},{"not_picked":["Rebound"],"picked":"SKIP","floor":35},{"not_picked":[],"picked":"Leap+1","floor":36},{"not_picked":[],"picked":"Impatience","floor":37},{"not_picked":[],"picked":"Dark Shackles","floor":37},{"not_picked":[],"picked":"Panache+1","floor":37},{"not_picked":["Sweeping Beam+1"],"picked":"SKIP","floor":39},{"not_picked":[],"picked":"Self Repair+1","floor":40},{"not_picked":[],"picked":"FTL","floor":44},{"not_picked":[],"picked":"Defragment+1","floor":47}],"player_experience":605856,"relics_obtained":[{"floor":7,"key":"Cables"},{"floor":9,"key":"Frozen Egg 2"},{"floor":12,"key":"Bottled Flame"},{"floor":19,"key":"Red Mask"},{"floor":23,"key":"Regal Pillow"},{"floor":25,"key":"Sundial"},{"floor":26,"key":"Meat on the Bone"},{"floor":38,"key":"Girya"},{"floor":40,"key":"Shuriken"},{"floor":43,"key":"Dodecahedron"},{"floor":44,"key":"DataDisk"}],"event_choices":[{"damage_healed":0,"gold_gain":75,"player_choice":"Gather Gold","damage_taken":11,"max_hp_gain":0,"max_hp_loss":0,"event_name":"World of Goop","floor":3,"gold_loss":0},{"cards_removed":["Defend_B"],"damage_healed":0,"gold_gain":0,"player_choice":"Card Removal","damage_taken":0,"max_hp_gain":0,"max_hp_loss":0,"event_name":"Wheel of Change","floor":11,"gold_loss":0},{"damage_healed":0,"gold_gain":0,"player_choice":"Fought Bandits","damage_taken":0,"max_hp_gain":0,"max_hp_loss":0,"event_name":"Masked Bandits","floor":19,"gold_loss":0},{"damage_healed":0,"gold_gain":0,"player_choice":"Ignored","damage_taken":0,"max_hp_gain":0,"max_hp_loss":0,"event_name":"Ghosts","floor":20,"gold_loss":0},{"damage_healed":0,"gold_gain":0,"player_choice":"Obtained Relic","damage_taken":0,"relics_obtained":["Bag of Preparation"],"max_hp_gain":0,"max_hp_loss":0,"event_name":"Addict","floor":22,"gold_loss":85},{"damage_healed":0,"gold_gain":0,"player_choice":"Shed Blood","damage_taken":19,"max_hp_gain":5,"max_hp_loss":0,"event_name":"Forgotten Altar","floor":28,"gold_loss":0},{"damage_healed":0,"gold_gain":0,"cards_transformed":["Defend_B"],"player_choice":"Transformed","damage_taken":0,"max_hp_gain":0,"max_hp_loss":0,"event_name":"Transmorgrifier","floor":29,"gold_loss":0,"cards_obtained":["Self Repair"]},{"damage_healed":0,"gold_gain":0,"player_choice":"Memory 3","damage_taken":10,"max_hp_gain":0,"max_hp_loss":0,"event_name":"SensoryStone","floor":37,"gold_loss":0},{"damage_healed":0,"gold_gain":0,"player_choice":"Fight","damage_taken":0,"max_hp_gain":0,"max_hp_loss":0,"event_name":"MindBloom","floor":38,"gold_loss":0},{"damage_healed":0,"gold_gain":0,"player_choice":"Embrace Madness","damage_taken":10,"max_hp_gain":0,"max_hp_loss":0,"event_name":"Winding Halls","floor":42,"gold_loss":0,"cards_obtained":["Madness","Madness"]}],"is_beta":true,"boss_relics":[{"not_picked":["Pandora\u0027s Box","Tiny House"],"picked":"Fusion Hammer"},{"not_picked":["Runic Pyramid","Black Star"],"picked":"Busted Crown"}],"items_purged_floors":[4],"is_endless":false,"potions_floor_spawned":[2,5,14,16,18,23,30,33,39,44,47],"ascension_level":8}