{"gold_per_floor":[115,128,128,53,228,255,255,287,287,318,329,344,344,355,355,453,453,469,481,481,498,426,426,426,426,451,221,239,265,0,12,12,110,110,129,129,23,38,53,53,79,96,96,96,110,110],"floor_reached":46,"playtime":2940,"items_purged":["Decay"],"score":662,"play_id":"680a1c27-2ccb-4b39-af1a-dc8d588a5d86","local_time":"20190215203635","is_ascension_mode":true,"campfire_choices":[{"floor":15,"key":"REST"},{"data":"White Noise","floor":23,"key":"SMITH"},{"floor":32,"key":"REST"},{"floor":40,"key":"REST"},{"floor":44,"key":"REST"}],"neow_cost":"PERCENT_DAMAGE","seed_source_timestamp":2744015667974700,"circlet_count":0,"master_deck":["Strike_B+1","Strike_B+1","Defend_B+1","Defend_B+1","Defend_B+1","Defend_B+1","Zap","Dualcast","Aggregate","Ball Lightning","Beam Cell","Cold Snap","Chill","Core Surge","White Noise+1","Coolheaded","Auto Shields","Core Surge","Rip and Tear","Machine Learning","Coolheaded","Fusion+1","Coolheaded","Defragment","RitualDagger","Heatsinks","Leap+1","Aggregate+1","Leap","Cold Snap","Storm","Stack","Reinforced Body","Creative AI","Beam Cell+1","Defragment","White Noise","Cold Snap","Loop","Capacitor+1","Fission","Chill+1"],"relics":["Cracked Core","Pantograph","Letter Opener","Blue Candle","Art of War","Cursed Key","Omamori","OrangePellets","Question Card","Eternal Feather","Darkstone Periapt"],"potions_floor_usage":[6,10,21,28,29,33,38,41,46],"damage_taken":[{"damage":3,"enemies":"2 Louse","floor":1,"turns":2},{"damage":2,"enemies":"Jaw Worm","floor":2,"turns":3},{"damage":27,"enemies":"3 Sentries","floor":6,"turns":7},{"damage":17,"enemies":"Gremlin Nob","floor":8,"turns":4},{"damage":21,"enemies":"Lagavulin","floor":10,"turns":6},{"damage":10,"enemies":"Small Slimes","floor":11,"turns":2},{"damage":0,"enemies":"Gremlin Gang","floor":12,"turns":4},{"damage":0,"enemies":"2 Fungi Beasts","floor":14,"turns":3},{"damage":19,"enemies":"Hexaghost","floor":16,"turns":9},{"damage":2,"enemies":"3 Byrds","floor":18,"turns":3},{"damage":0,"enemies":"Spheric Guardian","floor":19,"turns":4},{"damage":7,"enemies":"Cultist and Chosen","floor":21,"turns":6},{"damage":8,"enemies":"Snake Plant","floor":28,"turns":4},{"damage":16,"enemies":"Book of Stabbing","floor":29,"turns":5},{"damage":5,"enemies":"Snecko","floor":31,"turns":4},{"damage":34,"enemies":"Collector","floor":33,"turns":15},{"damage":7,"enemies":"Orb Walker","floor":35,"turns":4},{"damage":40,"enemies":"3 Darklings","floor":38,"turns":3},{"damage":31,"enemies":"Maw","floor":39,"turns":9},{"damage":35,"enemies":"Reptomancer","floor":41,"turns":9},{"damage":10,"enemies":"Sphere and 2 Shapes","floor":42,"turns":6},{"damage":16,"enemies":"4 Shapes","floor":45,"turns":7},{"damage":44,"enemies":"Jaw Worm Horde","floor":46,"turns":4}],"seed_played":"2020951618108999961","potions_obtained":[{"floor":1,"key":"SkillPotion"},{"floor":8,"key":"Energy Potion"},{"floor":10,"key":"SpeedPotion"},{"floor":14,"key":"Explosive Potion"},{"floor":16,"key":"SpeedPotion"},{"floor":18,"key":"FearPotion"},{"floor":20,"key":"Block Potion"},{"floor":29,"key":"SneckoOil"},{"floor":33,"key":"SkillPotion"},{"floor":38,"key":"Dexterity Potion"},{"floor":45,"key":"Explosive Potion"}],"is_trial":false,"path_per_floor":["M","M","?","$","?","E","?","E","T","E","M","M","?","M","R","B",null,"M","M","?","M","$","R","?","?","T","$","M","E","$","M","R","B",null,"M","?","$","M","M","R","E","M","T","R","M","M"],"character_chosen":"DEFECT","items_purchased":["Beam Cell","Cold Snap","Defragment","OrangePellets","Heatsinks","Leap","Cold Snap","Storm","Stack","Defragment","White Noise"],"campfire_rested":4,"item_purchase_floors":[4,4,22,27,27,30,30,30,30,37,37],"current_hp_per_floor":[61,59,88,88,88,61,54,37,37,16,6,6,6,6,32,38,76,74,74,74,67,67,67,67,61,61,61,53,37,37,32,58,49,79,72,72,72,32,1,48,13,3,3,53,37,0],"gold":110,"neow_bonus":"TWENTY_PERCENT_HP_BONUS","is_prod":false,"is_daily":false,"chose_seed":false,"campfire_upgraded":1,"win_rate":0,"timestamp":1550288195,"path_taken":["M","M","?","$","?","E","?","E","T","E","M","M","?","M","R","BOSS","M","M","?","?","$","R","?","?","T","$","M","E","?","M","R","BOSS","M","?","$","M","M","R","E","M","T","R","M","?"],"build_version":"2019-02-06","purchased_purges":1,"victory":false,"max_hp_per_floor":[89,89,89,89,89,89,89,89,89,89,89,89,89,89,89,89,89,89,89,89,89,89,89,89,89,89,89,89,89,89,89,89,89,89,89,89,89,89,89,89,89,89,89,89,89,89],"card_choices":[{"not_picked":["Streamline","Stack"],"picked":"Aggregate","floor":1},{"not_picked":["Compile Driver","Rip and Tear"],"picked":"Ball Lightning","floor":2},{"not_picked":["Compile Driver","Double Energy"],"picked":"Chill","floor":6},{"not_picked":["Recycle","Rip and Tear"],"picked":"Core Surge","floor":8},{"not_picked":["Sweeping Beam","Biased Cognition"],"picked":"White Noise","floor":10},{"not_picked":["BootSequence","Steam"],"picked":"Coolheaded","floor":11},{"not_picked":["Redo","Sweeping Beam"],"picked":"Auto Shields","floor":12},{"not_picked":["Streamline","Sweeping Beam"],"picked":"Rip and Tear","floor":14},{"not_picked":["Hyperbeam","Biased Cognition"],"picked":"Machine Learning","floor":16},{"not_picked":["Lockon","Stack"],"picked":"Coolheaded","floor":18},{"not_picked":["Beam Cell","Ball Lightning"],"picked":"Fusion+1","floor":19},{"not_picked":["Redo","Leap"],"picked":"Coolheaded","floor":21},{"not_picked":["Streamline","Compile Driver"],"picked":"Leap+1","floor":28},{"not_picked":["Beam Cell","Doom and Gloom+1"],"picked":"Aggregate+1","floor":29},{"not_picked":["Static Discharge","Consume","Go for the Eyes"],"picked":"Reinforced Body","floor":31},{"not_picked":["Rainbow","Core Surge","Biased Cognition"],"picked":"Creative AI","floor":33},{"not_picked":["Chaos+1","Hologram","Rip and Tear+1"],"picked":"Beam Cell+1","floor":35},{"not_picked":["Recycle+1","Go for the Eyes","Barrage"],"picked":"Cold Snap","floor":38},{"not_picked":["Compile Driver","Lockon+1","FTL"],"picked":"Loop","floor":39},{"not_picked":["White Noise+1","Hologram+1","Ball Lightning"],"picked":"Capacitor+1","floor":41},{"not_picked":["Gash+1","Sweeping Beam+1","Hologram"],"picked":"Fission","floor":42},{"not_picked":["Steam+1","Turbo+1","Redo"],"picked":"Chill+1","floor":45}],"player_experience":526643,"relics_obtained":[{"floor":6,"key":"Pantograph"},{"floor":8,"key":"Letter Opener"},{"floor":9,"key":"Blue Candle"},{"floor":10,"key":"Art of War"},{"floor":26,"key":"Omamori"},{"floor":29,"key":"Question Card"},{"floor":41,"key":"Darkstone Periapt"}],"event_choices":[{"damage_healed":29,"gold_gain":0,"player_choice":"Banana","damage_taken":0,"max_hp_gain":0,"max_hp_loss":0,"event_name":"Big Fish","floor":3,"gold_loss":0},{"damage_healed":0,"gold_gain":175,"player_choice":"AGREE","damage_taken":0,"max_hp_gain":0,"max_hp_loss":0,"event_name":"Liars Game","floor":5,"gold_loss":0,"cards_obtained":["Doubt"]},{"cards_removed":["Doubt"],"damage_healed":0,"gold_gain":0,"player_choice":"Card Removal","damage_taken":7,"max_hp_gain":0,"max_hp_loss":0,"event_name":"Golden Wing","floor":7,"gold_loss":0},{"damage_healed":0,"gold_gain":0,"cards_transformed":["Strike_B"],"player_choice":"Change","damage_taken":0,"max_hp_gain":0,"max_hp_loss":0,"event_name":"Living Wall","floor":13,"gold_loss":0,"cards_obtained":["Core Surge"]},{"damage_healed":0,"gold_gain":0,"player_choice":"Got Potions","damage_taken":0,"max_hp_gain":0,"max_hp_loss":0,"event_name":"Lab","floor":20,"gold_loss":0},{"damage_healed":0,"gold_gain":0,"player_choice":"Simplicity","damage_taken":0,"max_hp_gain":0,"max_hp_loss":0,"event_name":"Back to Basics","floor":24,"gold_loss":0,"cards_upgraded":["Strike_B","Strike_B","Strike_B","Defend_B","Defend_B","Defend_B","Defend_B"]},{"damage_healed":0,"gold_gain":0,"player_choice":"Joined the Cult","damage_taken":6,"max_hp_gain":0,"max_hp_loss":0,"event_name":"Nest","floor":25,"gold_loss":0,"cards_obtained":["RitualDagger"]},{"cards_removed":["Strike_B"],"damage_healed":0,"gold_gain":0,"player_choice":"Purged","damage_taken":0,"max_hp_gain":0,"max_hp_loss":0,"event_name":"Purifier","floor":36,"gold_loss":0}],"is_beta":true,"boss_relics":[{"not_picked":["Runic Pyramid","Philosopher\u0027s Stone"],"picked":"Cursed Key"},{"not_picked":["Tiny House","Empty Cage"],"picked":"Eternal Feather"}],"items_purged_floors":[30],"is_endless":false,"potions_floor_spawned":[1,8,10,14,16,18,29,33,38,45],"killed_by":"Jaw Worm Horde","ascension_level":6}