{"gold_per_floor":[216,141,158,178,202,152,175,175,175,199,199,232,85,106,106,230,230,250,56,56,56,79,79,118,132,132,172,172,190,74,94,94,219,282,300,127,150,173,173,206,206,231,231,252,252,252,252,266,266,266],"floor_reached":51,"playtime":10849,"items_purged":["Strike_G","Strike_G","Defend_G","Strike_G+1","Strike_G+1"],"score":717,"play_id":"56989be3-9fd1-45f3-9a7f-ac98f1349a94","local_time":"20181128185029","is_ascension_mode":false,"campfire_choices":[{"floor":11.0,"key":"REST"},{"floor":15.0,"key":"REST"},{"data":"Neutralize","floor":23.0,"key":"SMITH"},{"floor":28.0,"key":"REST"},{"data":"Burst","floor":32.0,"key":"SMITH"},{"floor":41.0,"key":"REST"},{"floor":46.0,"key":"REST"},{"data":"Madness","floor":49.0,"key":"SMITH"}],"neow_cost":"NONE","seed_source_timestamp":0,"circlet_count":0,"master_deck":["Defend_G+1","Defend_G+1","Defend_G+1","Survivor","Neutralize+1","Dagger Spray","Infinite Blades","Backflip","Bouncing Flask+1","After Image","Bandage Up","Heel Hook","Corpse Explosion","Flechettes","Escape Plan","Infinite Blades","Outmaneuver+1","Burst+1","Tools of the Trade","Adrenaline","Calculated Gamble+1","Accuracy","Noxious Fumes","Madness","Madness+1","Escape Plan+1","Catalyst+1"],"special_seed":0,"relics":["Ring of the Snake","Potion Belt","Odd Mushroom","Golden Idol","Mango","Smiling Mask","Runic Pyramid","Art of War","The Courier","Regal Pillow","Ginger","Tiny House","Blue Candle","Dream Catcher"],"potions_floor_usage":[50,50,50],"damage_taken":[{"damage":1.0,"enemies":"Cultist","floor":1.0,"turns":6.0},{"damage":3.0,"enemies":"Jaw Worm","floor":3.0,"turns":4.0},{"damage":2.0,"enemies":"Small Slimes","floor":4.0,"turns":3.0},{"damage":21.0,"enemies":"The Mushroom Lair","floor":7.0,"turns":5.0},{"damage":1.0,"enemies":"2 Fungi Beasts","floor":10.0,"turns":4.0},{"damage":21.0,"enemies":"Gremlin Nob","floor":12.0,"turns":4.0},{"damage":0.0,"enemies":"Blue Slaver","floor":14.0,"turns":4.0},{"damage":45.0,"enemies":"Hexaghost","floor":16.0,"turns":9.0},{"damage":11.0,"enemies":"Shell Parasite","floor":18.0,"turns":7.0},{"damage":5.0,"enemies":"Spheric Guardian","floor":22.0,"turns":4.0},{"damage":38.0,"enemies":"Book of Stabbing","floor":24.0,"turns":7.0},{"damage":2.0,"enemies":"Snecko","floor":25.0,"turns":5.0},{"damage":6.0,"enemies":"Gremlin Leader","floor":27.0,"turns":6.0},{"damage":3.0,"enemies":"Chosen and Byrds","floor":29.0,"turns":6.0},{"damage":3.0,"enemies":"Snake Plant","floor":31.0,"turns":5.0},{"damage":3.0,"enemies":"Automaton","floor":33.0,"turns":9.0},{"damage":9.0,"enemies":"3 Darklings","floor":35.0,"turns":4.0},{"damage":8.0,"enemies":"3 Shapes","floor":37.0,"turns":3.0},{"damage":0.0,"enemies":"Jaw Worm Horde","floor":38.0,"turns":3.0},{"damage":43.0,"enemies":"Reptomancer","floor":40.0,"turns":6.0},{"damage":20.0,"enemies":"Sphere and 2 Shapes","floor":42.0,"turns":5.0},{"damage":13.0,"enemies":"4 Shapes","floor":44.0,"turns":4.0},{"damage":13.0,"enemies":"Transient","floor":48.0,"turns":5.0},{"damage":56,"enemies":"Awakened One","floor":50,"turns":11}],"seed_played":"8803453673781958532","potions_obtained":[{"floor":3.0,"key":"SkillPotion"},{"floor":7.0,"key":"SteroidPotion"},{"floor":12.0,"key":"LiquidBronze"},{"floor":18.0,"key":"EntropicBrew"},{"floor":29.0,"key":"LiquidBronze"},{"floor":31.0,"key":"GhostInAJar"},{"floor":33.0,"key":"Strength Potion"},{"floor":34.0,"key":"Dexterity Potion"},{"floor":38.0,"key":"SpeedPotion"},{"floor":42.0,"key":"EntropicBrew"},{"floor":48.0,"key":"SpeedPotion"}],"is_trial":false,"path_per_floor":["M","$","M","M","T","?","?","?","T","M","R","E","$","M","R","B",null,"M","$","?","?","M","R","E","M","T","E","R","M","$","M","R","B",null,"M","$","M","M","?","E","R","M","T","M","?","R","?","M","R","B",null],"character_chosen":"THE_SILENT","items_purchased":["Bandage Up","Art of War","Tools of the Trade","Accuracy","Noxious Fumes"],"campfire_rested":5,"item_purchase_floors":[13,19,30,36,36],"current_hp_per_floor":[69,69,66,64,64,64,43,26,40,39,64,43,43,47,72,31,84,77,77,77,77,76,76,42,44,44,42,82,83,83,84,84,81,89,84,84,76,76,76,37,78,66,66,57,46,87,87,82,82,30],"gold":266,"neow_bonus":"HUNDRED_GOLD","is_prod":false,"is_daily":false,"chose_seed":false,"campfire_upgraded":3,"win_rate":0,"timestamp":1543459829,"path_taken":["M","$","M","M","?","?","?","?","T","M","R","E","$","M","R","BOSS","M","$","?","?","M","R","E","?","T","E","R","M","$","M","R","BOSS","M","$","M","M","?","E","R","M","T","?","?","R","?","?","R","BOSS"],"build_version":"2018-11-15","purchased_purges":5,"victory":true,"max_hp_per_floor":[70,70,70,70,70,70,70,70,84,84,84,84,84,84,84,84,84,84,84,84,84,84,84,84,84,84,84,84,84,84,84,84,84,89,89,89,89,89,89,89,89,89,89,89,89,89,89,89,89,89],"card_choices":[{"not_picked":["Bane","Finisher"],"picked":"Dagger Spray","floor":1.0},{"not_picked":["Setup","Prepared"],"picked":"Infinite Blades","floor":3.0},{"not_picked":["Reflex","Terror"],"picked":"Backflip","floor":4.0},{"not_picked":["Underhanded Strike","Deflect"],"picked":"Bouncing Flask","floor":7.0},{"not_picked":["Bane","Blade Dance","Poisoned Stab"],"picked":"SKIP","floor":10.0},{"not_picked":["Concentrate","Heel Hook"],"picked":"After Image","floor":12.0},{"not_picked":["Dodge and Roll","Poisoned Stab"],"picked":"Heel Hook","floor":14.0},{"not_picked":["Malaise","Doppelganger"],"picked":"Corpse Explosion","floor":16.0},{"not_picked":["Flying Knee","Cloak And Dagger"],"picked":"Flechettes","floor":18.0},{"not_picked":["Slice+1","Escape Plan"],"picked":"Infinite Blades","floor":22.0},{"not_picked":["Finisher+1","Corpse Explosion","Acrobatics"],"picked":"SKIP","floor":24.0},{"not_picked":["Footwork","Dagger Throw"],"picked":"Outmaneuver+1","floor":25.0},{"not_picked":["Deadly Poison+1","Flechettes"],"picked":"Burst","floor":27.0},{"not_picked":["Backflip","Quick Slash","Underhanded Strike+1"],"picked":"SKIP","floor":29.0},{"not_picked":["Dagger Spray","Backflip","Infinite Blades"],"picked":"SKIP","floor":31.0},{"not_picked":["Glass Knife","Burst"],"picked":"Adrenaline","floor":33.0},{"not_picked":["Dagger Throw","Deflect"],"picked":"Calculated Gamble+1","floor":34.0},{"not_picked":["Sucker Punch+1","Concentrate","Underhanded Strike"],"picked":"SKIP","floor":35.0},{"not_picked":["Sucker Punch+1","Bullet Time","Dodge and Roll+1"],"picked":"SKIP","floor":37.0},{"not_picked":["Dagger Throw+1","Flechettes","Acrobatics"],"picked":"SKIP","floor":38.0},{"not_picked":["Eviscerate+1","Distraction+1","Dash"],"picked":"SKIP","floor":40.0},{"not_picked":["Bouncing Flask","Bane","Calculated Gamble"],"picked":"SKIP","floor":42.0},{"not_picked":["Dash+1","Skewer","Bane"],"picked":"SKIP","floor":44.0},{"not_picked":["Slice","Flying Knee+1"],"picked":"Escape Plan+1","floor":46.0},{"not_picked":["Bane+1","Deadly Poison+1"],"picked":"Catalyst+1","floor":48.0}],"player_experience":933956,"relics_obtained":[{"floor":5.0,"key":"Potion Belt"},{"floor":7.0,"key":"Odd Mushroom"},{"floor":9.0,"key":"Mango"},{"floor":12.0,"key":"Smiling Mask"},{"floor":24.0,"key":"The Courier"},{"floor":26.0,"key":"Regal Pillow"},{"floor":27.0,"key":"Ginger"},{"floor":40.0,"key":"Blue Candle"},{"floor":43.0,"key":"Dream Catcher"}],"event_choices":[{"cards_removed":["Strike_G"],"damage_healed":0.0,"max_hp_gain":0.0,"max_hp_loss":0.0,"gold_gain":0.0,"event_name":"The Cleric","player_choice":"Card Removal","floor":6.0,"gold_loss":50.0,"damage_taken":0.0},{"damage_healed":0.0,"max_hp_gain":0.0,"max_hp_loss":0.0,"gold_gain":0.0,"event_name":"Mushrooms","player_choice":"Fought Mushrooms","floor":7.0,"gold_loss":0.0,"damage_taken":0.0},{"damage_healed":0.0,"max_hp_gain":0.0,"max_hp_loss":0.0,"gold_gain":0.0,"event_name":"Golden Idol","player_choice":"Take Damage","floor":8.0,"gold_loss":0.0,"damage_taken":17.0,"relics_obtained":["Golden Idol"]},{"damage_healed":0.0,"max_hp_gain":0.0,"max_hp_loss":0.0,"gold_gain":0.0,"event_name":"The Library","player_choice":"Read","floor":20.0,"gold_loss":0.0,"damage_taken":0.0,"cards_obtained":["Escape Plan"]},{"damage_healed":0.0,"max_hp_gain":0.0,"max_hp_loss":0.0,"gold_gain":0.0,"event_name":"Back to Basics","player_choice":"Simplicity","floor":21.0,"gold_loss":0.0,"damage_taken":0.0,"cards_upgraded":["Defend_G","Defend_G","Defend_G","Defend_G","Strike_G","Strike_G"]},{"cards_removed":["Defend_G"],"damage_healed":0.0,"max_hp_gain":0.0,"max_hp_loss":0.0,"gold_gain":0.0,"event_name":"Bonfire Elementals","player_choice":"Offered Basic","floor":39.0,"gold_loss":0.0,"damage_taken":0.0},{"damage_healed":0.0,"max_hp_gain":0.0,"max_hp_loss":0.0,"gold_gain":0.0,"event_name":"Winding Halls","player_choice":"Embrace Madness","floor":45.0,"gold_loss":0.0,"damage_taken":11.0,"cards_obtained":["Madness","Madness"]},{"damage_healed":0.0,"max_hp_gain":0.0,"max_hp_loss":0.0,"gold_gain":0.0,"event_name":"The Woman in Blue","player_choice":"Bought 0 Potions","floor":47.0,"gold_loss":0.0,"damage_taken":0.0}],"is_beta":false,"boss_relics":[{"not_picked":["Coffee Dripper","Philosopher\u0027s Stone"],"picked":"Runic Pyramid"},{"not_picked":["Eternal Feather","Runic Dome"],"picked":"Tiny House"}],"items_purged_floors":[2,13,19,30,36],"is_endless":false,"potions_floor_spawned":[3,7,12,18,25,29,31,33,38,42,48],"ascension_level":0}