{"gold_per_floor":[110,110,135,15,30,30,53,88,133,177,177,215,230,248,248,379,379,399,414,31,31,56,56,74,117,143,189,230,251,251,290,290,416,416,440,440,501,521,535,535,574,574,574,574,598,598,68,82,82,82],"floor_reached":51,"playtime":2658,"items_purged":["Strike_B","Strike_B"],"score":1090,"play_id":"d9bdac7f-8548-4d0d-92a1-1c97ec393857","local_time":"20190411031018","is_ascension_mode":true,"campfire_choices":[{"data":"Sunder","floor":6,"key":"SMITH"},{"data":"Zap","floor":11,"key":"SMITH"},{"data":"Capacitor","floor":15,"key":"SMITH"},{"data":"Dualcast","floor":23,"key":"SMITH"},{"floor":30,"key":"REST"},{"data":"Electrodynamics","floor":32,"key":"SMITH"},{"floor":40,"key":"REST"},{"floor":42,"key":"REST"},{"data":"Auto Shields","floor":44,"key":"SMITH"},{"data":"Blizzard","floor":49,"key":"SMITH"}],"neow_cost":"NONE","seed_source_timestamp":39501292153536,"circlet_count":0,"master_deck":["Strike_B+1","Strike_B","Defend_B","Defend_B","Defend_B","Defend_B","Zap+1","Dualcast+1","Auto Shields+1","Cold Snap","FTL","Sunder+1","Compile Driver","Ball Lightning","Ball Lightning+1","Capacitor+1","Genetic Algorithm+1","Reboot+1","Electrodynamics+1","Leap+1","Coolheaded+1","Dark Shackles+1","Fission+1","Hologram+1","Capacitor+1","Static Discharge+1","Loop+1","Skim+1","Core Surge","Chill+1","Coolheaded+1","Barrage+1","Darkness+1","Compile Driver+1","Conserve Battery+1","Dark Shackles+1","Chrysalis+1","Double Energy+1","Hologram+1","Capacitor","Blizzard+1","Coolheaded+1"],"relics":["Cracked Core","Golden Idol","Toxic Egg 2","Blood Vial","Whetstone","Matryoshka","Sozu","Lee\u0027s Waffle","Ancient Tea Set","Strawberry","DataDisk","Happy Flower","Omamori","Centennial Puzzle","Pocketwatch","Nuclear Battery","Thread and Needle","Ginger","Singing Bowl","Cauldron"],"potions_floor_usage":[8,12,16,33],"damage_taken":[{"damage":1,"enemies":"Cultist","floor":1,"turns":4},{"damage":2,"enemies":"2 Louse","floor":3,"turns":2},{"damage":5,"enemies":"Jaw Worm","floor":5,"turns":2},{"damage":0,"enemies":"Blue Slaver","floor":7,"turns":3},{"damage":14,"enemies":"Gremlin Nob","floor":8,"turns":3},{"damage":20,"enemies":"3 Sentries","floor":10,"turns":5},{"damage":8,"enemies":"Gremlin Nob","floor":12,"turns":3},{"damage":0,"enemies":"Large Slime","floor":13,"turns":3},{"damage":14,"enemies":"Exordium Wildlife","floor":14,"turns":2},{"damage":10,"enemies":"Hexaghost","floor":16,"turns":9},{"damage":0,"enemies":"Spheric Guardian","floor":18,"turns":3},{"damage":17,"enemies":"2 Thieves","floor":19,"turns":3},{"damage":16,"enemies":"Shelled Parasite and Fungi","floor":22,"turns":6},{"damage":12,"enemies":"Chosen and Byrds","floor":24,"turns":3},{"damage":29,"enemies":"Slavers","floor":25,"turns":3},{"damage":5,"enemies":"Gremlin Leader","floor":28,"turns":4},{"damage":0,"enemies":"Centurion and Healer","floor":29,"turns":2},{"damage":5,"enemies":"Book of Stabbing","floor":31,"turns":3},{"damage":19,"enemies":"Automaton","floor":33,"turns":9},{"damage":0,"enemies":"3 Shapes","floor":35,"turns":1},{"damage":10,"enemies":"2 Orb Walkers","floor":37,"turns":5},{"damage":0,"enemies":"Orb Walker","floor":38,"turns":2},{"damage":14,"enemies":"Maw","floor":39,"turns":6},{"damage":25,"enemies":"Nemesis","floor":41,"turns":6},{"damage":4,"enemies":"3 Darklings","floor":45,"turns":3},{"damage":6,"enemies":"Sphere and 2 Shapes","floor":48,"turns":5},{"damage":22,"enemies":"Donu and Deca","floor":50,"turns":7}],"seed_played":"-739553071586259733","potions_obtained":[{"floor":3,"key":"Energy Potion"},{"floor":5,"key":"Ancient Potion"},{"floor":10,"key":"LiquidBronze"},{"floor":14,"key":"LiquidBronze"}],"is_trial":false,"path_per_floor":["M","?","M","$","M","R","M","E","T","E","R","E","M","M","R","B",null,"M","M","$","?","M","R","M","E","T","T","E","M","R","E","R","B",null,"M","$","?","M","M","R","E","R","T","R","M","?","$","M","R","B",null],"character_chosen":"DEFECT","items_purchased":["Sunder","Compile Driver","Lee\u0027s Waffle","Coolheaded+1","Dark Shackles+1","Double Energy+1","Hologram+1","Capacitor","Cauldron","Blizzard"],"campfire_rested":3,"item_purchase_floors":[4,4,20,20,20,47,47,47,47,47],"current_hp_per_floor":[67,67,65,65,60,60,60,46,46,28,28,22,24,12,12,4,53,55,40,76,76,60,60,50,23,30,30,27,29,53,50,50,33,71,73,73,65,67,55,79,56,80,80,80,78,70,70,66,66,46],"gold":82,"neow_bonus":"THREE_CARDS","is_prod":false,"is_daily":false,"chose_seed":false,"campfire_upgraded":7,"win_rate":0,"timestamp":1554963018,"path_taken":["M","?","M","$","M","R","M","E","T","E","R","E","M","M","R","BOSS","M","M","$","?","M","R","M","E","T","?","E","M","R","E","R","BOSS","M","$","?","M","M","R","E","R","T","R","M","?","?","M","R","BOSS"],"build_version":"2019-01-23","purchased_purges":2,"victory":true,"max_hp_per_floor":[75,69,69,69,69,69,69,69,69,69,69,69,69,69,69,69,69,69,69,76,76,76,76,76,76,83,83,83,83,83,83,83,83,83,83,83,83,83,83,83,83,83,83,83,83,85,85,85,85,85],"card_choices":[{"not_picked":["Redo","Loop"],"picked":"Auto Shields","floor":0},{"not_picked":["Turbo","Leap"],"picked":"Cold Snap","floor":1},{"not_picked":["Gash","Rebound"],"picked":"FTL","floor":3},{"not_picked":["Stack","Chaos","Rebound"],"picked":"SKIP","floor":5},{"not_picked":["Conserve Battery","Undo"],"picked":"Ball Lightning","floor":7},{"not_picked":["Compile Driver","Coolheaded"],"picked":"Ball Lightning","floor":8},{"not_picked":["Sweeping Beam","Blizzard"],"picked":"Capacitor","floor":10},{"not_picked":["Hello World","Gash","Beam Cell"],"picked":"SKIP","floor":12},{"not_picked":["Beam Cell","Darkness+1"],"picked":"Genetic Algorithm+1","floor":13},{"not_picked":["Chill+1","Sweeping Beam"],"picked":"Reboot+1","floor":14},{"not_picked":["Machine Learning","Seek+1"],"picked":"Electrodynamics","floor":16},{"not_picked":["Streamline","Loop"],"picked":"Leap+1","floor":18},{"not_picked":["Redo+1","Beam Cell+1","Streamline"],"picked":"SKIP","floor":19},{"not_picked":["Coolheaded+1","Steam+1"],"picked":"Fission+1","floor":22},{"not_picked":["Recycle+1","Melter"],"picked":"Hologram+1","floor":24},{"not_picked":["Blizzard","Hologram+1"],"picked":"Capacitor+1","floor":25},{"not_picked":["Rebound","Capacitor+1"],"picked":"Static Discharge+1","floor":28},{"not_picked":["Ball Lightning","Chaos+1"],"picked":"Loop+1","floor":29},{"not_picked":["Chaos+1","Double Energy+1"],"picked":"Skim+1","floor":31},{"not_picked":["Buffer","All For One"],"picked":"Core Surge","floor":33},{"not_picked":["Steam Power+1","Cold Snap+1"],"picked":"Chill+1","floor":35},{"not_picked":["Go for the Eyes","Heatsinks+1"],"picked":"Coolheaded+1","floor":37},{"not_picked":["Steam+1","Go for the Eyes+1"],"picked":"Barrage+1","floor":38},{"not_picked":["BootSequence+1","Static Discharge+1"],"picked":"Darkness+1","floor":39},{"not_picked":["Barrage","Gash+1"],"picked":"Compile Driver+1","floor":41},{"not_picked":["Sweeping Beam","Aggregate+1"],"picked":"Conserve Battery+1","floor":45},{"not_picked":["PanicButton+1","Forethought+1"],"picked":"Dark Shackles+1","floor":46},{"not_picked":["Thinking Ahead+1","Dark Shackles+1"],"picked":"Chrysalis+1","floor":46},{"not_picked":["The Bomb+1","Mayhem","PanicButton+1"],"picked":"Singing Bowl","floor":46},{"not_picked":["Leap+1","Barrage"],"picked":"Coolheaded+1","floor":48}],"player_experience":598894,"relics_obtained":[{"floor":8,"key":"Toxic Egg 2"},{"floor":9,"key":"Blood Vial"},{"floor":10,"key":"Whetstone"},{"floor":12,"key":"Matryoshka"},{"floor":25,"key":"Ancient Tea Set"},{"floor":26,"key":"Strawberry"},{"floor":26,"key":"DataDisk"},{"floor":27,"key":"Happy Flower"},{"floor":27,"key":"Omamori"},{"floor":28,"key":"Centennial Puzzle"},{"floor":31,"key":"Pocketwatch"},{"floor":37,"key":"Thread and Needle"},{"floor":41,"key":"Ginger"},{"floor":43,"key":"Singing Bowl"}],"event_choices":[{"damage_healed":0,"gold_gain":0,"player_choice":"Lose Max HP","damage_taken":0,"relics_obtained":["Golden Idol"],"max_hp_gain":0,"max_hp_loss":6,"event_name":"Golden Idol","floor":2,"gold_loss":0},{"damage_healed":0,"gold_gain":0,"player_choice":"Ignored","damage_taken":0,"max_hp_gain":0,"max_hp_loss":0,"event_name":"The Mausoleum","floor":21,"gold_loss":0},{"damage_healed":0,"gold_gain":0,"player_choice":"Fight","damage_taken":0,"max_hp_gain":0,"max_hp_loss":0,"event_name":"Mysterious Sphere","floor":37,"gold_loss":0},{"damage_healed":0,"gold_gain":0,"player_choice":"Memory 3","damage_taken":10,"max_hp_gain":0,"max_hp_loss":0,"event_name":"SensoryStone","floor":46,"gold_loss":0}],"is_beta":false,"boss_relics":[{"not_picked":["Ectoplasm","Pandora\u0027s Box"],"picked":"Sozu"},{"not_picked":["Snecko Eye","Calling Bell"],"picked":"Nuclear Battery"}],"items_purged_floors":[20,47],"is_endless":false,"potions_floor_spawned":[3,5,10,14,19,22,28,33,37,39],"ascension_level":8}