{"gold_per_floor":[110,127,127,127,138,163,163,188,188,213,213,248,44,70,70,175,175,100,100,100,100,115,145,155,183,210,242,262,277,296,308,308,412,412,427,427,427,427,442,468,568,173,198,209,243,257,54,74,74,74,74,74,25,56,56],"floor_reached":55,"playtime":5775,"items_purged":[],"score":1185,"play_id":"b971c86b-b1ad-4270-85a3-7cc0c1673519","local_time":"20190216012024","is_ascension_mode":true,"campfire_choices":[{"floor":7,"key":"REST"},{"floor":11,"key":"REST"},{"floor":15,"key":"REST"},{"data":"Loop","floor":32,"key":"SMITH"},{"floor":49,"key":"RECALL"},{"data":"Apotheosis","floor":52,"key":"SMITH"}],"neow_cost":"TEN_PERCENT_HP_LOSS","seed_source_timestamp":2758210251494700,"circlet_count":0,"master_deck":["Defend_B","Defend_B","Defend_B+1","Zap","Dualcast+1","Core Surge","Capacitor","Coolheaded+1","Leap","Glacier","Aggregate","Go for the Eyes","Chill","Cold Snap","Loop+1","Electrodynamics","Buffer+1","Force Field+1","Glacier+1","Stack+1","Heatsinks","Defragment+1","Self Repair+1","Coolheaded","Compile Driver+1","Ball Lightning+1","Heatsinks+1","Conserve Battery","Steam+1","Thinking Ahead","Mayhem","Apotheosis+1","Madness+1","Madness","Conserve Battery+1","Steam Power+1","Loop","Ball Lightning","Conserve Battery","Coolheaded+1","Cold Snap+1","Undo+1","Stack"],"relics":["Cracked Core","Potion Belt","Bird Faced Urn","Singing Bowl","Ornamental Fan","Question Card","Lantern","Vajra","Astrolabe","MutagenicStrength","Blue Candle","PreservedInsect","Blood Vial","DataDisk","Sozu","Bronze Scales","Pear","War Paint","Toolbox","Pen Nib"],"potions_floor_usage":[1,10,14,23,25,29,33,33],"damage_taken":[{"damage":1,"enemies":"Jaw Worm","floor":1,"turns":4},{"damage":0,"enemies":"Cultist","floor":2,"turns":2},{"damage":0,"enemies":"2 Louse","floor":5,"turns":2},{"damage":26,"enemies":"Gremlin Nob","floor":6,"turns":7},{"damage":21,"enemies":"3 Sentries","floor":8,"turns":28},{"damage":11,"enemies":"Gremlin Nob","floor":10,"turns":6},{"damage":11,"enemies":"3 Sentries","floor":12,"turns":14},{"damage":13,"enemies":"Lagavulin","floor":14,"turns":8},{"damage":42,"enemies":"Slime Boss","floor":16,"turns":15},{"damage":0,"enemies":"2 Thieves","floor":18,"turns":5},{"damage":4,"enemies":"3 Byrds","floor":22,"turns":6},{"damage":21,"enemies":"Gremlin Leader","floor":23,"turns":7},{"damage":0,"enemies":"3 Cultists","floor":24,"turns":7},{"damage":0,"enemies":"Book of Stabbing","floor":25,"turns":12},{"damage":30,"enemies":"Slavers","floor":27,"turns":10},{"damage":0,"enemies":"Chosen and Byrds","floor":28,"turns":9},{"damage":10,"enemies":"Snake Plant","floor":29,"turns":5},{"damage":0,"enemies":"Cultist and Chosen","floor":30,"turns":5},{"damage":0,"enemies":"3 Cultists","floor":31,"turns":5},{"damage":0,"enemies":"Champ","floor":33,"turns":17},{"damage":9,"enemies":"3 Shapes","floor":35,"turns":6},{"damage":1,"enemies":"Orb Walker","floor":39,"turns":6},{"damage":0,"enemies":"Nemesis","floor":40,"turns":11},{"damage":0,"enemies":"Transient","floor":44,"turns":5},{"damage":2,"enemies":"Giant Head","floor":45,"turns":10},{"damage":2,"enemies":"4 Shapes","floor":46,"turns":3},{"damage":0,"enemies":"Sphere and 2 Shapes","floor":48,"turns":6},{"damage":27,"enemies":"Awakened One","floor":50,"turns":19},{"damage":93,"enemies":"Shield and Spear","floor":54,"turns":11},{"damage":57,"enemies":"The Heart","floor":55,"turns":12}],"seed_played":"-2497649907204092830","potions_obtained":[{"floor":1,"key":"Fruit Juice"},{"floor":8,"key":"GamblersBrew"},{"floor":10,"key":"Poison Potion"},{"floor":16,"key":"SteroidPotion"},{"floor":22,"key":"LiquidBronze"},{"floor":24,"key":"FocusPotion"},{"floor":25,"key":"SpeedPotion"},{"floor":27,"key":"PowerPotion"},{"floor":31,"key":"PowerPotion"}],"is_trial":false,"path_per_floor":["M","M","?","?","M","E","R","E","T","E","R","E","$","E","R","B",null,"M","?","?","?","M","E","M","E","T","E","M","M","M","M","R","B",null,"M","?","?","?","M","E","?","$","T","M","E","M","$","M","R","B",null,"R","$","E","B"],"character_chosen":"DEFECT","items_purchased":["Cold Snap","Lantern","Loop","Ball Lightning","Conserve Battery","Pear","Toolbox","Stack"],"campfire_rested":3,"item_purchase_floors":[13,13,42,42,42,42,47,53],"current_hp_per_floor":[72,72,57,57,57,31,52,31,31,22,43,36,36,25,47,9,59,67,67,67,67,73,64,75,75,75,71,77,79,79,79,79,81,81,81,71,61,61,81,81,81,91,91,93,93,93,93,93,93,93,93,93,93,28,0],"gold":56,"neow_bonus":"THREE_RARE_CARDS","is_prod":false,"is_daily":false,"chose_seed":false,"campfire_upgraded":2,"win_rate":0,"timestamp":1550305224,"path_taken":["M","M","?","?","M","E","R","E","T","E","R","E","$","E","R","BOSS","M","?","?","?","M","E","M","E","T","E","M","M","?","M","R","BOSS","M","?","?","?","?","E","?","$","T","M","E","M","$","M","R","BOSS","R","$","E","BOSS"],"build_version":"2019-02-06","purchased_purges":0,"victory":false,"max_hp_per_floor":[73,73,73,73,73,73,73,73,73,73,73,75,75,75,75,75,75,75,75,75,75,75,75,75,75,75,77,77,79,79,79,79,81,81,81,81,81,81,81,81,81,91,91,93,93,93,93,93,93,93,93,93,93,95,95],"card_choices":[{"not_picked":["Amplify","Fission"],"picked":"Core Surge","floor":0},{"not_picked":["Gash","Darkness"],"picked":"Capacitor","floor":1},{"not_picked":["Melter","Tempest"],"picked":"Coolheaded","floor":2},{"not_picked":["Chaos","Coolheaded"],"picked":"Glacier","floor":5},{"not_picked":["Meteor Strike","Redo"],"picked":"Aggregate","floor":6},{"not_picked":["Redo","Biased Cognition"],"picked":"Go for the Eyes","floor":8},{"not_picked":["Steam","Redo"],"picked":"Chill","floor":10},{"not_picked":["Reinforced Body","Blizzard","Redo"],"picked":"Singing Bowl","floor":12},{"not_picked":["Auto Shields","Ball Lightning","Thunder Strike"],"picked":"Loop","floor":14},{"not_picked":["Seek","Hyperbeam","Meteor Strike"],"picked":"Electrodynamics","floor":16},{"not_picked":["Streamline+1","Turbo","Gash+1"],"picked":"Stack+1","floor":18},{"not_picked":["Compile Driver","Melter","Scrape"],"picked":"Defragment+1","floor":22},{"not_picked":["Ball Lightning","Stack","Steam Power"],"picked":"Self Repair+1","floor":23},{"not_picked":["Ball Lightning","Auto Shields","Reprogram"],"picked":"Coolheaded","floor":24},{"not_picked":["Barrage","Steam Power","Fusion"],"picked":"Compile Driver+1","floor":25},{"not_picked":["Rip and Tear","Leap","Go for the Eyes","Gash+1"],"picked":"Singing Bowl","floor":27},{"not_picked":["Conserve Battery","Biased Cognition","Coolheaded+1"],"picked":"Ball Lightning+1","floor":28},{"not_picked":["Streamline+1","Undo","Barrage","Gash"],"picked":"Singing Bowl","floor":29},{"not_picked":["Hologram","Tempest","Fission"],"picked":"Heatsinks+1","floor":30},{"not_picked":["Hologram","Steam","Compile Driver"],"picked":"Conserve Battery","floor":31},{"not_picked":["Hyperbeam","Amplify","Biased Cognition","Thunder Strike"],"picked":"Singing Bowl","floor":33},{"not_picked":["Melter+1","Hello World","Redo"],"picked":"Steam+1","floor":35},{"not_picked":["Jack Of All Trades","Trip","Impatience"],"picked":"Thinking Ahead","floor":36},{"not_picked":["Enlightenment","Trip","Deep Breath"],"picked":"Mayhem","floor":36},{"not_picked":["Finesse","Mind Blast","Swift Strike"],"picked":"Apotheosis","floor":36},{"not_picked":["Sunder","Stack+1","Reinforced Body"],"picked":"Conserve Battery+1","floor":39},{"not_picked":["Sweeping Beam+1","Melter+1","Double Energy"],"picked":"Steam Power+1","floor":40},{"not_picked":["Rebound","Gash","Blizzard+1","Doom and Gloom+1"],"picked":"Singing Bowl","floor":44},{"not_picked":["Electrodynamics","Beam Cell","Darkness"],"picked":"Coolheaded+1","floor":45},{"not_picked":["Coolheaded+1","Leap+1","Rebound"],"picked":"Cold Snap+1","floor":46},{"not_picked":["Reinforced Body","Thunder Strike","Double Energy+1"],"picked":"Undo+1","floor":48},{"not_picked":["Conserve Battery","Hologram","Amplify","Redo+1"],"picked":"Singing Bowl","floor":54}],"player_experience":533406,"relics_obtained":[{"floor":6,"key":"Potion Belt"},{"floor":8,"key":"Bird Faced Urn"},{"floor":9,"key":"Singing Bowl"},{"floor":10,"key":"Ornamental Fan"},{"floor":12,"key":"Question Card"},{"floor":14,"key":"Vajra"},{"floor":23,"key":"Blue Candle"},{"floor":25,"key":"PreservedInsect"},{"floor":26,"key":"Blood Vial"},{"floor":27,"key":"DataDisk"},{"floor":40,"key":"Bronze Scales"},{"floor":45,"key":"War Paint"},{"floor":54,"key":"Pen Nib"}],"event_choices":[{"damage_healed":0,"gold_gain":0,"player_choice":"Entered Light","damage_taken":15,"max_hp_gain":0,"max_hp_loss":0,"event_name":"Shining Light","floor":3,"gold_loss":0,"cards_upgraded":["Coolheaded","Dualcast"]},{"damage_healed":0,"gold_gain":0,"cards_transformed":["Strike_B"],"player_choice":"Transformed","damage_taken":0,"max_hp_gain":0,"max_hp_loss":0,"event_name":"Transmorgrifier","floor":4,"gold_loss":0,"cards_obtained":["Leap"]},{"damage_healed":0,"gold_gain":0,"player_choice":"Inject Mutagens","damage_taken":0,"relics_obtained":["MutagenicStrength"],"max_hp_gain":0,"max_hp_loss":0,"event_name":"Drug Dealer","floor":19,"gold_loss":0},{"damage_healed":0,"gold_gain":0,"player_choice":"Ignored","damage_taken":0,"max_hp_gain":0,"max_hp_loss":0,"event_name":"Vampires","floor":20,"gold_loss":0},{"damage_healed":0,"gold_gain":0,"cards_transformed":["Strike_B"],"player_choice":"Transformed","damage_taken":0,"max_hp_gain":0,"max_hp_loss":0,"event_name":"Transmorgrifier","floor":21,"gold_loss":0,"cards_obtained":["Heatsinks"]},{"damage_healed":0,"gold_gain":0,"player_choice":"Memory 3","damage_taken":10,"max_hp_gain":0,"max_hp_loss":0,"event_name":"SensoryStone","floor":36,"gold_loss":0},{"damage_healed":0,"gold_gain":0,"player_choice":"Embrace Madness","damage_taken":10,"max_hp_gain":0,"max_hp_loss":0,"event_name":"Winding Halls","floor":37,"gold_loss":0,"cards_obtained":["Madness","Madness"]},{"damage_healed":0,"gold_gain":0,"player_choice":"Bought 0 Potions","damage_taken":0,"max_hp_gain":0,"max_hp_loss":0,"event_name":"The Woman in Blue","floor":38,"gold_loss":0},{"damage_healed":0,"gold_gain":100,"player_choice":"Pray","damage_taken":0,"max_hp_gain":0,"max_hp_loss":0,"event_name":"Golden Shrine","floor":41,"gold_loss":0}],"is_beta":true,"boss_relics":[{"not_picked":["Ectoplasm","Tiny House"],"picked":"Astrolabe"},{"not_picked":["Velvet Choker","Lizard Tail"],"picked":"Sozu"}],"items_purged_floors":[],"is_endless":false,"potions_floor_spawned":[1,8,10,16,22,24,25,27,31,39,40,45,54],"killed_by":"The Heart","ascension_level":6}