{"gold_per_floor":[117,67,242,24,41,75,75,108,108,108,140,153,30,45,45,150,150,164,175,185,200,200,200,231,131,154,154],"floor_reached":27,"playtime":1642,"items_purged":["Doubt","Strike_R"],"score":301,"play_id":"ea61a2e2-4d96-4bdf-b047-c5cac724202b","local_time":"20190405001322","is_ascension_mode":true,"campfire_choices":[{"data":"Shrug It Off","floor":10,"key":"SMITH"},{"data":"Rage","floor":15,"key":"SMITH"},{"data":"Heavy Blade","floor":23,"key":"SMITH"}],"neow_cost":"NONE","seed_source_timestamp":78857976259957,"circlet_count":0,"master_deck":["Strike_R","Strike_R","Strike_R","Strike_R","Defend_R","Defend_R","Defend_R","Bash+1","Heavy Blade+1","Battle Trance+1","Combust","Shrug It Off+1","Pommel Strike","Rage+1","Rupture","Shrug It Off","Carnage","Offering","Uppercut","Sword Boomerang+1","Heavy Blade","Feed","Regret"],"relics":["Burning Blood","Pear","FossilizedHelix","Self Forming Clay","Lantern","Cursed Key","Blue Candle","Nunchaku","Bag of Preparation"],"potions_floor_usage":[11,14,14,24,27],"damage_taken":[{"damage":4,"enemies":"Small Slimes","floor":1,"turns":3},{"damage":7,"enemies":"2 Louse","floor":5,"turns":3},{"damage":37,"enemies":"Gremlin Nob","floor":6,"turns":4},{"damage":28,"enemies":"3 Sentries","floor":8,"turns":6},{"damage":17,"enemies":"Gremlin Nob","floor":11,"turns":3},{"damage":0,"enemies":"Cultist","floor":12,"turns":2},{"damage":0,"enemies":"Blue Slaver","floor":14,"turns":2},{"damage":15,"enemies":"Hexaghost","floor":16,"turns":7},{"damage":24,"enemies":"3 Byrds","floor":18,"turns":5},{"damage":0,"enemies":"Spheric Guardian","floor":19,"turns":3},{"damage":4,"enemies":"Chosen and Byrds","floor":20,"turns":6},{"damage":4,"enemies":"Centurion and Healer","floor":21,"turns":6},{"damage":44,"enemies":"Slavers","floor":24,"turns":6},{"damage":58,"enemies":"Gremlin Leader","floor":27,"turns":8}],"seed_played":"7681334904049669205","potions_obtained":[{"floor":1,"key":"Poison Potion"},{"floor":8,"key":"GamblersBrew"},{"floor":11,"key":"SteroidPotion"},{"floor":16,"key":"Regen Potion"},{"floor":24,"key":"SpeedPotion"}],"is_trial":false,"path_per_floor":["?","?","?","M","?"],"character_chosen":"IRONCLAD","items_purchased":["Battle Trance","Combust","Rupture","Shrug It Off"],"campfire_rested":0,"item_purchase_floors":[4,4,13,13],"current_hp_per_floor":[80,80,80,80,79,58,58,36,36,36,25,31,31,37,37,28,90,72,78,80,82,82,82,58,58,58,0],"gold":154,"neow_bonus":"UPGRADE_CARD","is_prod":false,"is_daily":false,"chose_seed":false,"campfire_upgraded":3,"win_rate":0,"timestamp":1554398002,"path_taken":["M","?","?","$","M","E","?","E","T","R","E","M","$","?","R","BOSS","M","M","M","M","?","R","E","$","T","E"],"build_version":"2019-01-23","purchased_purges":2,"victory":false,"max_hp_per_floor":[80,80,80,80,80,90,90,90,90,90,90,90,90,90,90,90,90,90,90,90,90,90,90,90,90,90,90],"card_choices":[{"not_picked":["Power Through","Blood for Blood"],"picked":"Heavy Blade","floor":1},{"not_picked":["Thunderclap","Warcry"],"picked":"Shrug It Off","floor":5},{"not_picked":["Searing Blow","Sentinel","Corruption"],"picked":"SKIP","floor":6},{"not_picked":["Rupture","Wild Strike"],"picked":"Pommel Strike","floor":8},{"not_picked":["Intimidate","Clothesline"],"picked":"Rage","floor":11},{"not_picked":["Iron Wave","Heavy Blade","Headbutt"],"picked":"SKIP","floor":12},{"not_picked":["Thunderclap","Anger"],"picked":"Carnage","floor":14},{"not_picked":["Demon Form","Exhume"],"picked":"Offering","floor":16},{"not_picked":["Iron Wave","Dropkick"],"picked":"Uppercut","floor":18},{"not_picked":["Sentinel","Perfected Strike"],"picked":"Sword Boomerang+1","floor":19},{"not_picked":["Thunderclap+1","True Grit"],"picked":"Heavy Blade","floor":20},{"not_picked":["Armaments","Shrug It Off","Havoc"],"picked":"SKIP","floor":21},{"not_picked":["Carnage","Twin Strike"],"picked":"Feed","floor":24}],"player_experience":166525,"relics_obtained":[{"floor":6,"key":"Pear"},{"floor":8,"key":"FossilizedHelix"},{"floor":9,"key":"Self Forming Clay"},{"floor":11,"key":"Lantern"},{"floor":24,"key":"Nunchaku"},{"floor":26,"key":"Bag of Preparation"}],"event_choices":[{"cards_removed":["Defend_R"],"damage_healed":0,"gold_gain":0,"player_choice":"Card Removal","damage_taken":0,"max_hp_gain":0,"max_hp_loss":0,"event_name":"The Cleric","floor":2,"gold_loss":50},{"damage_healed":0,"gold_gain":175,"player_choice":"AGREE","damage_taken":0,"max_hp_gain":0,"max_hp_loss":0,"event_name":"Liars Game","floor":3,"gold_loss":0,"cards_obtained":["Doubt"]},{"damage_healed":0,"gold_gain":0,"player_choice":"Forge","damage_taken":0,"max_hp_gain":0,"max_hp_loss":0,"event_name":"Accursed Blacksmith","floor":7,"gold_loss":0,"cards_upgraded":["Battle Trance"]},{"damage_healed":0,"gold_gain":0,"player_choice":"Opened","damage_taken":0,"relics_obtained":["Blue Candle"],"max_hp_gain":0,"max_hp_loss":0,"event_name":"The Mausoleum","floor":22,"gold_loss":0}],"is_beta":false,"boss_relics":[{"not_picked":["Sozu","Runic Pyramid"],"picked":"Cursed Key"}],"items_purged_floors":[4,25],"is_endless":false,"potions_floor_spawned":[1,8,11,16,24],"killed_by":"Gremlin Leader","ascension_level":4}