{"gold_per_floor":[12,26,39,58,73,103,103,147,173,173,186,186,32,45,45,45],"floor_reached":16,"playtime":639,"items_purged":[],"score":148,"play_id":"dd31e8f4-a341-4f38-8aee-6d66383af0ce","local_time":"20180814111040","is_ascension_mode":true,"campfire_choices":[{"data":"Flex","floor":10,"key":"SMITH"},{"data":"Bash","floor":12,"key":"SMITH"},{"data":"Heavy Blade","floor":15,"key":"SMITH"}],"neow_cost":"NO_GOLD","seed_source_timestamp":423846923918957,"circlet_count":0,"master_deck":["Strike_R","Strike_R","Strike_R","Strike_R","Strike_R","Defend_R","Defend_R","Defend_R","Defend_R","Bash+1","Cleave","Flex+1","Heavy Blade+1","Flex","Thunderclap","Immolate","Injury","Anger","Heavy Blade"],"relics":["Burning Blood","Gambling Chip","Centennial Puzzle","Golden Idol","Kunai","Oddly Smooth Stone","Bag of Preparation"],"potions_floor_usage":[6,6,6,16],"damage_taken":[{"damage":15,"enemies":"Jaw Worm","floor":1,"turns":5},{"damage":1,"enemies":"Cultist","floor":2,"turns":3},{"damage":1,"enemies":"2 Louse","floor":3,"turns":3},{"damage":7,"enemies":"2 Fungi Beasts","floor":4,"turns":4},{"damage":17,"enemies":"Looter","floor":5,"turns":3},{"damage":14,"enemies":"Gremlin Nob","floor":6,"turns":4},{"damage":10,"enemies":"3 Sentries","floor":8,"turns":2},{"damage":1,"enemies":"Blue Slaver","floor":11,"turns":2},{"damage":0,"enemies":"Gremlin Gang","floor":14,"turns":1},{"damage":66,"enemies":"The Guardian","floor":16,"turns":7}],"seed_played":"6193376492221708406","potions_obtained":[{"floor":3,"key":"Block Potion"},{"floor":4,"key":"Dexterity Potion"},{"floor":5,"key":"SpeedPotion"},{"floor":14,"key":"Strength Potion"}],"is_trial":false,"path_per_floor":["M","M","M","M","M","E","?","E","T","R","M","R","$","M","R"],"character_chosen":"IRONCLAD","items_purchased":["Bag of Preparation"],"campfire_rested":0,"item_purchase_floors":[13],"current_hp_per_floor":[63,68,73,72,61,53,53,49,49,49,54,54,54,60,60,0],"gold":45,"neow_bonus":"ONE_RARE_RELIC","is_prod":false,"is_daily":false,"chose_seed":false,"campfire_upgraded":3,"win_rate":0,"timestamp":1534237840,"path_taken":["M","M","M","M","M","E","?","E","T","R","?","R","$","?","R","BOSS"],"build_version":"2018-08-09","purchased_purges":0,"victory":false,"max_hp_per_floor":[80,80,80,80,80,80,80,80,80,80,80,80,80,80,80,80],"card_choices":[{"not_picked":["Metallicize","Warcry"],"picked":"Cleave","floor":1},{"not_picked":["Pummel","Wild Strike"],"picked":"Flex","floor":2},{"not_picked":["Armaments","Anger"],"picked":"Heavy Blade","floor":3},{"not_picked":["Metallicize","Disarm"],"picked":"Flex","floor":4},{"not_picked":["Disarm","Warcry"],"picked":"Thunderclap","floor":5},{"not_picked":["Twin Strike","Cleave"],"picked":"Immolate","floor":6},{"not_picked":["Pommel Strike","Heavy Blade"],"picked":"Anger","floor":8},{"not_picked":["Pummel","Heavy Blade","Thunderclap"],"picked":"SKIP","floor":11},{"not_picked":["Armaments","Cleave"],"picked":"Heavy Blade","floor":14}],"player_experience":262627,"relics_obtained":[{"floor":6,"key":"Centennial Puzzle"},{"floor":8,"key":"Kunai"},{"floor":9,"key":"Oddly Smooth Stone"}],"event_choices":[{"event_name":"Golden Idol","player_choice":"Take Wound","floor":7,"damage_taken":0}],"is_beta":false,"boss_relics":[],"items_purged_floors":[],"is_endless":false,"potions_floor_spawned":[3,4,5,14],"killed_by":"The Guardian","ascension_level":6}