{"path_per_floor":["M","M","?","M","?","E","?","M","T","T","M","M","$","E","R"],"character_chosen":"THE_SILENT","items_purchased":["Leg Sweep"],"gold_per_floor":[99,99,69,69,69,69,69,69,69,69,69,69,0,0,0,0],"floor_reached":16,"campfire_rested":1,"playtime":2035,"current_hp_per_floor":[70,69,69,69,69,40,33,7,7,7,9,8,8,4,25,0],"items_purged":[],"gold":0,"score":118,"play_id":"061084a9-cd85-4ffd-9d0e-e309f0b9438e","local_time":"20180520185836","is_prod":false,"is_daily":false,"chose_seed":false,"is_ascension_mode":true,"campfire_upgraded":0,"timestamp":1526867916,"campfire_choices":[{"floor":15,"key":"REST"}],"path_taken":["M","M","?","?","?","E","?","M","T","?","M","M","?","E","R","BOSS"],"build_version":"2018-05-17","seed_source_timestamp":65664939289846,"purchased_purges":0,"victory":false,"master_deck":["Defend_G","Defend_G","Defend_G","Defend_G","Defend_G","Strike_G","Strike_G","Strike_G","Strike_G","Survivor","Neutralize","Catalyst","Deadly Poison","Malaise","Backflip","Bouncing Flask","Outmaneuver","Crippling Poison","Leg Sweep","Predator"],"max_hp_per_floor":[70,70,70,70,70,70,70,70,70,70,70,70,70,70,70,70],"relics":["Ectoplasm","Dodecahedron","Blood Vial","Anchor","Omamori"],"card_choices":[{"not_picked":["Dagger Spray","Concentrate"],"picked":"Catalyst","floor":1},{"not_picked":["PiercingWail","Heel Hook"],"picked":"Deadly Poison","floor":2},{"not_picked":["Slice","A Thousand Cuts"],"picked":"Malaise","floor":4},{"not_picked":["Predator","Slice"],"picked":"Backflip","floor":6},{"not_picked":["Prepared","Finisher"],"picked":"Bouncing Flask","floor":8},{"not_picked":["Poisoned Stab","All Out Attack"],"picked":"Outmaneuver","floor":11},{"not_picked":["Unload","PiercingWail"],"picked":"Crippling Poison","floor":12},{"not_picked":["Heel Hook","Underhanded Strike"],"picked":"Predator","floor":14}],"player_experience":387330,"potions_floor_usage":[14,16,16],"damage_taken":[{"damage":0,"enemies":"Small Slimes","floor":1,"turns":4},{"damage":1,"enemies":"Cultist","floor":2,"turns":4},{"damage":0,"enemies":"2 Louse","floor":4,"turns":3},{"damage":29,"enemies":"Lagavulin","floor":6,"turns":7},{"damage":26,"enemies":"Gremlin Gang","floor":8,"turns":7},{"damage":0,"enemies":"Blue Slaver","floor":11,"turns":2},{"damage":3,"enemies":"3 Louse","floor":12,"turns":4},{"damage":6,"enemies":"3 Sentries","floor":14,"turns":8},{"damage":33,"enemies":"Slime Boss","floor":16,"turns":9}],"relics_obtained":[{"floor":6,"key":"Dodecahedron"},{"floor":9,"key":"Blood Vial"},{"floor":10,"key":"Anchor"},{"floor":14,"key":"Omamori"}],"event_choices":[{"event_name":"World of Goop","player_choice":"Left","floor":3,"damage_taken":0},{"event_name":"Golden Shrine","player_choice":"Pray","floor":5,"damage_taken":0},{"event_name":"Golden Wing","player_choice":"Card Removal","floor":7,"damage_taken":0}],"boss_relics":[],"potions_floor_spawned":[2,4,8,12,14],"seed_played":"-1226434102393748283","killed_by":"Slime Boss","ascension_level":1,"potions_obtained":[{"floor":2,"key":"Strength Potion"},{"floor":4,"key":"Ancient Potion"},{"floor":8,"key":"SkillPotion"},{"floor":12,"key":"SpeedPotion"},{"floor":14,"key":"PowerPotion"}],"is_trial":false}