{"gold_per_floor":[111,70,70,95,110,146,146,146,146,182,182,197,236,250,250,345,345,363,363,363,376,76,76,96,111,158,192,207,207,245,94,94,190,190,215,215,174,190,0,0,53,53,53,77,121,121,161,179,179,179],"floor_reached":50,"playtime":2762,"items_purged":["Perfected Strike","Barricade+1"],"score":1216,"play_id":"7165b798-5c6f-4c7e-a273-af92086a96b2","local_time":"20190313092906","is_ascension_mode":true,"campfire_choices":[{"data":"Cleave","floor":7.0,"key":"SMITH"},{"floor":11.0,"key":"REST"},{"data":"Armaments","floor":15.0,"key":"SMITH"},{"data":"Immolate","floor":23.0,"key":"SMITH"},{"floor":32.0,"key":"REST"},{"data":"Limit Break","floor":40.0,"key":"SMITH"},{"data":"True Grit","floor":42.0,"key":"SMITH"},{"floor":49.0,"key":"RECALL"}],"neow_cost":"NONE","seed_source_timestamp":0,"circlet_count":0,"master_deck":["AscendersBane","Bash+1","Shockwave+1","Carnage","Pommel Strike","Disarm","Cleave+1","Warcry","Immolate+1","Armaments+1","Double Tap","Uppercut","Dropkick","Wild Strike","Limit Break+1","Headbutt","True Grit","Mayhem+1","Spot Weakness","True Grit+1","Armaments+1","Clothesline+1","Shrug It Off","Reaper","Offering","Rage+1","Barricade+1","Seeing Red+1","Feel No Pain+1","Twin Strike+1","Shrug It Off+1","Entrench+1"],"special_seed":0,"relics":["Burning Blood","Golden Idol","Frozen Egg 2","Ancient Tea Set","FossilizedHelix","War Paint","Bag of Marbles","Pandora\u0027s Box","Enchiridion","Pantograph","Dream Catcher","PreservedInsect","Art of War","Astrolabe","Red Mask","Red Skull","Juzu Bracelet","Singing Bowl"],"potions_floor_usage":[50,50],"damage_taken":[{"damage":7.0,"enemies":"Jaw Worm","floor":1.0,"turns":3.0},{"damage":6.0,"enemies":"2 Louse","floor":4.0,"turns":3.0},{"damage":4.0,"enemies":"Small Slimes","floor":5.0,"turns":3.0},{"damage":34.0,"enemies":"Gremlin Nob","floor":6.0,"turns":4.0},{"damage":18.0,"enemies":"3 Sentries","floor":10.0,"turns":7.0},{"damage":1.0,"enemies":"Exordium Wildlife","floor":12.0,"turns":4.0},{"damage":0.0,"enemies":"Gremlin Nob","floor":13.0,"turns":4.0},{"damage":8.0,"enemies":"Blue Slaver","floor":14.0,"turns":3.0},{"damage":18.0,"enemies":"Slime Boss","floor":16.0,"turns":5.0},{"damage":16.0,"enemies":"2 Thieves","floor":18.0,"turns":3.0},{"damage":4.0,"enemies":"Shell Parasite","floor":21.0,"turns":2.0},{"damage":1.0,"enemies":"Centurion and Healer","floor":24.0,"turns":2.0},{"damage":12.0,"enemies":"Cultist and Chosen","floor":25.0,"turns":3.0},{"damage":20.0,"enemies":"Gremlin Leader","floor":27.0,"turns":4.0},{"damage":13.0,"enemies":"Snecko","floor":28.0,"turns":5.0},{"damage":0.0,"enemies":"Slavers","floor":30.0,"turns":2.0},{"damage":31.0,"enemies":"Champ","floor":33.0,"turns":14.0},{"damage":34.0,"enemies":"3 Shapes","floor":35.0,"turns":5.0},{"damage":12.0,"enemies":"3 Darklings","floor":38.0,"turns":4.0},{"damage":27.0,"enemies":"Maw","floor":44.0,"turns":8.0},{"damage":19.0,"enemies":"Reptomancer","floor":45.0,"turns":4.0},{"damage":37.0,"enemies":"Giant Head","floor":47.0,"turns":7.0},{"damage":21.0,"enemies":"4 Shapes","floor":48.0,"turns":8.0},{"damage":105,"enemies":"Awakened One","floor":50,"turns":9}],"seed_played":"7193723055779760609","potions_obtained":[{"floor":1.0,"key":"Regen Potion"},{"floor":6.0,"key":"EssenceOfSteel"},{"floor":10.0,"key":"Fire Potion"},{"floor":16.0,"key":"Poison Potion"},{"floor":18.0,"key":"SkillPotion"},{"floor":28.0,"key":"PowerPotion"},{"floor":30.0,"key":"Explosive Potion"},{"floor":38.0,"key":"Dexterity Potion"},{"floor":44.0,"key":"Swift Potion"},{"floor":45.0,"key":"Fruit Juice"}],"is_trial":false,"path_per_floor":["M","$","?","M","M","E","R","?","T","E","R","M","E","M","R","B",null,"M","?","T","M","$","R","M","M","T","E","M","?","E","$","R","B",null,"M","?","$","M","?","R","T","R","T","M","E","?","E","M","R","B"],"character_chosen":"IRONCLAD","items_purchased":["Carnage","True Grit","Mayhem+1","Shrug It Off","Feel No Pain+1"],"campfire_rested":2,"item_purchase_floors":[2,22,22,31,37],"current_hp_per_floor":[67,67,67,67,68,40,40,14,14,17,37,42,48,46,46,34,60,50,29,29,31,31,31,36,30,30,16,9,9,15,15,35,60,66,38,33,33,47,47,47,47,47,47,61,55,55,24,56,56,0],"gold":179,"neow_bonus":"UPGRADE_CARD","is_prod":false,"is_daily":false,"chose_seed":false,"campfire_upgraded":5,"win_rate":0,"timestamp":1552465746,"path_taken":["M","$","?","M","M","E","R","?","T","E","R","M","E","M","R","BOSS","M","?","?","M","?","R","?","M","T","E","M","?","E","$","R","BOSS","M","?","$","M","?","R","?","R","T","M","E","?","E","M","R","BOSS"],"build_version":"2019-01-23","purchased_purges":2,"victory":false,"max_hp_per_floor":[75,75,68,68,68,68,68,68,68,68,68,68,68,68,68,68,68,68,68,68,68,68,68,68,68,68,68,68,68,68,68,68,68,68,68,68,68,68,68,68,68,68,68,68,68,68,68,70,70,75],"card_choices":[{"not_picked":["Infernal Blade","Sword Boomerang"],"picked":"Shockwave","floor":1.0},{"not_picked":["Twin Strike","Second Wind"],"picked":"Pommel Strike","floor":4.0},{"not_picked":["Shockwave","Hemokinesis"],"picked":"Disarm","floor":5.0},{"not_picked":["Perfected Strike","Rage"],"picked":"Cleave","floor":6.0},{"not_picked":["Power Through","Rupture+1","Clash"],"picked":"SKIP","floor":10.0},{"not_picked":["Infernal Blade","Sword Boomerang"],"picked":"Warcry","floor":12.0},{"not_picked":["Thunderclap","Iron Wave"],"picked":"Immolate","floor":13.0},{"not_picked":["Sword Boomerang","Body Slam"],"picked":"Armaments","floor":14.0},{"not_picked":["Bludgeon","Limit Break"],"picked":"Double Tap","floor":16.0},{"not_picked":["Hemokinesis","Blood for Blood","Thunderclap+1"],"picked":"SKIP","floor":18.0},{"not_picked":["Clash","Blood for Blood"],"picked":"Headbutt","floor":21.0},{"not_picked":["Seeing Red","True Grit"],"picked":"Spot Weakness","floor":24.0},{"not_picked":["Spot Weakness","Reckless Charge"],"picked":"Power Through","floor":25.0},{"not_picked":["Spot Weakness","Iron Wave"],"picked":"True Grit","floor":27.0},{"not_picked":["True Grit","Dropkick","Warcry"],"picked":"SKIP","floor":28.0},{"not_picked":["Thunderclap","Dropkick"],"picked":"Clothesline+1","floor":30.0},{"not_picked":["Whirlwind","Blood for Blood"],"picked":"Reaper","floor":32.0},{"not_picked":["Reaper","Demon Form+1"],"picked":"Offering","floor":33.0},{"not_picked":["Iron Wave","Perfected Strike","Havoc"],"picked":"SKIP","floor":35.0},{"not_picked":["Anger","Warcry+1","True Grit"],"picked":"SKIP","floor":38.0},{"not_picked":["Clothesline+1","Seeing Red"],"picked":"Twin Strike+1","floor":44.0},{"not_picked":["Cleave","Body Slam+1"],"picked":"Shrug It Off+1","floor":45.0},{"not_picked":["Dual Wield","Warcry+1"],"picked":"Entrench+1","floor":47.0},{"not_picked":["Sword Boomerang","Clash","Iron Wave"],"picked":"Singing Bowl","floor":48.0}],"player_experience":1369382,"relics_obtained":[{"floor":6.0,"key":"Frozen Egg 2"},{"floor":9.0,"key":"FossilizedHelix"},{"floor":10.0,"key":"War Paint"},{"floor":13.0,"key":"Bag of Marbles"},{"floor":19.0,"key":"Enchiridion"},{"floor":20.0,"key":"Pantograph"},{"floor":26.0,"key":"Dream Catcher"},{"floor":27.0,"key":"PreservedInsect"},{"floor":30.0,"key":"Art of War"},{"floor":41.0,"key":"Red Skull"},{"floor":45.0,"key":"Juzu Bracelet"},{"floor":47.0,"key":"Singing Bowl"}],"event_choices":[{"damage_healed":0.0,"max_hp_gain":0.0,"max_hp_loss":7.0,"gold_gain":0.0,"event_name":"Golden Idol","player_choice":"Lose Max HP","floor":3.0,"gold_loss":0.0,"damage_taken":0.0,"relics_obtained":["Golden Idol"]},{"damage_healed":0.0,"max_hp_gain":0.0,"max_hp_loss":0.0,"gold_gain":0.0,"event_name":"Scrap Ooze","player_choice":"Success","floor":8.0,"gold_loss":0.0,"damage_taken":26.0,"relics_obtained":["Ancient Tea Set"]},{"damage_healed":0.0,"max_hp_gain":0.0,"max_hp_loss":0.0,"gold_gain":0.0,"event_name":"Cursed Tome","player_choice":"Obtained Book","floor":19.0,"gold_loss":0.0,"damage_taken":21.0},{"damage_healed":0.0,"max_hp_gain":0.0,"max_hp_loss":0.0,"gold_gain":0.0,"event_name":"Duplicator","player_choice":"Copied","floor":29.0,"gold_loss":0.0,"damage_taken":0.0,"cards_obtained":["Armaments"]},{"damage_healed":0.0,"max_hp_gain":0.0,"max_hp_loss":0.0,"gold_gain":0.0,"event_name":"SensoryStone","player_choice":"Memory 2","floor":36.0,"gold_loss":0.0,"damage_taken":5.0},{"damage_healed":0.0,"max_hp_gain":0.0,"max_hp_loss":0.0,"gold_gain":0.0,"event_name":"Tomb of Lord Red Mask","player_choice":"Paid","floor":39.0,"gold_loss":190.0,"damage_taken":0.0,"relics_obtained":["Red Mask"]},{"cards_removed":["Bloodletting"],"damage_healed":0.0,"max_hp_gain":0.0,"max_hp_loss":0.0,"gold_gain":0.0,"event_name":"Purifier","player_choice":"Purged","floor":46.0,"gold_loss":0.0,"damage_taken":0.0}],"is_beta":false,"boss_relics":[{"not_picked":["Mark of Pain","Tiny House"],"picked":"Pandora\u0027s Box"},{"not_picked":["Calling Bell","Runic Pyramid"],"picked":"Astrolabe"}],"items_purged_floors":[22,31],"is_endless":false,"potions_floor_spawned":[1,6,10,16,18,24,28,30,38,44,45],"killed_by":"Awakened One","ascension_level":20}