{"gold_per_floor":[113,113,132,132,150,150,178,178,178,212,227,255,275,275,275,348,348,362,10,24,24,40,40,75,98,134,175,187,227,249,261,273,356,368,390,276,276,293,345,345,18,18,18,118,128,142,142,160,160,160],"floor_reached":51,"playtime":2392,"items_purged":["Strike_R","Strike_R+1","Strike_R+1"],"score":1288,"play_id":"7aa08de7-3902-4ae3-b3ff-bcc8d0b76fb4","local_time":"20190418212640","is_ascension_mode":true,"campfire_choices":[{"data":"Bash","floor":6.0,"key":"SMITH"},{"floor":8.0,"key":"REST"},{"data":"Cleave","floor":15.0,"key":"SMITH"},{"floor":23.0,"key":"REST"},{"floor":28.0,"key":"REST"},{"floor":32,"key":"REST"},{"data":"Demon Form","floor":40,"key":"SMITH"},{"floor":42,"key":"REST"},{"data":"Heavy Blade","floor":47,"key":"SMITH"},{"data":"Sword Boomerang","floor":49,"key":"SMITH"}],"neow_cost":"NONE","seed_source_timestamp":614878569812200,"circlet_count":0,"master_deck":["AscendersBane","Strike_R+1","Defend_R+1","Defend_R+1","Defend_R+1","Defend_R+1","Bash+1","Offering","Body Slam+1","Cleave+1","Pommel Strike","Shrug It Off+1","Limit Break+1","True Grit+1","Demon Form+1","Disarm+1","Battle Trance+1","Headbutt","Sword Boomerang+1","Whirlwind+1","Offering+1","Shrug It Off+1","Shrug It Off+1","Good Instincts+1","Evolve+1","Thunderclap","Heavy Blade+1"],"special_seed":0,"relics":["Burning Blood","Toxic Egg 2","Mercury Hourglass","Omamori","Mummified Hand","Black Star","Medical Kit","MawBank","Happy Flower","Boot","Frozen Egg 2","Regal Pillow","Pen Nib","Anchor","Runic Pyramid","FossilizedHelix","Bag of Preparation","Bottled Flame"],"potions_floor_usage":[39,50],"damage_taken":[{"damage":18.0,"enemies":"Small Slimes","floor":1.0,"turns":5.0},{"damage":1.0,"enemies":"2 Louse","floor":3.0,"turns":3.0},{"damage":6.0,"enemies":"Cultist","floor":5.0,"turns":3.0},{"damage":24.0,"enemies":"Gremlin Nob","floor":7.0,"turns":4.0},{"damage":11.0,"enemies":"3 Sentries","floor":10.0,"turns":5.0},{"damage":6.0,"enemies":"Lots of Slimes","floor":11.0,"turns":2.0},{"damage":15.0,"enemies":"Lagavulin","floor":12.0,"turns":5.0},{"damage":3.0,"enemies":"Blue Slaver","floor":13.0,"turns":3.0},{"damage":6.0,"enemies":"Slime Boss","floor":16.0,"turns":5.0},{"damage":30.0,"enemies":"Spheric Guardian","floor":18.0,"turns":4.0},{"damage":32.0,"enemies":"2 Thieves","floor":20.0,"turns":4.0},{"damage":23.0,"enemies":"Centurion and Healer","floor":22.0,"turns":9.0},{"damage":20.0,"enemies":"Gremlin Leader","floor":24.0,"turns":8.0},{"damage":6.0,"enemies":"Snake Plant","floor":25.0,"turns":5.0},{"damage":10.0,"enemies":"Book of Stabbing","floor":27.0,"turns":5.0},{"damage":42.0,"enemies":"Slavers","floor":29.0,"turns":4.0},{"damage":6,"enemies":"Cultist and Chosen","floor":30,"turns":4},{"damage":19,"enemies":"Colosseum Slavers","floor":31,"turns":4},{"damage":36,"enemies":"Champ","floor":33,"turns":7},{"damage":19,"enemies":"3 Shapes","floor":35,"turns":2},{"damage":6,"enemies":"Orb Walker","floor":38,"turns":2},{"damage":7,"enemies":"2 Orb Walkers","floor":39,"turns":5},{"damage":10,"enemies":"Maw","floor":45,"turns":5},{"damage":13,"enemies":"3 Darklings","floor":46,"turns":4},{"damage":6,"enemies":"Jaw Worm Horde","floor":48,"turns":3},{"damage":42,"enemies":"Donu and Deca","floor":50,"turns":7}],"seed_played":"-55924329214752140","potions_obtained":[{"floor":10.0,"key":"LiquidBronze"},{"floor":11.0,"key":"SpeedPotion"},{"floor":12.0,"key":"Strength Potion"},{"floor":25.0,"key":"FearPotion"},{"floor":27.0,"key":"SkillPotion"},{"floor":35,"key":"PowerPotion"},{"floor":39,"key":"Explosive Potion"}],"is_trial":false,"path_per_floor":["M","?","M","?","M","R","E","R","T","E","M","E","M","?","R","B",null,"M","$","M","?","M","R","E","M","T","E","R","E","M","?","R","B",null,"M","$","?","M","?","R","$","R","T","?","M","M","R","M","R","B",null],"character_chosen":"IRONCLAD","items_purchased":["Disarm+1","Medical Kit","Shrug It Off+1","Bag of Preparation","Thunderclap"],"campfire_rested":5,"item_purchase_floors":[19,19,36,41,41],"current_hp_per_floor":[60,60,65,65,65,65,47,71,71,66,66,57,60,65,65,65,80,56,56,30,30,13,38,24,24,24,20,60,24,24,11,51,21,69,56,56,56,56,55,55,55,85,85,85,81,74,74,74,74,38],"gold":160,"neow_bonus":"ONE_RANDOM_RARE_CARD","is_prod":false,"is_daily":false,"chose_seed":false,"campfire_upgraded":5,"win_rate":0,"timestamp":1555615600,"path_taken":["M","?","M","?","?","R","E","R","T","E","?","E","M","?","R","BOSS","M","$","M","?","M","R","E","M","T","E","R","E","M","?","R","BOSS","M","$","?","M","?","R","$","R","T","?","M","?","R","M","R","BOSS"],"build_version":"2019-01-23","purchased_purges":3,"victory":true,"max_hp_per_floor":[80,80,80,80,80,80,80,80,80,80,80,80,80,85,85,85,85,85,85,85,85,85,85,85,85,85,85,85,85,85,85,85,85,85,85,85,85,85,85,85,85,85,85,85,85,85,85,85,85,85],"card_choices":[{"not_picked":["Twin Strike","Combust"],"picked":"Body Slam","floor":1.0},{"not_picked":["Dropkick","Uppercut"],"picked":"Cleave","floor":3.0},{"not_picked":["Intimidate","Sword Boomerang"],"picked":"Pommel Strike","floor":5.0},{"not_picked":["Anger","Armaments"],"picked":"Shrug It Off","floor":7.0},{"not_picked":["Cleave","Rampage"],"picked":"Limit Break+1","floor":10.0},{"not_picked":["Heavy Blade","Bloodletting+1","Combust"],"picked":"SKIP","floor":11.0},{"not_picked":["Combust","Thunderclap"],"picked":"True Grit+1","floor":12.0},{"not_picked":["Iron Wave","Havoc+1","Anger"],"picked":"SKIP","floor":13.0},{"not_picked":["Exhume+1","Juggernaut"],"picked":"Demon Form","floor":16.0},{"not_picked":["Iron Wave","Dual Wield+1","Pommel Strike+1"],"picked":"SKIP","floor":18.0},{"not_picked":["Inflame","Warcry+1","Dark Embrace"],"picked":"SKIP","floor":20.0},{"not_picked":["Iron Wave","Flex+1","Perfected Strike"],"picked":"SKIP","floor":22.0},{"not_picked":["Dark Embrace","Carnage"],"picked":"Battle Trance+1","floor":24.0},{"not_picked":["Thunderclap","Pummel"],"picked":"Headbutt","floor":25.0},{"not_picked":["Twin Strike","Combust"],"picked":"Sword Boomerang","floor":27.0},{"not_picked":["Twin Strike","Body Slam","Carnage"],"picked":"SKIP","floor":29.0},{"not_picked":["Battle Trance+1","Body Slam"],"picked":"Whirlwind+1","floor":30},{"not_picked":["Demon Form+1","Bludgeon"],"picked":"Offering+1","floor":33},{"not_picked":["Havoc+1","Ghostly Armor+1"],"picked":"Shrug It Off+1","floor":35},{"not_picked":["Metamorphosis+1","Secret Technique+1"],"picked":"Good Instincts+1","floor":37},{"not_picked":["Inflame+1","Combust+1","Feel No Pain+1"],"picked":"SKIP","floor":38},{"not_picked":["Perfected Strike+1","Twin Strike+1"],"picked":"Evolve+1","floor":39},{"not_picked":["Sentinel+1","Whirlwind"],"picked":"Heavy Blade","floor":45},{"not_picked":["Clothesline","Cleave+1","Flex+1"],"picked":"SKIP","floor":46},{"not_picked":["Clothesline","Bludgeon","Body Slam"],"picked":"SKIP","floor":48}],"player_experience":605164,"relics_obtained":[{"floor":7.0,"key":"Toxic Egg 2"},{"floor":9.0,"key":"Mercury Hourglass"},{"floor":10.0,"key":"Omamori"},{"floor":12.0,"key":"Mummified Hand"},{"floor":24.0,"key":"MawBank"},{"floor":24.0,"key":"Happy Flower"},{"floor":26.0,"key":"Boot"},{"floor":27.0,"key":"Frozen Egg 2"},{"floor":27.0,"key":"Regal Pillow"},{"floor":29.0,"key":"Pen Nib"},{"floor":29.0,"key":"Anchor"},{"floor":39,"key":"FossilizedHelix"},{"floor":43,"key":"Bottled Flame"}],"event_choices":[{"damage_healed":0.0,"max_hp_gain":0.0,"max_hp_loss":0.0,"gold_gain":0.0,"event_name":"Living Wall","player_choice":"Grow","floor":2.0,"gold_loss":0.0,"damage_taken":0.0,"cards_upgraded":["Body Slam"]},{"cards_removed":["Strike_R"],"damage_healed":0.0,"max_hp_gain":0.0,"max_hp_loss":0.0,"gold_gain":0.0,"event_name":"Purifier","player_choice":"Purged","floor":4.0,"gold_loss":0.0,"damage_taken":0.0},{"damage_healed":0.0,"max_hp_gain":5.0,"max_hp_loss":0.0,"gold_gain":0.0,"event_name":"Big Fish","player_choice":"Donut","floor":14.0,"gold_loss":0.0,"damage_taken":0.0},{"damage_healed":0.0,"max_hp_gain":0.0,"max_hp_loss":0.0,"gold_gain":0.0,"event_name":"Back to Basics","player_choice":"Simplicity","floor":21.0,"gold_loss":0.0,"damage_taken":0.0,"cards_upgraded":["Strike_R","Strike_R","Strike_R","Defend_R","Defend_R","Defend_R","Defend_R"]},{"damage_healed":0,"gold_gain":0,"player_choice":"Fight","damage_taken":0,"max_hp_gain":0,"max_hp_loss":0,"event_name":"Colosseum","floor":31,"gold_loss":0},{"damage_healed":0,"gold_gain":0,"player_choice":"Fled From Nobs","damage_taken":0,"max_hp_gain":0,"max_hp_loss":0,"event_name":"Colosseum","floor":31,"gold_loss":0},{"damage_healed":0,"gold_gain":0,"player_choice":"Memory 1","damage_taken":0,"max_hp_gain":0,"max_hp_loss":0,"event_name":"SensoryStone","floor":37,"gold_loss":0},{"damage_healed":0,"gold_gain":0,"player_choice":"Fight","damage_taken":0,"max_hp_gain":0,"max_hp_loss":0,"event_name":"Mysterious Sphere","floor":39,"gold_loss":0},{"damage_healed":0,"gold_gain":100,"player_choice":"Pray","damage_taken":0,"max_hp_gain":0,"max_hp_loss":0,"event_name":"Golden Shrine","floor":44,"gold_loss":0}],"is_beta":false,"boss_relics":[{"not_picked":["Tiny House","Eternal Feather"],"picked":"Black Star"},{"not_picked":["Runic Cube","Runic Dome"],"picked":"Runic Pyramid"}],"items_purged_floors":[19,36,41],"is_endless":false,"potions_floor_spawned":[10,11,12,13,25,27,31,35,39],"ascension_level":13}