{"path_per_floor":["M","?","?","?","M","R","E","R","T","E","M","M","$","M","R","B",null,"M","?","M","?","M","E","R"],"character_chosen":"IRONCLAD","items_purchased":["Sadistic Nature","Whirlwind"],"gold_per_floor":[115,190,190,190,201,201,233,233,256,283,301,312,52,69,69,174,174,192,192,202,229,241,270,270,270],"floor_reached":25,"campfire_rested":2,"playtime":1414,"item_purchase_floors":[13,13],"current_hp_per_floor":[71,60,53,53,54,54,34,58,58,30,26,29,29,31,55,43,80,80,80,80,80,61,44,44,0],"items_purged":[],"gold":270,"score":231,"play_id":"ff5e2ce8-2f95-4328-99ce-25399c96dc67","local_time":"20180616190601","is_prod":false,"is_daily":false,"chose_seed":false,"is_ascension_mode":false,"campfire_upgraded":2,"win_rate":0,"timestamp":1529201161,"campfire_choices":[{"data":"Bash","floor":6,"key":"SMITH"},{"floor":8,"key":"REST"},{"floor":15,"key":"REST"},{"data":"Seeing Red","floor":24,"key":"SMITH"}],"path_taken":["M","?","?","?","?","R","E","R","T","E","?","M","$","M","R","BOSS","M","?","M","?","M","E","R","E"],"build_version":"2018-06-14v2","seed_source_timestamp":122374937888582,"purchased_purges":0,"victory":false,"master_deck":["Strike_R","Strike_R","Strike_R","Strike_R","Strike_R","Defend_R","Defend_R","Defend_R","Bash+1","Limit Break","Flex","Clothesline","Bash","Headbutt","Spot Weakness","Heavy Blade","Twin Strike","Sword Boomerang","Sadistic Nature","Whirlwind","Twin Strike","Offering","Spot Weakness","Seeing Red+1","Feel No Pain+1","Inflame","Seeing Red","Shrug It Off"],"max_hp_per_floor":[80,80,80,80,80,80,80,80,80,80,80,80,80,80,80,80,80,80,80,80,80,80,80,80,80],"relics":["Burning Blood","Bag of Preparation","Boot","Blood Vial","Philosopher\u0027s Stone","Red Mask","Centennial Puzzle"],"card_choices":[{"not_picked":["Sword Boomerang","Pommel Strike"],"picked":"Flex","floor":1},{"not_picked":["Entrench","Flex"],"picked":"Headbutt","floor":5},{"not_picked":["Heavy Blade","Carnage"],"picked":"Spot Weakness","floor":7},{"not_picked":["Anger","Sentinel"],"picked":"Heavy Blade","floor":10},{"not_picked":["Armaments","Wild Strike"],"picked":"Twin Strike","floor":11},{"not_picked":["Wild Strike","Corruption"],"picked":"Sword Boomerang","floor":12},{"not_picked":["Clash","Cleave"],"picked":"Twin Strike","floor":14},{"not_picked":["Impervious","Fiend Fire"],"picked":"Offering","floor":16},{"not_picked":["Dual Wield","Body Slam+1"],"picked":"Spot Weakness","floor":18},{"not_picked":["Bloodletting","Flex"],"picked":"Feel No Pain+1","floor":20},{"not_picked":["Headbutt+1","Hemokinesis"],"picked":"Inflame","floor":21},{"not_picked":["Shockwave","Clothesline"],"picked":"Seeing Red","floor":22},{"not_picked":["Flame Barrier","Armaments"],"picked":"Shrug It Off","floor":23}],"player_experience":167565,"potions_floor_usage":[11,16,16,16,22,23],"damage_taken":[{"damage":15,"enemies":"Jaw Worm","floor":1,"turns":7},{"damage":5,"enemies":"2 Louse","floor":5,"turns":4},{"damage":26,"enemies":"Lagavulin","floor":7,"turns":5},{"damage":34,"enemies":"Gremlin Nob","floor":10,"turns":5},{"damage":12,"enemies":"Small Slimes","floor":11,"turns":3},{"damage":5,"enemies":"Looter","floor":12,"turns":2},{"damage":6,"enemies":"Exordium Wildlife","floor":14,"turns":3},{"damage":20,"enemies":"The Guardian","floor":16,"turns":5},{"damage":6,"enemies":"Spheric Guardian","floor":18,"turns":3},{"damage":4,"enemies":"3 Byrds","floor":20,"turns":2},{"damage":4,"floor":21,"turns":2},{"damage":25,"enemies":"Sentry and Sphere","floor":22,"turns":4},{"damage":25,"enemies":"Slavers","floor":23,"turns":4},{"damage":52,"enemies":"Gremlin Leader","floor":25,"turns":4}],"relics_obtained":[{"floor":7,"key":"Bag of Preparation"},{"floor":9,"key":"Boot"},{"floor":10,"key":"Blood Vial"},{"floor":21,"key":"Red Mask"},{"floor":23,"key":"Centennial Puzzle"}],"event_choices":[{"event_name":"World of Goop","player_choice":"Gather Gold","floor":2,"damage_taken":0},{"event_name":"Golden Wing","player_choice":"Card Removal","floor":3,"damage_taken":0},{"event_name":"Match and Keep!","player_choice":"2 cards matched","floor":4,"damage_taken":0},{"event_name":"The Library","player_choice":"Read","floor":19,"damage_taken":0},{"event_name":"Masked Bandits","player_choice":"Fought over 202 gold","floor":21,"damage_taken":0}],"boss_relics":[{"not_picked":["Ectoplasm","Lizard Tail"],"picked":"Philosopher\u0027s Stone"}],"items_purged_floors":[],"is_endless":true,"potions_floor_spawned":[10,11,12,14,21,22],"seed_played":"-7210396080564313499","killed_by":"Gremlin Leader","ascension_level":0,"potions_obtained":[{"floor":10,"key":"PowerPotion"},{"floor":11,"key":"Strength Potion"},{"floor":12,"key":"FearPotion"},{"floor":14,"key":"Dexterity Potion"},{"floor":21,"key":"Block Potion"},{"floor":22,"key":"Ancient Potion"}],"is_trial":false}