{"gold_per_floor":[147,157,168,168,186,211,225,225,225,257,257,169,185,201,201,303,303,243,262,277,290,306,306,320,354,432,432],"floor_reached":27,"playtime":1481,"items_purged":[],"score":361,"play_id":"ca534634-fe67-4c8a-bce0-814eb50fdd08","local_time":"20190331025057","is_ascension_mode":true,"campfire_choices":[{"data":"Bash","floor":8,"key":"SMITH"},{"data":"True Grit","floor":15,"key":"SMITH"},{"floor":23,"key":"REST"}],"neow_cost":"NONE","seed_source_timestamp":40057937490413,"circlet_count":0,"master_deck":["Strike_R","Strike_R","Strike_R","Strike_R","Strike_R","Defend_R","Defend_R","Defend_R","Defend_R","Bash+1","True Grit+1","Feel No Pain","Cleave","Iron Wave","Shrug It Off","Clothesline","Havoc","Feel No Pain","Havoc","Clothesline","Immolate","Shrug It Off","Havoc","Whirlwind","Havoc+1","Havoc+1","Flame Barrier","Warcry"],"relics":["Burning Blood","Tiny Chest","Pantograph","Red Skull","Magic Flower","Question Card","Fusion Hammer","Omamori","Mercury Hourglass"],"potions_floor_usage":[5,20,21],"damage_taken":[{"damage":1,"enemies":"Cultist","floor":1,"turns":4},{"damage":3,"enemies":"Small Slimes","floor":2,"turns":4},{"damage":5,"enemies":"2 Louse","floor":3,"turns":4},{"damage":27,"enemies":"Exordium Thugs","floor":5,"turns":5},{"damage":23,"enemies":"3 Sentries","floor":6,"turns":11},{"damage":12,"enemies":"Large Slime","floor":7,"turns":6},{"damage":12,"enemies":"Gremlin Nob","floor":10,"turns":4},{"damage":4,"enemies":"Blue Slaver","floor":13,"turns":6},{"damage":14,"enemies":"3 Louse","floor":14,"turns":4},{"damage":66,"enemies":"Hexaghost","floor":16,"turns":17},{"damage":20,"enemies":"2 Thieves","floor":18,"turns":4},{"damage":11,"enemies":"3 Byrds","floor":19,"turns":7},{"damage":40,"enemies":"Sentry and Sphere","floor":20,"turns":8},{"damage":18,"enemies":"Snake Plant","floor":21,"turns":3},{"damage":13,"enemies":"Chosen and Byrds","floor":22,"turns":9},{"damage":26,"enemies":"Snecko","floor":24,"turns":4},{"damage":11,"enemies":"Book of Stabbing","floor":25,"turns":6},{"damage":26,"enemies":"Slavers","floor":27,"turns":2}],"seed_played":"-1968177779397964690","potions_obtained":[{"floor":3,"key":"Weak Potion"},{"floor":5,"key":"BloodPotion"},{"floor":6,"key":"BloodPotion"},{"floor":7,"key":"PowerPotion"},{"floor":19,"key":"Weak Potion"},{"floor":22,"key":"Poison Potion"}],"is_trial":false,"path_per_floor":["M","M","M","T","M","E","M","R","T","E","?","$","M","M","R","B",null,"M","M","M","M","M","R","M","E","T","E"],"character_chosen":"IRONCLAD","items_purchased":["Havoc","Feel No Pain"],"campfire_rested":1,"item_purchase_floors":[12,12],"current_hp_per_floor":[77,80,80,80,59,42,36,36,36,33,33,33,38,33,33,14,64,53,51,32,23,19,43,26,24,24,0],"gold":432,"neow_bonus":"RANDOM_COMMON_RELIC","is_prod":false,"is_daily":false,"chose_seed":false,"campfire_upgraded":2,"win_rate":0,"timestamp":1554011457,"path_taken":["M","?","M","?","M","E","M","R","T","E","?","$","M","M","R","BOSS","M","?","M","M","M","R","M","E","T","E"],"build_version":"2019-01-23","purchased_purges":0,"victory":false,"max_hp_per_floor":[80,80,80,80,80,80,80,80,80,80,80,80,80,80,80,80,80,80,80,80,80,80,80,80,80,80,80],"card_choices":[{"not_picked":["Wild Strike","Reckless Charge"],"picked":"True Grit","floor":1},{"not_picked":["Armaments","Warcry"],"picked":"Feel No Pain","floor":2},{"not_picked":["Wild Strike","Intimidate"],"picked":"Cleave","floor":3},{"not_picked":["Havoc","Pummel","Twin Strike"],"picked":"SKIP","floor":5},{"not_picked":["Seeing Red","Brutality"],"picked":"Iron Wave","floor":6},{"not_picked":["Evolve","Clothesline"],"picked":"Shrug It Off","floor":7},{"not_picked":["Headbutt","Twin Strike"],"picked":"Clothesline","floor":10},{"not_picked":["Armaments","Metallicize","Flame Barrier"],"picked":"Havoc","floor":13},{"not_picked":["Dual Wield","Combust","Thunderclap"],"picked":"Clothesline","floor":14},{"not_picked":["Berserk","Double Tap","Bludgeon"],"picked":"Immolate","floor":16},{"not_picked":["Iron Wave","Flex+1","Clash"],"picked":"Shrug It Off","floor":18},{"not_picked":["Body Slam","Twin Strike","Heavy Blade"],"picked":"Havoc","floor":19},{"not_picked":["Bloodletting","Feel No Pain","Thunderclap+1"],"picked":"Whirlwind","floor":20},{"not_picked":["Warcry","Limit Break","Reckless Charge"],"picked":"Havoc+1","floor":21},{"not_picked":["Twin Strike","Clash","Shrug It Off+1"],"picked":"Havoc+1","floor":22},{"not_picked":["Second Wind","Reckless Charge","Body Slam"],"picked":"Flame Barrier","floor":24},{"not_picked":["Clash","Combust","Reaper"],"picked":"Warcry","floor":25}],"player_experience":435071,"relics_obtained":[{"floor":4,"key":"Pantograph"},{"floor":6,"key":"Red Skull"},{"floor":9,"key":"Magic Flower"},{"floor":10,"key":"Question Card"},{"floor":25,"key":"Omamori"},{"floor":26,"key":"Mercury Hourglass"}],"event_choices":[{"damage_healed":0,"gold_gain":0,"player_choice":"Bought 0 Potions","damage_taken":0,"max_hp_gain":0,"max_hp_loss":0,"event_name":"The Woman in Blue","floor":11,"gold_loss":0}],"is_beta":false,"boss_relics":[{"not_picked":["White Beast Statue","Busted Crown"],"picked":"Fusion Hammer"}],"items_purged_floors":[],"is_endless":false,"potions_floor_spawned":[3,5,6,7,13,19,22],"killed_by":"Slavers","ascension_level":7}