{"gold_per_floor":[109,129,129,140,155,188,188,204,204,226,176,176,205,57,57,153,153,133,147,16,16,116,149,149,149,161,173,185,208,231,261,273,389,401,433,33,49,49,66,66,94,94,94,110,110,130,130,143,143,143,143,143,49,49],"floor_reached":54,"playtime":4286,"items_purged":["Strike_R","Shame"],"score":722,"play_id":"27baf44c-1d90-4d98-a780-40138c23562a","local_time":"20190108205642","is_ascension_mode":false,"campfire_choices":[{"floor":7,"key":"RECALL"},{"data":"Body Slam","floor":12,"key":"SMITH"},{"floor":15,"key":"REST"},{"floor":24,"key":"REST"},{"floor":28,"key":"REST"},{"data":"Shockwave","floor":32,"key":"SMITH"},{"data":"Whirlwind","floor":40,"key":"SMITH"},{"data":"Evolve","floor":47,"key":"SMITH"},{"data":"Wild Strike","floor":49,"key":"SMITH"},{"data":"Juggernaut","floor":52,"key":"SMITH"}],"neow_cost":"NONE","seed_source_timestamp":63193436515600,"circlet_count":0,"master_deck":["Strike_R","Strike_R","Strike_R","Defend_R","Defend_R","Defend_R","Bash","Shockwave+1","Metallicize","Clothesline","Clothesline","Shrug It Off","Rampage","Body Slam+1","Evolve+1","Juggernaut+1","Offering","Shrug It Off+1","Whirlwind+1","Finesse","Ghostly Armor","Headbutt+1","Berserk","Doubt","Shrug It Off+1","Whirlwind+1","Corruption+1","Dark Embrace+1","Ghostly Armor+1","Feel No Pain","Iron Wave","Burning Pact+1","Berserk","Decay","Wild Strike+1","Juggernaut","Wild Strike+1","Parasite","True Grit+1","Metallicize","Anger"],"relics":["Burning Blood","NeowsBlessing","Strawberry","Odd Mushroom","Ginger","Cursed Key","Nunchaku","Mercury Hourglass","Matryoshka","Bag of Preparation","MawBank","Question Card","Toxic Egg 2","Coffee Dripper","Mummified Hand","PreservedInsect","Red Skull"],"potions_floor_usage":[6,6,8,10,13,22,23,29,41,44,50,50],"damage_taken":[{"damage":0,"enemies":"2 Louse","floor":1,"turns":1},{"damage":0,"enemies":"Cultist","floor":2,"turns":1},{"damage":0,"enemies":"Jaw Worm","floor":4,"turns":1},{"damage":3,"enemies":"Blue Slaver","floor":5,"turns":5},{"damage":16,"enemies":"Lagavulin","floor":6,"turns":8},{"damage":4,"enemies":"Gremlin Gang","floor":8,"turns":4},{"damage":21,"enemies":"The Mushroom Lair","floor":10,"turns":5},{"damage":12,"enemies":"3 Sentries","floor":13,"turns":10},{"damage":15,"enemies":"Slime Boss","floor":16,"turns":10},{"damage":10,"enemies":"2 Thieves","floor":18,"turns":4},{"damage":6,"enemies":"3 Byrds","floor":19,"turns":5},{"damage":31,"enemies":"Colosseum Slavers","floor":22,"turns":2},{"damage":50,"enemies":"Colosseum Nobs","floor":22,"turns":6},{"damage":13,"enemies":"Slavers","floor":23,"turns":6},{"damage":6,"enemies":"Centurion and Healer","floor":29,"turns":2},{"damage":6,"enemies":"Snecko","floor":30,"turns":4},{"damage":10,"enemies":"Chosen and Byrds","floor":31,"turns":4},{"damage":48,"enemies":"Champ","floor":33,"turns":11},{"damage":10,"enemies":"3 Shapes","floor":35,"turns":2},{"damage":6,"enemies":"Orb Walker","floor":37,"turns":2},{"damage":6,"enemies":"Jaw Worm Horde","floor":39,"turns":4},{"damage":34,"enemies":"Giant Head","floor":41,"turns":8},{"damage":4,"enemies":"3 Darklings","floor":44,"turns":4},{"damage":0,"enemies":"Transient","floor":46,"turns":5},{"damage":16,"enemies":"Writhing Mass","floor":48,"turns":7},{"damage":40,"enemies":"Donu and Deca","floor":50,"turns":7},{"damage":112,"enemies":"Shield and Spear","floor":54,"turns":4}],"seed_played":"3771795044678557843","potions_obtained":[{"floor":3,"key":"Weak Potion"},{"floor":3,"key":"Energy Potion"},{"floor":3,"key":"Block Potion"},{"floor":6,"key":"PowerPotion"},{"floor":8,"key":"SteroidPotion"},{"floor":16,"key":"SpeedPotion"},{"floor":18,"key":"Strength Potion"},{"floor":23,"key":"SteroidPotion"},{"floor":30,"key":"SpeedPotion"},{"floor":37,"key":"Swift Potion"},{"floor":41,"key":"Swift Potion"},{"floor":46,"key":"EssenceOfSteel"},{"floor":48,"key":"FairyPotion"}],"is_trial":false,"path_per_floor":["M","M","?","M","M","E","R","M","T","?","?","R","E","$","R","B",null,"M","M","$","?","?","E","R","T","T","?","R","M","M","M","R","B",null,"M","$","M","?","M","R","E","?","T","M","?","M","R","M","R","B",null,"R","$","E"],"character_chosen":"IRONCLAD","items_purchased":["Juggernaut","Finesse","Ghostly Armor","Mummified Hand","Feel No Pain","Metallicize","Anger"],"campfire_rested":3,"item_purchase_floors":[14,20,20,36,36,53,53],"current_hp_per_floor":[80,80,80,80,80,77,77,79,79,64,64,64,58,58,84,75,87,83,83,83,83,14,7,33,33,33,62,87,87,87,83,83,41,87,83,83,83,83,83,83,55,55,55,57,57,63,63,53,53,19,87,87,87,0],"gold":49,"neow_bonus":"THREE_ENEMY_KILL","is_prod":false,"is_daily":false,"chose_seed":false,"campfire_upgraded":6,"win_rate":0,"timestamp":1547006202,"path_taken":["M","M","?","?","M","E","R","M","T","?","?","R","E","?","R","BOSS","M","?","$","?","?","E","R","?","T","?","R","M","M","M","R","BOSS","M","$","M","?","?","R","E","?","T","M","?","?","R","M","R","BOSS","R","$","E"],"build_version":"2019-01-07","purchased_purges":2,"victory":false,"max_hp_per_floor":[80,80,80,80,80,87,87,87,87,87,87,87,87,87,87,87,87,87,87,87,87,87,87,87,87,87,87,87,87,87,87,87,87,87,87,87,87,87,87,87,87,87,87,87,87,87,87,87,87,87,87,87,87,87],"card_choices":[{"not_picked":["Clash","Body Slam"],"picked":"Shockwave","floor":1},{"not_picked":["Bloodletting","Blood for Blood"],"picked":"Metallicize","floor":2},{"not_picked":["Iron Wave","Blood for Blood"],"picked":"Clothesline","floor":4},{"not_picked":["Headbutt","Rampage"],"picked":"Clothesline","floor":5},{"not_picked":["Dual Wield","Blood for Blood"],"picked":"Shrug It Off","floor":6},{"not_picked":["Sentinel","Sever Soul"],"picked":"Rampage","floor":8},{"not_picked":["Seeing Red","Perfected Strike"],"picked":"Body Slam","floor":10},{"not_picked":["Power Through","Blood for Blood"],"picked":"Evolve","floor":13},{"not_picked":["Bludgeon","Double Tap"],"picked":"Offering","floor":16},{"not_picked":["Clothesline","Perfected Strike"],"picked":"Shrug It Off+1","floor":18},{"not_picked":["True Grit","Anger"],"picked":"Whirlwind","floor":19},{"not_picked":["Clash","Body Slam+1"],"picked":"Headbutt+1","floor":22},{"not_picked":["Havoc","Bludgeon"],"picked":"Berserk","floor":23},{"not_picked":["Warcry+1","Havoc+1","Uppercut"],"picked":"Shrug It Off+1","floor":29},{"not_picked":["Fire Breathing","Rampage","Anger+1"],"picked":"Whirlwind+1","floor":30},{"not_picked":["Blood for Blood","Armaments+1","Headbutt"],"picked":"Corruption+1","floor":31},{"not_picked":["Double Tap+1","Limit Break+1","Feed"],"picked":"Dark Embrace","floor":33},{"not_picked":["Fire Breathing","Anger+1","Intimidate+1"],"picked":"Ghostly Armor+1","floor":35},{"not_picked":["Flex+1","Corruption","Clash"],"picked":"Iron Wave","floor":37},{"not_picked":["Sword Boomerang","Clothesline+1","Pummel+1"],"picked":"Burning Pact+1","floor":39},{"not_picked":["Thunderclap","Havoc+1","Heavy Blade"],"picked":"Berserk","floor":41},{"not_picked":["Hemokinesis+1","Blood for Blood+1","Whirlwind+1"],"picked":"Wild Strike","floor":44},{"not_picked":["Clothesline+1","Sword Boomerang+1","Twin Strike+1"],"picked":"Wild Strike+1","floor":46},{"not_picked":["Pommel Strike","Havoc+1","Immolate"],"picked":"True Grit+1","floor":48}],"player_experience":309159,"relics_obtained":[{"floor":6,"key":"Strawberry"},{"floor":10,"key":"Odd Mushroom"},{"floor":13,"key":"Ginger"},{"floor":22,"key":"Nunchaku"},{"floor":22,"key":"Mercury Hourglass"},{"floor":23,"key":"Matryoshka"},{"floor":25,"key":"Bag of Preparation"},{"floor":25,"key":"MawBank"},{"floor":26,"key":"Question Card"},{"floor":26,"key":"Toxic Egg 2"},{"floor":41,"key":"PreservedInsect"},{"floor":43,"key":"Red Skull"}],"event_choices":[{"damage_healed":0,"gold_gain":0,"player_choice":"Got Potions","damage_taken":0,"max_hp_gain":0,"max_hp_loss":0,"event_name":"Lab","floor":3,"gold_loss":0},{"damage_healed":0,"gold_gain":0,"player_choice":"Fought Mushrooms","damage_taken":0,"max_hp_gain":0,"max_hp_loss":0,"event_name":"Mushrooms","floor":10,"gold_loss":0},{"cards_removed":["Strike_R"],"damage_healed":0,"gold_gain":0,"player_choice":"Card Removal","damage_taken":0,"max_hp_gain":0,"max_hp_loss":0,"event_name":"The Cleric","floor":11,"gold_loss":50},{"damage_healed":0,"gold_gain":0,"player_choice":"Ignored","damage_taken":0,"max_hp_gain":0,"max_hp_loss":0,"event_name":"Beggar","floor":21,"gold_loss":0},{"damage_healed":0,"gold_gain":0,"player_choice":"Fight","damage_taken":0,"max_hp_gain":0,"max_hp_loss":0,"event_name":"Colosseum","floor":22,"gold_loss":0},{"damage_healed":0,"gold_gain":0,"player_choice":"Fought Nobs","damage_taken":0,"max_hp_gain":0,"max_hp_loss":0,"event_name":"Colosseum","floor":22,"gold_loss":0},{"damage_healed":29,"gold_gain":0,"player_choice":"Heal","damage_taken":0,"max_hp_gain":0,"max_hp_loss":0,"event_name":"The Library","floor":27,"gold_loss":0},{"damage_healed":0,"gold_gain":0,"player_choice":"Forge","damage_taken":0,"max_hp_gain":0,"max_hp_loss":0,"event_name":"Accursed Blacksmith","floor":38,"gold_loss":0,"cards_upgraded":["Dark Embrace"]},{"cards_removed":["Defend_R"],"damage_healed":0,"gold_gain":0,"player_choice":"Removed Skill","damage_taken":0,"max_hp_gain":0,"max_hp_loss":0,"event_name":"Falling","floor":42,"gold_loss":0},{"damage_healed":0,"gold_gain":0,"player_choice":"Copied","damage_taken":0,"max_hp_gain":0,"max_hp_loss":0,"event_name":"Duplicator","floor":45,"gold_loss":0,"cards_obtained":["Juggernaut"]}],"is_beta":true,"boss_relics":[{"not_picked":["Orrery","Black Star"],"picked":"Cursed Key"},{"not_picked":["Velvet Choker","Tiny House"],"picked":"Coffee Dripper"}],"items_purged_floors":[14,36],"is_endless":false,"potions_floor_spawned":[4,6,8,16,18,23,30,37,41,46,48],"killed_by":"Shield and Spear","ascension_level":0}