{"gold_per_floor":[112,112,127,138,138,138,10,36,115,147,147,165,165,221,221,326,326,336,347,367,367,385,385,385],"floor_reached":24,"playtime":842,"items_purged":[],"score":216,"play_id":"8aabb1fd-11fd-4041-8de5-2f1655e669ba","local_time":"20190308000722","is_ascension_mode":true,"campfire_choices":[{"data":"Zap","floor":6,"key":"SMITH"},{"data":"Dualcast","floor":11,"key":"SMITH"},{"data":"Auto Shields","floor":15,"key":"SMITH"},{"data":"Capacitor","floor":23,"key":"SMITH"}],"neow_cost":"TEN_PERCENT_HP_LOSS","seed_source_timestamp":0,"circlet_count":0,"master_deck":["Strike_B","Strike_B","Strike_B","Defend_B","Defend_B","Defend_B","Defend_B","Zap+1","Dualcast+1","Hologram","Coolheaded","Ball Lightning","Capacitor+1","Coolheaded","Auto Shields+1","Electrodynamics","Core Surge"],"special_seed":0,"relics":["Cracked Core","Dead Branch","Oddly Smooth Stone","Letter Opener","Peace Pipe","Strawberry","Coffee Dripper"],"potions_floor_usage":[8,22,24,24],"damage_taken":[{"damage":2,"enemies":"2 Louse","floor":1,"turns":2},{"damage":1,"enemies":"Jaw Worm","floor":3,"turns":3},{"damage":1,"enemies":"Small Slimes","floor":4,"turns":4},{"damage":9,"enemies":"3 Sentries","floor":8,"turns":5},{"damage":6,"enemies":"Lagavulin","floor":10,"turns":7},{"damage":5,"enemies":"Red Slaver","floor":12,"turns":3},{"damage":9,"enemies":"3 Sentries","floor":14,"turns":4},{"damage":13,"enemies":"Hexaghost","floor":16,"turns":11},{"damage":13,"enemies":"3 Byrds","floor":18,"turns":3},{"damage":2,"enemies":"Chosen","floor":19,"turns":4},{"damage":6,"enemies":"Sentry and Sphere","floor":20,"turns":4},{"damage":14,"enemies":"Centurion and Healer","floor":22,"turns":4},{"damage":48,"enemies":"Book of Stabbing","floor":24,"turns":4}],"seed_played":"5993711756594246950","potions_obtained":[{"floor":3,"key":"FocusPotion"},{"floor":4,"key":"FearPotion"},{"floor":14,"key":"Dexterity Potion"},{"floor":16,"key":"Poison Potion"}],"is_trial":false,"path_per_floor":["M","?","M","M","$","R","$","E","T","E","R","M","?","?","R","B",null,"M","M","M","?","M","R","E"],"character_chosen":"DEFECT","items_purchased":["Capacitor","Coolheaded"],"campfire_rested":0,"item_purchase_floors":[7,7],"current_hp_per_floor":[66,59,58,57,57,57,57,48,48,42,42,37,37,35,35,22,75,62,60,54,54,40,40,0],"gold":385,"neow_bonus":"ONE_RARE_RELIC","is_prod":false,"is_daily":false,"chose_seed":false,"campfire_upgraded":4,"win_rate":0,"timestamp":1552028842,"path_taken":["M","?","M","M","$","R","$","E","T","E","R","M","?","?","R","BOSS","M","M","M","?","M","R","E"],"build_version":"2019-01-23","purchased_purges":0,"victory":false,"max_hp_per_floor":[68,68,68,68,68,68,68,68,68,68,68,68,68,75,75,75,75,75,75,75,75,75,75,75],"card_choices":[{"not_picked":["Rebound","Turbo"],"picked":"Hologram","floor":1},{"not_picked":["Static Discharge","Barrage"],"picked":"Coolheaded","floor":3},{"not_picked":["Skim","Gash"],"picked":"Ball Lightning","floor":4},{"not_picked":["Fusion","Streamline","White Noise"],"picked":"SKIP","floor":8},{"not_picked":["Go for the Eyes","Cold Snap"],"picked":"Auto Shields","floor":10},{"not_picked":["Steam","Double Energy"],"picked":"Electrodynamics","floor":12},{"not_picked":["Creative AI","Amplify"],"picked":"Core Surge","floor":16},{"not_picked":["Fusion","White Noise","Gash"],"picked":"SKIP","floor":18},{"not_picked":["Steam","Sweeping Beam","Rebound"],"picked":"SKIP","floor":19},{"not_picked":["Redo+1","Recycle+1","Double Energy"],"picked":"SKIP","floor":20},{"not_picked":["Barrage","Beam Cell","Amplify"],"picked":"SKIP","floor":22}],"player_experience":790114,"relics_obtained":[{"floor":8,"key":"Oddly Smooth Stone"},{"floor":9,"key":"Letter Opener"},{"floor":10,"key":"Peace Pipe"}],"event_choices":[{"cards_removed":["Strike_B"],"damage_healed":0,"gold_gain":0,"player_choice":"Card Removal","damage_taken":7,"max_hp_gain":0,"max_hp_loss":0,"event_name":"Golden Wing","floor":2,"gold_loss":0},{"damage_healed":0,"gold_gain":0,"player_choice":"Ignored","damage_taken":0,"max_hp_gain":0,"max_hp_loss":0,"event_name":"Liars Game","floor":13,"gold_loss":0},{"damage_healed":0,"gold_gain":0,"player_choice":"Searched \u00272\u0027 times","damage_taken":0,"relics_obtained":["Strawberry"],"max_hp_gain":0,"max_hp_loss":0,"event_name":"Dead Adventurer","floor":14,"gold_loss":0},{"damage_healed":0,"gold_gain":0,"player_choice":"Ignored","damage_taken":0,"max_hp_gain":0,"max_hp_loss":0,"event_name":"N\u0027loth","floor":21,"gold_loss":0}],"is_beta":false,"boss_relics":[{"not_picked":["FrozenCore","White Beast Statue"],"picked":"Coffee Dripper"}],"items_purged_floors":[],"is_endless":false,"potions_floor_spawned":[3,4,14,16,19],"killed_by":"Book of Stabbing","ascension_level":1}