{"gold_per_floor":[116,116,116,116,129,129,164,164,164,129,155,155,0,20,20,116,116,116,41,41,20,20,20,20],"floor_reached":24,"playtime":824,"items_purged":[],"score":277,"play_id":"e5cf00f2-5d4d-462b-b4a4-75007b1b8a99","local_time":"20190423151900","is_ascension_mode":true,"campfire_choices":[{"data":"Zap","floor":6,"key":"SMITH"},{"data":"Dualcast","floor":8,"key":"SMITH"},{"data":"Streamline","floor":12,"key":"SMITH"},{"data":"Tempest","floor":15,"key":"SMITH"},{"data":"Coolheaded","floor":23,"key":"SMITH"}],"neow_cost":"NONE","seed_source_timestamp":599297402267647,"circlet_count":0,"master_deck":["Strike_B","Strike_B","Defend_B","Defend_B","Defend_B","Defend_B","Zap+1","Dualcast+1","Self Repair","Streamline+1","FTL","Coolheaded+1","Coolheaded","Tempest+1","Echo Form","Hologram"],"relics":["FrozenCore","Bag of Preparation","The Courier","Matryoshka","Bottled Tornado","Bronze Scales"],"potions_floor_usage":[11,18,24],"damage_taken":[{"damage":0,"enemies":"2 Louse","floor":1,"turns":2},{"damage":2,"enemies":"Small Slimes","floor":5,"turns":4},{"damage":28,"enemies":"Gremlin Nob","floor":7,"turns":4},{"damage":30,"enemies":"3 Sentries","floor":11,"turns":6},{"damage":0,"enemies":"Cultist","floor":14,"turns":2},{"damage":28,"enemies":"Hexaghost","floor":16,"turns":9},{"damage":0,"enemies":"3 Byrds","floor":18,"turns":2},{"damage":26,"enemies":"Colosseum Slavers","floor":20,"turns":6},{"damage":63,"enemies":"Slavers","floor":24,"turns":5}],"seed_played":"3011048120283603531","potions_obtained":[{"floor":1,"key":"Regen Potion"},{"floor":11,"key":"Regen Potion"},{"floor":16,"key":"SmokeBomb"}],"is_trial":false,"path_per_floor":["?","?","?","M","?","?","?","$"],"character_chosen":"DEFECT","items_purchased":["Bronze Scales","Coolheaded","Hologram"],"campfire_rested":0,"item_purchase_floors":[13,13,21],"current_hp_per_floor":[75,80,55,55,60,60,39,39,39,60,51,51,51,51,51,30,73,73,73,47,47,47,47,0],"gold":20,"neow_bonus":"TEN_PERCENT_HP_BONUS","is_prod":false,"is_daily":false,"chose_seed":false,"campfire_upgraded":5,"win_rate":0,"timestamp":1556007540,"path_taken":["M","?","?","?","?","R","E","R","T","?","E","R","$","M","R","BOSS","M","?","?","?","$","R","E"],"build_version":"2019-01-23","purchased_purges":0,"victory":false,"max_hp_per_floor":[82,87,87,87,87,87,87,87,87,87,87,87,87,87,87,87,87,87,87,87,87,87,87,87],"card_choices":[{"not_picked":["Turbo","Coolheaded"],"picked":"Self Repair","floor":1},{"not_picked":["Chill","Turbo"],"picked":"Streamline","floor":5},{"not_picked":["Rip and Tear","Recycle"],"picked":"FTL","floor":7},{"not_picked":["Undo","Rebound"],"picked":"Coolheaded","floor":11},{"not_picked":["Skim","Consume"],"picked":"Tempest","floor":14},{"not_picked":["Core Surge","Machine Learning"],"picked":"Echo Form","floor":16}],"player_experience":287942,"relics_obtained":[{"floor":7,"key":"The Courier"},{"floor":9,"key":"Matryoshka"},{"floor":11,"key":"Bottled Tornado"}],"event_choices":[{"damage_healed":0,"gold_gain":0,"player_choice":"Donut","damage_taken":0,"max_hp_gain":5,"max_hp_loss":0,"event_name":"Big Fish","floor":2,"gold_loss":0},{"damage_healed":0,"gold_gain":0,"player_choice":"Success","damage_taken":25,"relics_obtained":["Bag of Preparation"],"max_hp_gain":0,"max_hp_loss":0,"event_name":"Scrap Ooze","floor":3,"gold_loss":0},{"cards_removed":["Strike_B"],"damage_healed":0,"gold_gain":0,"player_choice":"Offered Basic","damage_taken":0,"max_hp_gain":0,"max_hp_loss":0,"event_name":"Bonfire Elementals","floor":4,"gold_loss":0},{"damage_healed":21,"gold_gain":0,"player_choice":"Healed","damage_taken":0,"max_hp_gain":0,"max_hp_loss":0,"event_name":"The Cleric","floor":10,"gold_loss":35},{"cards_removed":["Strike_B"],"damage_healed":0,"gold_gain":0,"player_choice":"Gave Gold","damage_taken":0,"max_hp_gain":0,"max_hp_loss":0,"event_name":"Beggar","floor":19,"gold_loss":75},{"damage_healed":0,"gold_gain":0,"player_choice":"Fight","damage_taken":0,"max_hp_gain":0,"max_hp_loss":0,"event_name":"Colosseum","floor":20,"gold_loss":0},{"damage_healed":0,"gold_gain":0,"player_choice":"Fled From Nobs","damage_taken":0,"max_hp_gain":0,"max_hp_loss":0,"event_name":"Colosseum","floor":20,"gold_loss":0}],"is_beta":false,"boss_relics":[{"not_picked":["Empty Cage","Lizard Tail"],"picked":"FrozenCore"}],"items_purged_floors":[],"is_endless":false,"potions_floor_spawned":[1,11,16,18],"killed_by":"Slavers","ascension_level":8}