{"gold_per_floor":[114,114,114,132,147,177,241,241,241,241,116,127,154,165,165,266,266,284,284,299,12,25,25,51,51,51,86,102,102,102,25,25,121,121,135,153,153,167,177,203,222,238,288,3,3,13,27,27,27,27],"floor_reached":51,"playtime":7237,"items_purged":["Defend_R","Defend_R","Strike_R"],"score":1011,"play_id":"ddaaf0fc-9872-4880-b762-9a78a01034a2","local_time":"20190428113925","is_ascension_mode":true,"campfire_choices":[{"floor":8,"key":"REST"},{"floor":10,"key":"REST"},{"data":"Metallicize","floor":15,"key":"SMITH"},{"data":"Demon Form","floor":23,"key":"SMITH"},{"data":"Clothesline","floor":25,"key":"SMITH"},{"data":"Juggernaut","floor":29,"key":"SMITH"},{"data":"Corruption","floor":32,"key":"SMITH"},{"data":"Inflame","floor":45,"key":"SMITH"},{"data":"Flame Barrier","floor":49,"key":"SMITH"}],"neow_cost":"NONE","seed_source_timestamp":406160750236600,"circlet_count":0,"master_deck":["Strike_R","Strike_R","Strike_R","Bash","Clothesline+1","Metallicize+1","Shrug It Off","Ghostly Armor","Inflame+1","Uppercut","Headbutt","Demon Form+1","Ghostly","Ghostly","Ghostly","Ghostly","Ghostly","Uppercut+1","Metallicize","Shrug It Off","Juggernaut+1","True Grit+1","Corruption+1","Offering","Feel No Pain+1","Heavy Blade+1","Sentinel","Flame Barrier+1","Heavy Blade+1","Shockwave","Flame Barrier+1"],"relics":["Burning Blood","Calipers","Smiling Mask","Bottled Tornado","Omamori","Sozu","Strawberry","Charon\u0027s Ashes","Meat on the Bone","Self Forming Clay","Anchor","Empty Cage","Frozen Egg 2","Orichalcum","Brimstone"],"potions_floor_usage":[6,12,13,16,40],"damage_taken":[{"damage":15,"enemies":"Small Slimes","floor":1,"turns":4},{"damage":2,"enemies":"2 Louse","floor":4,"turns":3},{"damage":2,"enemies":"Jaw Worm","floor":5,"turns":5},{"damage":27,"enemies":"Gremlin Nob","floor":6,"turns":5},{"damage":40,"enemies":"Gremlin Nob","floor":7,"turns":6},{"damage":18,"enemies":"Gremlin Gang","floor":12,"turns":7},{"damage":15,"enemies":"3 Sentries","floor":13,"turns":12},{"damage":6,"enemies":"2 Fungi Beasts","floor":14,"turns":5},{"damage":48,"enemies":"The Guardian","floor":16,"turns":14},{"damage":0,"enemies":"Chosen","floor":18,"turns":5},{"damage":0,"enemies":"Spheric Guardian","floor":20,"turns":6},{"damage":0,"enemies":"Centurion and Healer","floor":22,"turns":7},{"damage":10,"enemies":"Book of Stabbing","floor":24,"turns":6},{"damage":18,"enemies":"Slavers","floor":27,"turns":7},{"damage":11,"enemies":"Snake Plant","floor":28,"turns":5},{"damage":28,"enemies":"Collector","floor":33,"turns":8},{"damage":2,"enemies":"Orb Walker","floor":35,"turns":5},{"damage":0,"enemies":"3 Shapes","floor":36,"turns":4},{"damage":6,"enemies":"Sphere and 2 Shapes","floor":38,"turns":5},{"damage":0,"enemies":"Transient","floor":39,"turns":5},{"damage":38,"enemies":"Reptomancer","floor":40,"turns":9},{"damage":0,"enemies":"4 Shapes","floor":41,"turns":7},{"damage":0,"enemies":"3 Darklings","floor":42,"turns":5},{"damage":0,"enemies":"Sphere and 2 Shapes","floor":46,"turns":4},{"damage":0,"enemies":"4 Shapes","floor":47,"turns":5},{"damage":18,"enemies":"Awakened One","floor":50,"turns":8}],"seed_played":"5242380760475051585","potions_obtained":[{"floor":1,"key":"SkillPotion"},{"floor":5,"key":"LiquidBronze"},{"floor":7,"key":"SkillPotion"},{"floor":14,"key":"BloodPotion"},{"floor":16,"key":"Swift Potion"}],"is_trial":false,"path_per_floor":["M","?","?","M","M","E","?","R","T","R","$","M","E","M","R","B",null,"M","?","M","$","M","R","E","R","T","E","M","R","?","$","R","B",null,"M","M","?","M","M","E","M","M","T","$","R","M","M","$","R","B",null],"character_chosen":"IRONCLAD","items_purchased":["Inflame","Strawberry","Metallicize","Corruption","Shockwave","Brimstone"],"campfire_rested":2,"item_purchase_floors":[11,21,21,31,44,44],"current_hp_per_floor":[71,64,64,68,72,51,17,43,43,69,69,57,48,48,48,14,70,76,44,44,51,51,51,47,47,47,35,42,42,42,42,42,32,46,50,51,51,51,51,31,37,43,43,43,43,49,51,51,51,39],"gold":27,"neow_bonus":"TEN_PERCENT_HP_BONUS","is_prod":false,"is_daily":false,"chose_seed":false,"campfire_upgraded":7,"win_rate":0,"timestamp":1556465965,"path_taken":["M","?","?","M","M","E","?","R","T","R","$","M","E","M","R","BOSS","M","?","M","$","M","R","E","R","T","E","M","R","?","?","R","BOSS","M","?","?","M","?","E","M","M","T","$","R","M","M","?","R","BOSS"],"build_version":"2019-01-23","purchased_purges":3,"victory":true,"max_hp_per_floor":[88,88,88,88,88,88,88,88,88,88,88,88,88,88,88,88,88,88,44,44,51,51,51,51,51,51,51,51,51,51,51,51,51,51,51,51,51,51,51,51,51,51,51,51,51,51,51,51,51,51],"card_choices":[{"not_picked":["Seeing Red","Blood for Blood"],"picked":"Clothesline","floor":1},{"not_picked":["Clothesline","Armaments"],"picked":"Metallicize","floor":4},{"not_picked":["Twin Strike","Heavy Blade"],"picked":"Shrug It Off","floor":5},{"not_picked":["Thunderclap","Clash","Sentinel"],"picked":"SKIP","floor":6},{"not_picked":["Infernal Blade","Thunderclap"],"picked":"Ghostly Armor","floor":7},{"not_picked":["Second Wind","Body Slam","Pummel"],"picked":"SKIP","floor":12},{"not_picked":["True Grit","Intimidate"],"picked":"Uppercut","floor":13},{"not_picked":["Twin Strike","Flex"],"picked":"Headbutt","floor":14},{"not_picked":["Bludgeon","Juggernaut"],"picked":"Demon Form","floor":16},{"not_picked":["Entrench+1","Headbutt","Hemokinesis"],"picked":"SKIP","floor":18},{"not_picked":["Clash","Cleave"],"picked":"Uppercut+1","floor":20},{"not_picked":["True Grit","Clothesline"],"picked":"Shrug It Off","floor":22},{"not_picked":["Dual Wield","Ghostly Armor","Twin Strike"],"picked":"SKIP","floor":24},{"not_picked":["Offering","Searing Blow+1"],"picked":"Juggernaut","floor":27},{"not_picked":["Thunderclap+1","Entrench"],"picked":"True Grit+1","floor":28},{"not_picked":["Double Tap","Juggernaut"],"picked":"Offering","floor":33},{"not_picked":["True Grit","Havoc"],"picked":"Feel No Pain","floor":35},{"not_picked":["Warcry","Clothesline"],"picked":"Heavy Blade+1","floor":36},{"not_picked":["Shockwave","Rage"],"picked":"Sentinel","floor":38},{"not_picked":["Disarm+1","Wild Strike+1"],"picked":"Flame Barrier+1","floor":39},{"not_picked":["Sword Boomerang+1","Wild Strike","Perfected Strike"],"picked":"SKIP","floor":40},{"not_picked":["Warcry+1","Clothesline","Pommel Strike"],"picked":"SKIP","floor":41},{"not_picked":["Clash+1","Iron Wave+1"],"picked":"Heavy Blade+1","floor":42},{"not_picked":["Thunderclap+1","Wild Strike+1"],"picked":"Flame Barrier","floor":46},{"not_picked":["Twin Strike","Entrench","Intimidate+1"],"picked":"SKIP","floor":47}],"player_experience":242656,"relics_obtained":[{"floor":6,"key":"Calipers"},{"floor":7,"key":"Smiling Mask"},{"floor":9,"key":"Bottled Tornado"},{"floor":13,"key":"Omamori"},{"floor":24,"key":"Charon\u0027s Ashes"},{"floor":26,"key":"Meat on the Bone"},{"floor":27,"key":"Self Forming Clay"},{"floor":40,"key":"Frozen Egg 2"},{"floor":43,"key":"Orichalcum"}],"event_choices":[{"cards_removed":["Strike_R"],"damage_healed":0,"gold_gain":0,"player_choice":"Card Removal","damage_taken":7,"max_hp_gain":0,"max_hp_loss":0,"event_name":"Golden Wing","floor":2,"gold_loss":0},{"damage_healed":0,"gold_gain":0,"player_choice":"Ignored","damage_taken":0,"max_hp_gain":0,"max_hp_loss":0,"event_name":"Liars Game","floor":3,"gold_loss":0},{"damage_healed":0,"gold_gain":30,"player_choice":"Searched \u00272\u0027 times","damage_taken":0,"max_hp_gain":0,"max_hp_loss":0,"event_name":"Dead Adventurer","floor":7,"gold_loss":0},{"damage_healed":0,"gold_gain":0,"player_choice":"Became a Ghost","damage_taken":0,"max_hp_gain":0,"max_hp_loss":44,"event_name":"Ghosts","floor":19,"gold_loss":0,"cards_obtained":["Ghostly","Ghostly","Ghostly","Ghostly","Ghostly"]},{"damage_healed":0,"gold_gain":0,"player_choice":"Opened","damage_taken":0,"relics_obtained":["Anchor"],"max_hp_gain":0,"max_hp_loss":0,"event_name":"The Mausoleum","floor":30,"gold_loss":0,"cards_obtained":["Writhe"]},{"damage_healed":0,"gold_gain":0,"player_choice":"Upgraded","damage_taken":0,"max_hp_gain":0,"max_hp_loss":0,"event_name":"Upgrade Shrine","floor":37,"gold_loss":0,"cards_upgraded":["Feel No Pain"]}],"is_beta":false,"boss_relics":[{"not_picked":["Ectoplasm","Philosopher\u0027s Stone"],"picked":"Sozu"},{"not_picked":["Tiny House","Calling Bell"],"picked":"Empty Cage"}],"items_purged_floors":[11,21,44],"is_endless":false,"potions_floor_spawned":[1,5,7,14,16,20,28,33,39,41,47],"ascension_level":8}