{"gold_per_floor":[118,118,132,97,108,136,136,162,162,162],"floor_reached":10,"playtime":297,"items_purged":[],"score":141,"play_id":"dfd879d7-b082-4a3e-9774-e2ce260ad8b0","local_time":"20181121132248","is_ascension_mode":true,"campfire_choices":[{"floor":7,"key":"REST"}],"neow_cost":"NONE","seed_source_timestamp":761669237506499,"circlet_count":0,"master_deck":["AscendersBane","Defend_G","Defend_G","Defend_G","Defend_G","Defend_G","Strike_G","Strike_G+1","Strike_G","Strike_G+1","Strike_G","Survivor","Neutralize","Deadly Poison","Cloak And Dagger","Noxious Fumes","Leg Sweep","Predator"],"relics":["Ring of the Snake","NeowsBlessing","Pen Nib","Question Card","Dream Catcher"],"potions_floor_usage":[6,8],"damage_taken":[{"damage":0,"enemies":"Jaw Worm","floor":1,"turns":1},{"damage":0,"enemies":"Small Slimes","floor":3,"turns":1},{"damage":0,"enemies":"2 Louse","floor":5,"turns":1},{"damage":25,"enemies":"3 Sentries","floor":6,"turns":9},{"damage":24,"enemies":"Lagavulin","floor":8,"turns":8},{"damage":25,"enemies":"3 Sentries","floor":10,"turns":4}],"seed_played":"2431676878107861283","potions_obtained":[{"floor":1,"key":"Strength Potion"},{"floor":6,"key":"PowerPotion"},{"floor":8,"key":"SteroidPotion"}],"is_trial":false,"path_per_floor":["M","?","M","?","M","E","R","E","T","E"],"character_chosen":"THE_SILENT","items_purchased":[],"campfire_rested":1,"item_purchase_floors":[],"current_hp_per_floor":[59,39,39,55,55,30,49,25,25,0],"gold":162,"neow_bonus":"THREE_ENEMY_KILL","is_prod":false,"is_daily":false,"chose_seed":false,"campfire_upgraded":0,"win_rate":0,"timestamp":1542802968,"path_taken":["M","?","M","?","M","E","R","E","T","E"],"build_version":"2018-11-15","purchased_purges":0,"victory":false,"max_hp_per_floor":[66,66,66,66,66,66,66,66,66,66],"card_choices":[{"not_picked":["Flechettes","Backflip"],"picked":"Deadly Poison","floor":1},{"not_picked":["Distraction","Prepared"],"picked":"Cloak And Dagger","floor":3},{"not_picked":["All Out Attack","Underhanded Strike"],"picked":"Noxious Fumes","floor":5},{"not_picked":["Doppelganger","Finisher"],"picked":"Leg Sweep","floor":6},{"not_picked":["Tactician","Dagger Throw"],"picked":"Predator","floor":8}],"player_experience":841497,"relics_obtained":[{"floor":6,"key":"Pen Nib"},{"floor":8,"key":"Question Card"},{"floor":9,"key":"Dream Catcher"}],"event_choices":[{"damage_healed":0,"gold_gain":0,"player_choice":"Entered Light","damage_taken":20,"max_hp_gain":0,"max_hp_loss":0,"event_name":"Shining Light","floor":2,"gold_loss":0,"cards_upgraded":["Strike_G","Strike_G"]},{"damage_healed":16,"gold_gain":0,"player_choice":"Healed","damage_taken":0,"max_hp_gain":0,"max_hp_loss":0,"event_name":"The Cleric","floor":4,"gold_loss":35}],"is_beta":false,"boss_relics":[],"items_purged_floors":[],"is_endless":false,"potions_floor_spawned":[1,6,8],"killed_by":"3 Sentries","ascension_level":17}