{"gold_per_floor":[211,211,228,102,115,115,140,156,156,183,183,206,206,106,106,106],"floor_reached":16,"playtime":637,"items_purged":["Strike_R","Strike_R"],"score":193,"play_id":"f8993186-dd0e-47b5-b015-abff8b2b7b48","local_time":"20190408021422","is_ascension_mode":true,"campfire_choices":[{"data":"Whirlwind","floor":6,"key":"SMITH"},{"data":"Uppercut","floor":13,"key":"SMITH"},{"data":"Inflame","floor":15,"key":"SMITH"}],"neow_cost":"NONE","seed_source_timestamp":45045332644434,"circlet_count":0,"master_deck":["AscendersBane","Strike_R","Strike_R","Strike_R","Defend_R","Defend_R","Defend_R","Defend_R","Bash","Whirlwind+1","Rampage","Shrug It Off+1","Uppercut+1","Inflame+1","Armaments+1"],"relics":["Burning Blood","Toxic Egg 2","Kunai","Frozen Egg 2","Bag of Marbles","Golden Idol"],"potions_floor_usage":[16],"damage_taken":[{"damage":1,"enemies":"Cultist","floor":1,"turns":3},{"damage":0,"enemies":"Small Slimes","floor":3,"turns":3},{"damage":3,"enemies":"2 Louse","floor":5,"turns":3},{"damage":19,"enemies":"Gremlin Nob","floor":7,"turns":4},{"damage":12,"enemies":"Exordium Thugs","floor":8,"turns":5},{"damage":30,"enemies":"Lagavulin","floor":10,"turns":7},{"damage":4,"enemies":"Blue Slaver","floor":12,"turns":4},{"damage":34,"enemies":"Hexaghost","floor":16,"turns":14}],"seed_played":"4482218868230738753","potions_obtained":[{"floor":1,"key":"Strength Potion"},{"floor":5,"key":"Weak Potion"}],"is_trial":false,"path_per_floor":["M","T","M","$","M","R","E","M","T","E","?","M","R","$","R","B"],"character_chosen":"IRONCLAD","items_purchased":["Shrug It Off+1"],"campfire_rested":0,"item_purchase_floors":[4],"current_hp_per_floor":[73,73,75,75,75,75,62,56,56,32,32,34,34,34,34,0],"gold":106,"neow_bonus":"HUNDRED_GOLD","is_prod":false,"is_daily":false,"chose_seed":false,"campfire_upgraded":3,"win_rate":0,"timestamp":1554700462,"path_taken":["M","?","M","$","?","R","E","M","T","E","?","M","R","$","R","BOSS"],"build_version":"2019-01-23","purchased_purges":2,"victory":false,"max_hp_per_floor":[75,75,75,75,75,75,75,75,75,75,68,68,68,68,68,68],"card_choices":[{"not_picked":["Warcry","Iron Wave"],"picked":"Whirlwind","floor":1},{"not_picked":["Bloodletting+1","Perfected Strike"],"picked":"Rampage","floor":3},{"not_picked":["Clothesline","Thunderclap"],"picked":"Uppercut","floor":5},{"not_picked":["Bludgeon","Clothesline","Havoc+1"],"picked":"SKIP","floor":7},{"not_picked":["Clothesline","Clash"],"picked":"Inflame","floor":8},{"not_picked":["Fire Breathing+1","Twin Strike"],"picked":"Armaments+1","floor":10},{"not_picked":["Iron Wave","Heavy Blade","Reckless Charge"],"picked":"SKIP","floor":12}],"player_experience":553776,"relics_obtained":[{"floor":2,"key":"Toxic Egg 2"},{"floor":7,"key":"Kunai"},{"floor":9,"key":"Frozen Egg 2"},{"floor":10,"key":"Bag of Marbles"}],"event_choices":[{"damage_healed":0,"gold_gain":0,"player_choice":"Lose Max HP","damage_taken":0,"relics_obtained":["Golden Idol"],"max_hp_gain":0,"max_hp_loss":7,"event_name":"Golden Idol","floor":11,"gold_loss":0}],"is_beta":false,"boss_relics":[],"items_purged_floors":[4,14],"is_endless":false,"potions_floor_spawned":[1,5,8],"killed_by":"Hexaghost","ascension_level":15}