{"gold_per_floor":[365,291,309,43,54,54,80,80,80,95,126,145,145,110,110,187,187,205,223,223,223,223],"floor_reached":22,"playtime":1164,"items_purged":[],"score":359,"play_id":"4eddf957-9d3d-4887-bd63-ad942dacdb24","local_time":"20190420232423","is_ascension_mode":true,"campfire_choices":[{"data":"Bash","floor":6,"key":"SMITH"},{"data":"Offering","floor":8,"key":"SMITH"},{"data":"Metallicize","floor":13,"key":"SMITH"},{"data":"Sword Boomerang","floor":15,"key":"SMITH"}],"neow_cost":"PERCENT_DAMAGE","seed_source_timestamp":34521284714694,"circlet_count":0,"master_deck":["AscendersBane","Strike_R","Strike_R","Strike_R","Strike_R","Strike_R","Defend_R","Defend_R","Defend_R","Defend_R","Bash+1","Anger","Offering+1","Burning Pact","Sword Boomerang+1","Flame Barrier","Clothesline","Metallicize+1","Exhume","Corruption+1","Armaments"],"relics":["Burning Blood","Sling","Gambling Chip","Shovel","Mummified Hand","Black Star","Pen Nib"],"potions_floor_usage":[],"damage_taken":[{"damage":7,"enemies":"Small Slimes","floor":1,"turns":4},{"damage":8,"enemies":"Jaw Worm","floor":3,"turns":2},{"damage":6,"enemies":"Cultist","floor":5,"turns":3},{"damage":16,"enemies":"Gremlin Nob","floor":7,"turns":3},{"damage":6,"enemies":"Large Slime","floor":10,"turns":4},{"damage":29,"enemies":"3 Sentries","floor":11,"turns":9},{"damage":6,"enemies":"Looter","floor":12,"turns":3},{"damage":25,"enemies":"Hexaghost","floor":16,"turns":11},{"damage":24,"enemies":"Shell Parasite","floor":18,"turns":5},{"damage":8,"enemies":"2 Thieves","floor":19,"turns":3},{"damage":28,"enemies":"Shelled Parasite and Fungi","floor":22,"turns":1}],"seed_played":"-7760271383512589947","potions_obtained":[{"floor":5,"key":"SpeedPotion"},{"floor":10,"key":"FearPotion"},{"floor":11,"key":"Explosive Potion"},{"floor":12,"key":"Dexterity Potion"}],"is_trial":false,"path_per_floor":["M","$","M","$","M","R","E","R","T","M","E","M","R","?","R","B",null,"M","M","?","T","M"],"character_chosen":"IRONCLAD","items_purchased":["Offering","Sling","Sword Boomerang"],"campfire_rested":0,"item_purchase_floors":[2,4,4],"current_hp_per_floor":[49,49,47,47,47,47,37,37,37,37,14,14,14,32,32,13,60,42,40,19,19,0],"gold":223,"neow_bonus":"TWO_FIFTY_GOLD","is_prod":false,"is_daily":false,"chose_seed":false,"campfire_upgraded":4,"win_rate":0,"timestamp":1555813463,"path_taken":["M","$","M","$","M","R","E","R","T","M","E","M","R","?","R","BOSS","M","M","?","?","?"],"build_version":"2019-01-23","purchased_purges":0,"victory":false,"max_hp_per_floor":[75,75,75,75,75,75,75,75,75,75,75,75,75,75,75,75,75,75,75,80,80,80],"card_choices":[{"not_picked":["Wild Strike","Sword Boomerang"],"picked":"Anger","floor":1},{"not_picked":["Anger","Entrench"],"picked":"Burning Pact","floor":3},{"not_picked":["Cleave","Warcry","Sentinel"],"picked":"SKIP","floor":5},{"not_picked":["Sever Soul","Havoc"],"picked":"Flame Barrier","floor":7},{"not_picked":["True Grit","Warcry"],"picked":"Clothesline","floor":10},{"not_picked":["Reckless Charge","Heavy Blade"],"picked":"Metallicize","floor":11},{"not_picked":["Clash","Rupture","Hemokinesis"],"picked":"SKIP","floor":12},{"not_picked":["Brutality","Berserk"],"picked":"Exhume","floor":16},{"not_picked":["Rupture+1","Reckless Charge"],"picked":"Corruption+1","floor":18},{"not_picked":["Reckless Charge","Thunderclap"],"picked":"Armaments","floor":19}],"player_experience":705199,"relics_obtained":[{"floor":7,"key":"Gambling Chip"},{"floor":9,"key":"Shovel"},{"floor":11,"key":"Mummified Hand"},{"floor":21,"key":"Pen Nib"}],"event_choices":[{"damage_healed":18,"gold_gain":0,"player_choice":"Healed","damage_taken":0,"max_hp_gain":0,"max_hp_loss":0,"event_name":"The Cleric","floor":14,"gold_loss":35},{"damage_healed":0,"gold_gain":0,"player_choice":"Shed Blood","damage_taken":26,"max_hp_gain":5,"max_hp_loss":0,"event_name":"Forgotten Altar","floor":20,"gold_loss":0}],"is_beta":false,"boss_relics":[{"not_picked":["Runic Dome","Calling Bell"],"picked":"Black Star"}],"items_purged_floors":[],"is_endless":false,"potions_floor_spawned":[5,10,11,12],"killed_by":"Shelled Parasite and Fungi","ascension_level":17}