{"gold_per_floor":[114,124,299,312,69,69,89,89,89,118,130,143,143,43,43,43],"floor_reached":16,"playtime":409,"items_purged":["Doubt","Strike_R"],"score":102,"play_id":"1ca02121-876b-4cda-80e2-bb0cd8749233","local_time":"20190419094600","is_ascension_mode":false,"campfire_choices":[{"data":"Bash","floor":6,"key":"SMITH"},{"data":"Offering","floor":8,"key":"SMITH"},{"floor":13,"key":"REST"},{"data":"Strike_R","floor":15,"key":"PURGE"}],"neow_cost":"NONE","seed_source_timestamp":661386232370200,"circlet_count":0,"master_deck":["Strike_R","Strike_R","Strike_R","Defend_R","Defend_R","Defend_R","Bash+1","Thunderclap","Offering+1"],"relics":["Burning Blood","Charon\u0027s Ashes","Peace Pipe"],"potions_floor_usage":[16],"damage_taken":[{"damage":6,"enemies":"Jaw Worm","floor":1,"turns":3},{"damage":9,"enemies":"2 Louse","floor":2,"turns":2},{"damage":10,"enemies":"Cultist","floor":4,"turns":4},{"damage":5,"enemies":"Large Slime","floor":7,"turns":5},{"damage":54,"enemies":"Lagavulin","floor":10,"turns":7},{"damage":17,"enemies":"Exordium Thugs","floor":11,"turns":5},{"damage":13,"enemies":"Blue Slaver","floor":12,"turns":3},{"damage":36,"enemies":"The Guardian","floor":16,"turns":10}],"seed_played":"3905925464316305256","potions_obtained":[{"floor":1,"key":"GamblersBrew"},{"floor":10,"key":"Strength Potion"}],"is_trial":false,"path_per_floor":["M","M","?","M","$","R","M","R","T","E","M","M","R","$","R","B"],"character_chosen":"IRONCLAD","items_purchased":["Thunderclap","Offering"],"campfire_rested":1,"item_purchase_floors":[5,5],"current_hp_per_floor":[80,77,77,73,73,73,74,74,74,26,15,8,32,32,32,0],"gold":43,"neow_bonus":"REMOVE_CARD","is_prod":false,"is_daily":false,"chose_seed":false,"campfire_upgraded":2,"win_rate":0,"timestamp":1555659960,"path_taken":["M","M","?","M","$","R","M","R","T","E","M","M","R","$","R","BOSS"],"build_version":"2019-01-23","purchased_purges":2,"victory":false,"max_hp_per_floor":[80,80,80,80,80,80,80,80,80,80,80,80,80,80,80,80],"card_choices":[{"not_picked":["Bloodletting","Armaments","Wild Strike"],"picked":"SKIP","floor":1},{"not_picked":["True Grit","Cleave","Rage"],"picked":"SKIP","floor":2},{"not_picked":["Infernal Blade","Heavy Blade","Hemokinesis"],"picked":"SKIP","floor":4},{"not_picked":["Uppercut","Carnage","Perfected Strike"],"picked":"SKIP","floor":7},{"not_picked":["Second Wind","Headbutt","Perfected Strike"],"picked":"SKIP","floor":10},{"not_picked":["Armaments","Sword Boomerang","Twin Strike"],"picked":"SKIP","floor":11},{"not_picked":["Thunderclap","Armaments","Sword Boomerang"],"picked":"SKIP","floor":12}],"player_experience":609570,"relics_obtained":[{"floor":9,"key":"Charon\u0027s Ashes"},{"floor":10,"key":"Peace Pipe"}],"event_choices":[{"damage_healed":0,"gold_gain":175,"player_choice":"AGREE","damage_taken":0,"max_hp_gain":0,"max_hp_loss":0,"event_name":"Liars Game","floor":3,"gold_loss":0,"cards_obtained":["Doubt"]}],"is_beta":false,"boss_relics":[],"items_purged_floors":[5,14],"is_endless":false,"potions_floor_spawned":[1,10],"killed_by":"The Guardian","ascension_level":0}