{"gold_per_floor":[117,117,135,2,15,46,46,75,100,128,106,31,41,52,52,131,131,148,98,110,64,78,105,105,135,135,154,11,11,11,43,43,117,117,127,178,188,188,188,220,220,142,142,142,156,15,15,15,15,15],"floor_reached":51,"playtime":3053,"items_purged":["Strike_G"],"score":1387,"play_id":"09e6419a-4f60-44bd-9d6d-b1ee7533f667","local_time":"20190428172804","is_ascension_mode":true,"campfire_choices":[{"data":"Noxious Fumes","floor":7,"key":"SMITH"},{"floor":15,"key":"REST"},{"data":"Malaise","floor":24,"key":"SMITH"},{"floor":29,"key":"REST"},{"data":"Glass Knife","floor":32,"key":"SMITH"},{"floor":41,"key":"REST"},{"floor":44,"key":"REST"},{"floor":49,"key":"RECALL"}],"neow_cost":"NONE","seed_source_timestamp":3608904864594,"circlet_count":0,"master_deck":["AscendersBane","Defend_G+1","Defend_G+1","Defend_G+1","Defend_G+1","Defend_G+1","Strike_G+1","Strike_G+1","Strike_G+1","Survivor+1","Neutralize+1","Poisoned Stab+1","Backstab+1","Sucker Punch+1","Well Laid Plans+1","Noxious Fumes+1","Cloak And Dagger+1","Dagger Spray+1","PiercingWail+1","Cloak And Dagger+1","Leg Sweep+1","Glass Knife+1","All Out Attack+1","Cloak And Dagger+1","PiercingWail+1","Malaise+1","Crippling Poison+1","Die Die Die+1","Deflect+1","PiercingWail+1","Footwork+1","Footwork+1","Backflip+1","Infinite Blades+1","Adrenaline+1"],"relics":["Ring of the Snake","Snake Skull","Centennial Puzzle","Whetstone","Odd Mushroom","Sozu","Torii","Lantern","Pen Nib","Oddly Smooth Stone","FossilizedHelix","Singing Bowl","Fusion Hammer","Prayer Wheel","Juzu Bracelet","Boot","Ninja Scroll","Mark of the Bloom"],"potions_floor_usage":[3,8,20,50],"damage_taken":[{"damage":0,"enemies":"Small Slimes","floor":1,"turns":4},{"damage":0,"enemies":"Jaw Worm","floor":3,"turns":7},{"damage":0,"enemies":"Cultist","floor":5,"turns":3},{"damage":21,"enemies":"3 Sentries","floor":6,"turns":12},{"damage":15,"enemies":"Gremlin Nob","floor":8,"turns":4},{"damage":5,"enemies":"The Mushroom Lair","floor":10,"turns":5},{"damage":15,"enemies":"Exordium Thugs","floor":13,"turns":7},{"damage":0,"enemies":"Looter","floor":14,"turns":3},{"damage":10,"enemies":"Hexaghost","floor":16,"turns":8},{"damage":0,"enemies":"3 Byrds","floor":18,"turns":5},{"damage":0,"enemies":"Spheric Guardian","floor":20,"turns":4},{"damage":4,"enemies":"Snecko","floor":22,"turns":6},{"damage":15,"enemies":"Book of Stabbing","floor":23,"turns":7},{"damage":10,"enemies":"Slavers","floor":25,"turns":6},{"damage":7,"enemies":"Snake Plant","floor":27,"turns":7},{"damage":0,"enemies":"Gremlin Leader","floor":31,"turns":7},{"damage":27,"enemies":"Collector","floor":33,"turns":13},{"damage":0,"enemies":"3 Darklings","floor":35,"turns":6},{"damage":2,"enemies":"2 Orb Walkers","floor":36,"turns":6},{"damage":0,"enemies":"3 Shapes","floor":37,"turns":3},{"damage":20,"enemies":"Nemesis","floor":40,"turns":9},{"damage":0,"enemies":"Writhing Mass","floor":45,"turns":6},{"damage":0,"enemies":"Donu and Deca","floor":50,"turns":12}],"seed_played":"6545583102775159812","potions_obtained":[{"floor":1,"key":"Swift Potion"},{"floor":6,"key":"Poison Potion"},{"floor":14,"key":"GhostInAJar"},{"floor":16,"key":"SkillPotion"}],"is_trial":false,"path_per_floor":["M","?","M","$","M","E","R","E","T","?","$","$","M","M","R","B",null,"M","?","M","$","M","E","R","E","T","M","$","R","T","E","R","B",null,"M","?","M","?","?","E","R","$","T","R","M","$","?","?","R","B",null],"character_chosen":"THE_SILENT","items_purchased":["Backstab","Sucker Punch","PiercingWail","PiercingWail","Oddly Smooth Stone","Footwork","Adrenaline"],"campfire_rested":4,"item_purchase_floors":[4,4,11,21,28,42,46],"current_hp_per_floor":[59,64,64,64,64,43,43,28,28,23,23,23,8,8,29,19,58,58,58,58,58,54,39,39,29,29,22,22,43,43,43,43,16,57,57,57,59,59,59,41,64,64,64,77,77,77,77,77,77,77],"gold":15,"neow_bonus":"UPGRADE_CARD","is_prod":false,"is_daily":false,"chose_seed":false,"campfire_upgraded":3,"win_rate":0,"timestamp":1556483284,"path_taken":["M","?","M","$","M","E","R","E","T","?","?","$","M","M","R","BOSS","M","?","M","$","M","E","R","E","T","?","$","R","?","E","R","BOSS","M","?","M","?","?","E","R","?","T","R","M","$","?","?","R","BOSS"],"build_version":"2019-01-23","purchased_purges":1,"victory":true,"max_hp_per_floor":[66,71,71,71,71,71,71,71,71,71,71,71,71,71,71,71,71,71,71,71,71,71,71,71,71,71,71,71,71,71,71,71,71,71,71,73,75,75,75,77,77,77,77,77,77,77,77,77,77,77],"card_choices":[{"not_picked":["Setup","Heel Hook","Prepared"],"picked":"SKIP","floor":1},{"not_picked":["Outmaneuver","Expertise"],"picked":"Poisoned Stab","floor":3},{"not_picked":["Skewer","Quick Slash"],"picked":"Well Laid Plans","floor":5},{"not_picked":["Caltrops","Blur"],"picked":"Noxious Fumes","floor":6},{"not_picked":["Venomology","PiercingWail"],"picked":"Cloak And Dagger","floor":8},{"not_picked":["Blur","Backflip"],"picked":"Dagger Spray","floor":10},{"not_picked":["Endless Agony","Prepared"],"picked":"Cloak And Dagger","floor":13},{"not_picked":["Blade Dance","Heel Hook"],"picked":"Leg Sweep","floor":14},{"not_picked":["Tools of the Trade","Night Terror"],"picked":"Glass Knife","floor":16},{"not_picked":["Bane","Prepared"],"picked":"All Out Attack","floor":18},{"not_picked":["Concentrate","Outmaneuver"],"picked":"Cloak And Dagger+1","floor":20},{"not_picked":["Blade Dance","Outmaneuver"],"picked":"Malaise","floor":22},{"not_picked":["Terror","Escape Plan","Blade Dance"],"picked":"SKIP","floor":23},{"not_picked":["Flechettes","Deflect","Masterful Stab"],"picked":"SKIP","floor":25},{"not_picked":["Dagger Throw+1","Quick Slash"],"picked":"Backflip","floor":27},{"not_picked":["Reflex+1","Quick Slash"],"picked":"Crippling Poison","floor":31},{"not_picked":["Grand Finale","Unload"],"picked":"Die Die Die","floor":33},{"not_picked":["Slice","Well Laid Plans"],"picked":"Deflect","floor":35},{"not_picked":["Tactician","Slice","Flying Knee"],"picked":"Singing Bowl","floor":36},{"not_picked":["Bane","Dagger Throw+1","Eviscerate"],"picked":"Singing Bowl","floor":37},{"not_picked":["Skewer","Sucker Punch"],"picked":"PiercingWail","floor":37},{"not_picked":["Underhanded Strike+1","Noxious Fumes","Predator"],"picked":"Singing Bowl","floor":40},{"not_picked":["Sucker Punch","Endless Agony"],"picked":"Backflip","floor":45},{"not_picked":["Cloak And Dagger","Dagger Spray"],"picked":"Infinite Blades+1","floor":45}],"player_experience":774546,"relics_obtained":[{"floor":6,"key":"Snake Skull"},{"floor":8,"key":"Centennial Puzzle"},{"floor":9,"key":"Whetstone"},{"floor":10,"key":"Odd Mushroom"},{"floor":23,"key":"Torii"},{"floor":25,"key":"Lantern"},{"floor":26,"key":"Pen Nib"},{"floor":30,"key":"FossilizedHelix"},{"floor":31,"key":"Singing Bowl"},{"floor":36,"key":"Prayer Wheel"},{"floor":40,"key":"Boot"},{"floor":43,"key":"Ninja Scroll"}],"event_choices":[{"damage_healed":0,"gold_gain":0,"player_choice":"Donut","damage_taken":0,"max_hp_gain":5,"max_hp_loss":0,"event_name":"Big Fish","floor":2,"gold_loss":0},{"damage_healed":0,"gold_gain":0,"player_choice":"Fought Mushrooms","damage_taken":0,"max_hp_gain":0,"max_hp_loss":0,"event_name":"Mushrooms","floor":10,"gold_loss":0},{"damage_healed":0,"gold_gain":0,"player_choice":"Bet on Murderer","damage_taken":0,"max_hp_gain":0,"max_hp_loss":0,"event_name":"The Joust","floor":19,"gold_loss":50},{"damage_healed":0,"gold_gain":0,"player_choice":"Fight","damage_taken":0,"max_hp_gain":0,"max_hp_loss":0,"event_name":"Mysterious Sphere","floor":36,"gold_loss":0},{"cards_removed":["Backflip"],"damage_healed":0,"gold_gain":0,"player_choice":"Gave Card","damage_taken":0,"relics_obtained":["Juzu Bracelet"],"max_hp_gain":0,"max_hp_loss":0,"event_name":"WeMeetAgain","floor":38,"gold_loss":0},{"damage_healed":0,"gold_gain":0,"cards_transformed":["Strike_G"],"player_choice":"Transformed","damage_taken":0,"max_hp_gain":0,"max_hp_loss":0,"event_name":"Transmorgrifier","floor":39,"gold_loss":0,"cards_obtained":["Footwork"]},{"damage_healed":0,"gold_gain":0,"player_choice":"Upgraded","damage_taken":0,"max_hp_gain":0,"max_hp_loss":0,"event_name":"Upgrade Shrine","floor":47,"gold_loss":0,"cards_upgraded":["Footwork"]},{"damage_healed":0,"gold_gain":0,"player_choice":"Upgrade","damage_taken":0,"relics_obtained":["Mark of the Bloom"],"max_hp_gain":0,"max_hp_loss":0,"event_name":"MindBloom","floor":48,"gold_loss":0,"cards_upgraded":["Defend_G","Defend_G","Defend_G","Defend_G","Defend_G","Strike_G","Strike_G","Strike_G","Survivor","Sucker Punch","Well Laid Plans","Cloak And Dagger","Dagger Spray","PiercingWail","Cloak And Dagger","Leg Sweep","All Out Attack","PiercingWail","Crippling Poison","Die Die Die","Deflect","PiercingWail","Footwork","Backflip","Adrenaline"]}],"is_beta":false,"boss_relics":[{"not_picked":["Lizard Tail","Empty Cage"],"picked":"Sozu"},{"not_picked":["Calling Bell","Ring of the Serpent"],"picked":"Fusion Hammer"}],"items_purged_floors":[12],"is_endless":false,"potions_floor_spawned":[1,6,14,16,22,23,25,33,35,40,45],"ascension_level":15}