{"gold_per_floor":[362,374,299,299,299,299,316,350,350,368,400,400,400,418,418,492,492,507,507,520,530,480,480,498,516,516,535,535,562,562,416,416,416],"floor_reached":33,"playtime":1624,"items_purged":["Regret"],"score":485,"play_id":"fa15d780-1335-45c7-8fb1-f7c4a890a9cd","local_time":"20190408024147","is_ascension_mode":true,"campfire_choices":[{"data":"Bash","floor":6,"key":"SMITH"},{"data":"Perfected Strike","floor":13,"key":"SMITH"},{"floor":15,"key":"REST"},{"data":"Flame Barrier","floor":23,"key":"SMITH"},{"data":"Whirlwind","floor":28,"key":"SMITH"},{"data":"Shrug It Off","floor":32,"key":"SMITH"}],"neow_cost":"CURSE","seed_source_timestamp":45695513060048,"circlet_count":0,"master_deck":["AscendersBane","Strike_R","Strike_R","Strike_R","Strike_R","Strike_R","Defend_R","Defend_R","Defend_R","Defend_R","Bash+1","Flame Barrier+1","Perfected Strike+1","Shrug It Off+1","Shrug It Off+1","Shockwave+1","Reaper","Anger+1","Uppercut+1","Headbutt","Ghostly Armor+1","Whirlwind+1","Shrug It Off+1","Flame Barrier+1","J.A.X.+1","Spot Weakness+1","Entrench+1"],"relics":["Burning Blood","Letter Opener","Toxic Egg 2","Anchor","Cursed Key","Ancient Tea Set"],"potions_floor_usage":[33],"damage_taken":[{"damage":7,"enemies":"2 Louse","floor":1,"turns":4},{"damage":4,"enemies":"Small Slimes","floor":2,"turns":4},{"damage":0,"enemies":"Cultist","floor":7,"turns":2},{"damage":24,"enemies":"Gremlin Nob","floor":8,"turns":4},{"damage":13,"enemies":"Exordium Wildlife","floor":10,"turns":5},{"damage":33,"enemies":"Lagavulin","floor":11,"turns":8},{"damage":11,"enemies":"Lots of Slimes","floor":14,"turns":7},{"damage":35,"enemies":"The Guardian","floor":16,"turns":16},{"damage":10,"enemies":"Shell Parasite","floor":18,"turns":6},{"damage":2,"enemies":"Chosen","floor":20,"turns":4},{"damage":8,"enemies":"3 Cultists","floor":21,"turns":6},{"damage":13,"enemies":"Centurion and Healer","floor":24,"turns":6},{"damage":4,"enemies":"Snecko","floor":25,"turns":5},{"damage":10,"enemies":"Sentry and Sphere","floor":27,"turns":6},{"damage":26,"enemies":"Book of Stabbing","floor":29,"turns":6},{"damage":47,"enemies":"Collector","floor":33,"turns":9}],"seed_played":"8760678755466899725","potions_obtained":[{"floor":8,"key":"Fire Potion"},{"floor":12,"key":"PowerPotion"},{"floor":16,"key":"Strength Potion"}],"is_trial":false,"path_per_floor":["M","M","$","?","?","R","M","E","T","M","E","?","R","M","R","B",null,"M","?","M","M","?","R","M","M","T","M","R","E","?","$","R","B"],"character_chosen":"IRONCLAD","items_purchased":["Spot Weakness+1","Entrench+1"],"campfire_rested":1,"item_purchase_floors":[31,31],"current_hp_per_floor":[67,69,69,69,69,69,75,57,57,50,23,23,23,18,40,11,59,55,44,54,64,64,64,67,69,69,65,65,45,45,45,45,0],"gold":416,"neow_bonus":"TWO_FIFTY_GOLD","is_prod":false,"is_daily":false,"chose_seed":false,"campfire_upgraded":5,"win_rate":0,"timestamp":1554702107,"path_taken":["M","M","$","?","?","R","M","E","T","M","E","?","R","?","R","BOSS","M","?","M","?","?","R","M","?","T","?","R","E","?","$","R","BOSS"],"build_version":"2019-01-23","purchased_purges":1,"victory":false,"max_hp_per_floor":[75,75,75,75,75,75,75,75,75,75,75,75,75,75,75,75,75,75,75,75,75,75,75,75,75,75,75,75,75,75,75,75,75],"card_choices":[{"not_picked":["Perfected Strike","Armaments"],"picked":"Flame Barrier","floor":1},{"not_picked":["Body Slam","Second Wind"],"picked":"Perfected Strike","floor":2},{"not_picked":["Disarm","Pommel Strike"],"picked":"Shrug It Off","floor":7},{"not_picked":["Armaments","Brutality","Burning Pact"],"picked":"SKIP","floor":8},{"not_picked":["Evolve","Entrench+1","Warcry+1"],"picked":"SKIP","floor":10},{"not_picked":["Body Slam","Flex+1"],"picked":"Shrug It Off+1","floor":11},{"not_picked":["Armaments+1","Clothesline"],"picked":"Shockwave+1","floor":14},{"not_picked":["Bludgeon","Feed"],"picked":"Reaper","floor":16},{"not_picked":["Sever Soul","Searing Blow"],"picked":"Anger+1","floor":18},{"not_picked":["Armaments+1","Entrench+1"],"picked":"Uppercut","floor":20},{"not_picked":["Cleave","Anger"],"picked":"Headbutt","floor":21},{"not_picked":["Havoc+1","Iron Wave"],"picked":"Ghostly Armor+1","floor":24},{"not_picked":["Heavy Blade","Perfected Strike"],"picked":"Whirlwind","floor":25},{"not_picked":["Flex+1","Reaper"],"picked":"Shrug It Off+1","floor":27},{"not_picked":["Whirlwind","Dual Wield+1"],"picked":"Flame Barrier+1","floor":29}],"player_experience":554413,"relics_obtained":[{"floor":8,"key":"Letter Opener"},{"floor":9,"key":"Toxic Egg 2"},{"floor":11,"key":"Anchor"},{"floor":29,"key":"Ancient Tea Set"}],"event_choices":[{"damage_healed":0,"gold_gain":0,"player_choice":"Fled","damage_taken":0,"max_hp_gain":0,"max_hp_loss":0,"event_name":"Scrap Ooze","floor":4,"gold_loss":0},{"damage_healed":0,"gold_gain":0,"player_choice":"Ignored","damage_taken":0,"max_hp_gain":0,"max_hp_loss":0,"event_name":"Liars Game","floor":5,"gold_loss":0},{"damage_healed":0,"gold_gain":0,"player_choice":"Got Potions","damage_taken":0,"max_hp_gain":0,"max_hp_loss":0,"event_name":"Lab","floor":12,"gold_loss":0},{"damage_healed":0,"gold_gain":0,"player_choice":"Damaged","damage_taken":11,"max_hp_gain":0,"max_hp_loss":0,"event_name":"Wheel of Change","floor":19,"gold_loss":0},{"damage_healed":0,"gold_gain":0,"player_choice":"Upgrade","damage_taken":0,"max_hp_gain":0,"max_hp_loss":0,"event_name":"Designer","floor":22,"gold_loss":50,"cards_upgraded":["Uppercut"]},{"damage_healed":0,"gold_gain":0,"player_choice":"Obtain J.A.X.","damage_taken":0,"max_hp_gain":0,"max_hp_loss":0,"event_name":"Drug Dealer","floor":30,"gold_loss":0,"cards_obtained":["J.A.X."]}],"is_beta":false,"boss_relics":[{"not_picked":["Astrolabe","Runic Dome"],"picked":"Cursed Key"}],"items_purged_floors":[3],"is_endless":false,"potions_floor_spawned":[8,16,18,25,27],"killed_by":"Collector","ascension_level":15}