{"gold_per_floor":[217,38,55,72,72,104,104,124,124,50,50,62,97,117,117,214,214,233,245,145,156,186,186,186,203,203,203,217,217,234,252,252,252],"floor_reached":33,"playtime":1032,"items_purged":["Defend_R","Defend_R"],"score":261,"play_id":"5f3c97aa-61f0-4656-a727-66c9a70371e8","local_time":"20190415195119","is_ascension_mode":false,"campfire_choices":[{"data":"Bash","floor":7,"key":"SMITH"},{"data":"True Grit","floor":11,"key":"SMITH"},{"data":"Body Slam","floor":15,"key":"SMITH"},{"data":"Perfected Strike","floor":23,"key":"SMITH"},{"data":"Shrug It Off","floor":27,"key":"SMITH"},{"data":"Pommel Strike","floor":29,"key":"SMITH"},{"data":"Body Slam","floor":32,"key":"SMITH"}],"neow_cost":"NONE","seed_source_timestamp":351382421838700,"circlet_count":0,"master_deck":["Strike_R","Strike_R","Strike_R","Strike_R","Strike_R","Defend_R","Defend_R","Bash+1","Thunderclap","Shrug It Off+1","Pommel Strike","Cleave","Cleave","True Grit+1","Perfected Strike+1","Pommel Strike+1","Body Slam+1","Wild Strike","Armaments+1","True Grit+1","Wild Strike","Body Slam+1"],"relics":["Burning Blood","GremlinMask","Anchor","Self Forming Clay","Blue Candle","Sozu","Red Mask","Question Card"],"potions_floor_usage":[13,22,33],"damage_taken":[{"damage":6,"enemies":"2 Louse","floor":1,"turns":2},{"damage":0,"enemies":"Cultist","floor":3,"turns":2},{"damage":0,"enemies":"Small Slimes","floor":4,"turns":2},{"damage":28,"enemies":"Gremlin Nob","floor":6,"turns":4},{"damage":0,"enemies":"2 Fungi Beasts","floor":8,"turns":2},{"damage":3,"enemies":"Red Slaver","floor":12,"turns":3},{"damage":16,"enemies":"Lagavulin","floor":13,"turns":4},{"damage":0,"enemies":"3 Louse","floor":14,"turns":2},{"damage":61,"enemies":"The Guardian","floor":16,"turns":10},{"damage":12,"enemies":"Shell Parasite","floor":18,"turns":4},{"damage":2,"enemies":"Chosen","floor":19,"turns":4},{"damage":18,"enemies":"3 Cultists","floor":21,"turns":4},{"damage":10,"enemies":"Masked Bandits","floor":22,"turns":3},{"damage":2,"enemies":"Snecko","floor":25,"turns":3},{"damage":0,"enemies":"Snake Plant","floor":28,"turns":2},{"damage":15,"enemies":"Sentry and Sphere","floor":30,"turns":5},{"damage":0,"enemies":"Centurion and Healer","floor":31,"turns":5},{"damage":86,"enemies":"Champ","floor":33,"turns":10}],"seed_played":"-111154401452511611","potions_obtained":[{"floor":1,"key":"Ancient Potion"},{"floor":6,"key":"Block Potion"},{"floor":12,"key":"Energy Potion"},{"floor":14,"key":"Energy Potion"}],"is_trial":false,"path_per_floor":["M","$","M","M","?","E","R","M","T","$","R","M","E","M","R","B",null,"M","M","$","M","?","R","?","M","T","R","M","R","M","M","R","B"],"character_chosen":"IRONCLAD","items_purchased":["Shrug It Off","Pommel Strike","Perfected Strike","Pommel Strike"],"campfire_rested":0,"item_purchase_floors":[2,2,10,10],"current_hp_per_floor":[80,80,80,80,80,58,58,64,64,64,64,67,57,63,63,8,80,74,78,78,66,62,62,62,66,66,66,72,72,63,69,69,0],"gold":252,"neow_bonus":"HUNDRED_GOLD","is_prod":false,"is_daily":false,"chose_seed":false,"campfire_upgraded":7,"win_rate":0,"timestamp":1555350679,"path_taken":["M","$","M","M","?","E","R","M","T","$","R","?","E","M","R","BOSS","M","M","$","M","?","R","?","M","T","R","M","R","?","M","R","BOSS"],"build_version":"2019-01-23","purchased_purges":2,"victory":false,"max_hp_per_floor":[80,80,80,80,80,80,80,80,80,80,80,80,80,80,80,80,80,80,80,80,80,80,80,80,80,80,80,80,80,80,80,80,80],"card_choices":[{"not_picked":["Rage","Warcry"],"picked":"Thunderclap","floor":1},{"not_picked":["Wild Strike","Headbutt"],"picked":"Cleave","floor":3},{"not_picked":["Inflame","Disarm","Power Through"],"picked":"SKIP","floor":4},{"not_picked":["Bloodletting","Flex"],"picked":"Cleave","floor":6},{"not_picked":["Warcry","Rampage"],"picked":"True Grit","floor":8},{"not_picked":["Havoc","Double Tap"],"picked":"Body Slam","floor":12},{"not_picked":["Power Through","Sword Boomerang"],"picked":"Wild Strike","floor":13},{"not_picked":["True Grit","Carnage","Spot Weakness"],"picked":"SKIP","floor":14},{"not_picked":["Searing Blow","Thunderclap","Inflame+1"],"picked":"SKIP","floor":18},{"not_picked":["Flame Barrier+1","Headbutt"],"picked":"Armaments+1","floor":19},{"not_picked":["Bloodletting","Iron Wave"],"picked":"True Grit+1","floor":21},{"not_picked":["Flex","Heavy Blade","Intimidate"],"picked":"SKIP","floor":25},{"not_picked":["Metallicize+1","Bludgeon","Heavy Blade"],"picked":"Wild Strike","floor":28},{"not_picked":["Sword Boomerang","Perfected Strike","Iron Wave"],"picked":"Body Slam","floor":30},{"not_picked":["Twin Strike","Pommel Strike","Pummel+1","Searing Blow"],"picked":"SKIP","floor":31}],"player_experience":587691,"relics_obtained":[{"floor":6,"key":"Anchor"},{"floor":9,"key":"Self Forming Clay"},{"floor":13,"key":"Blue Candle"},{"floor":22,"key":"Red Mask"},{"floor":26,"key":"Question Card"}],"event_choices":[{"damage_healed":0,"gold_gain":0,"player_choice":"Trade","damage_taken":0,"relics_obtained":["GremlinMask"],"max_hp_gain":0,"max_hp_loss":0,"event_name":"FaceTrader","floor":5,"gold_loss":0},{"damage_healed":0,"gold_gain":0,"player_choice":"Fought Bandits","damage_taken":0,"max_hp_gain":0,"max_hp_loss":0,"event_name":"Masked Bandits","floor":22,"gold_loss":0},{"damage_healed":0,"gold_gain":0,"player_choice":"0 cards matched","damage_taken":0,"max_hp_gain":0,"max_hp_loss":0,"event_name":"Match and Keep!","floor":24,"gold_loss":0,"cards_obtained":[]}],"is_beta":false,"boss_relics":[{"not_picked":["Velvet Choker","Runic Pyramid"],"picked":"Sozu"}],"items_purged_floors":[2,20],"is_endless":false,"potions_floor_spawned":[1,6,12,14,19,25,28,31],"killed_by":"Champ","ascension_level":0}