{"gold_per_floor":[118,128,143,157,21,21,53,128,128,128,146,174,174,174,174,304,304,329,329,352,367],"floor_reached":21,"playtime":704,"items_purged":[],"score":201,"play_id":"eac01081-e5de-46d3-9eca-af04bbafb902","local_time":"20190325002550","is_ascension_mode":true,"campfire_choices":[{"data":"Zap","floor":6,"key":"SMITH"},{"floor":10,"key":"REST"},{"floor":15,"key":"REST"}],"neow_cost":"CURSE","seed_source_timestamp":528936489955800,"circlet_count":0,"master_deck":["Zap+1","Dualcast","Clumsy","Fission","Loop","Echo Form","Glacier","Capacitor","Reboot","Sweeping Beam","Doom and Gloom","Hyperbeam","Genetic Algorithm","Buffer","Lockon","Force Field","Turbo","Compile Driver+1","Glacier+1"],"relics":["Cracked Core","Vajra","Bag of Preparation","Kunai","Golden Idol","Pandora\u0027s Box"],"potions_floor_usage":[7,16],"damage_taken":[{"damage":1,"enemies":"2 Louse","floor":1,"turns":3},{"damage":11,"enemies":"Jaw Worm","floor":2,"turns":3},{"damage":6,"enemies":"Cultist","floor":3,"turns":3},{"damage":24,"enemies":"Lots of Slimes","floor":4,"turns":5},{"damage":16,"enemies":"Lagavulin","floor":7,"turns":6},{"damage":0,"enemies":"2 Fungi Beasts","floor":11,"turns":4},{"damage":16,"enemies":"3 Sentries","floor":12,"turns":9},{"damage":6,"enemies":"Hexaghost","floor":16,"turns":13},{"damage":16,"enemies":"Chosen","floor":18,"turns":4},{"damage":5,"enemies":"3 Byrds","floor":20,"turns":3},{"damage":36,"enemies":"Snake Plant","floor":21,"turns":6}],"seed_played":"5295917998804673033","potions_obtained":[{"floor":2,"key":"Ancient Potion"},{"floor":3,"key":"Poison Potion"},{"floor":7,"key":"Ancient Potion"},{"floor":12,"key":"Energy Potion"},{"floor":20,"key":"SpeedPotion"}],"is_trial":false,"path_per_floor":["M","M","M","M","$","R","E","?","T","R","M","E","?","?","R","B",null,"M","?","M","M"],"character_chosen":"DEFECT","items_purchased":["Echo Form"],"campfire_rested":2,"item_purchase_floors":[5],"current_hp_per_floor":[74,63,57,33,33,33,17,6,6,28,28,12,12,12,32,26,69,53,53,48,12],"gold":367,"neow_bonus":"THREE_RARE_CARDS","is_prod":false,"is_daily":false,"chose_seed":false,"campfire_upgraded":1,"win_rate":0,"timestamp":1553498750,"path_taken":["M","M","M","M","$","R","E","?","T","R","M","E","?","?","R","BOSS","M","?","M","M"],"build_version":"2019-01-23","purchased_purges":0,"victory":false,"max_hp_per_floor":[75,75,75,75,75,75,75,75,75,75,75,75,69,69,69,69,69,69,69,69,69],"card_choices":[{"not_picked":["Electrodynamics","Buffer"],"picked":"Fission","floor":0},{"not_picked":["Recycle","Skim","Tempest"],"picked":"SKIP","floor":1},{"not_picked":["Gash","Barrage","Self Repair"],"picked":"SKIP","floor":2},{"not_picked":["Genetic Algorithm","Coolheaded"],"picked":"Loop","floor":3},{"not_picked":["Hologram","Tempest","Leap"],"picked":"SKIP","floor":4},{"not_picked":["Hologram","Chill"],"picked":"Glacier","floor":7},{"not_picked":["Coolheaded","Go for the Eyes"],"picked":"Capacitor","floor":11},{"not_picked":["Ball Lightning","Cold Snap","Sweeping Beam"],"picked":"SKIP","floor":12},{"not_picked":["Hyperbeam","Core Surge"],"picked":"Reboot","floor":16},{"not_picked":["Loop","Reinforced Body"],"picked":"Compile Driver+1","floor":18},{"not_picked":["Hologram","Compile Driver","Conserve Battery"],"picked":"SKIP","floor":20},{"not_picked":["Rebound","Leap"],"picked":"Glacier+1","floor":21}],"player_experience":837303,"relics_obtained":[{"floor":7,"key":"Vajra"},{"floor":9,"key":"Bag of Preparation"},{"floor":12,"key":"Kunai"}],"event_choices":[{"damage_healed":0,"gold_gain":75,"player_choice":"Gather Gold","damage_taken":11,"max_hp_gain":0,"max_hp_loss":0,"event_name":"World of Goop","floor":8,"gold_loss":0},{"damage_healed":0,"gold_gain":0,"player_choice":"Lose Max HP","damage_taken":0,"relics_obtained":["Golden Idol"],"max_hp_gain":0,"max_hp_loss":6,"event_name":"Golden Idol","floor":13,"gold_loss":0},{"damage_healed":0,"gold_gain":0,"player_choice":"Ignored","damage_taken":0,"max_hp_gain":0,"max_hp_loss":0,"event_name":"Liars Game","floor":14,"gold_loss":0},{"damage_healed":0,"gold_gain":0,"player_choice":"Ignored","damage_taken":0,"max_hp_gain":0,"max_hp_loss":0,"event_name":"NoteForYourself","floor":19,"gold_loss":0}],"is_beta":false,"boss_relics":[{"not_picked":["Nuclear Battery","Astrolabe"],"picked":"Pandora\u0027s Box"}],"items_purged_floors":[],"is_endless":false,"potions_floor_spawned":[2,3,7,12,20,21],"killed_by":"Snake Plant","ascension_level":1}