{"path_per_floor":["M","M","M","M","M","E","$","E","T","R","M","E","?","?","R","B",null,"M","$","M","?","?"],"character_chosen":"THE_SILENT","items_purchased":["Poisoned Stab","Swift Strike","Backflip","Bronze Scales","Infinite Blades"],"gold_per_floor":[117,131,143,163,178,207,32,61,107,107,118,145,145,145,145,241,241,251,24,37,37,37],"floor_reached":23,"campfire_rested":2,"playtime":3230,"current_hp_per_floor":[68,68,68,64,58,33,33,26,26,47,47,40,40,33,54,21,70,70,70,50,50,34],"items_purged":[],"gold":37,"score":211,"play_id":"9beca41f-6ef1-4142-898c-d37986f1114e","is_prod":false,"is_daily":false,"is_ascension_mode":false,"campfire_upgraded":0,"path_taken":["M","M","M","M","M","E","$","E","T","R","M","E","?","?","R","BOSS","M","$","M","?","?","E"],"build_version":"2018-02-08-PROD1","purchased_purges":0,"victory":false,"master_deck":["Defend_G","Defend_G","Defend_G","Defend_G","Defend_G","Strike_G","Strike_G","Strike_G","Strike_G","Strike_G","Survivor","Neutralize","Die Die Die","Malaise","Deflect","Night Terror","Quick Slash","Quick Slash","Dagger Spray","Poisoned Stab","Swift Strike","Backflip","Adrenaline","Well Laid Plans","All Out Attack","Doppelganger","Dash+1","Infinite Blades","Noxious Fumes","Endless Agony"],"max_hp_per_floor":[70,70,70,70,70,70,70,70,70,70,70,70,70,70,70,70,70,70,70,70,70,70],"relics":["Ring of the Snake","Anchor","Bag of Preparation","Bag of Marbles","Happy Flower","Frozen Eye","Sozu","Bronze Scales","Nilry\u0027s Codex"],"card_choices":[{"not_picked":["Dodge and Roll","Expertise"],"picked":"Malaise"},{"not_picked":["Prepared","Skewer"],"picked":"Deflect"},{"not_picked":["Backflip","PiercingWail"],"picked":"Night Terror"},{"not_picked":["Crippling Poison","Calculated Gamble"],"picked":"Quick Slash"},{"not_picked":["Footwork","Flechettes"],"picked":"Quick Slash"},{"not_picked":["Dagger Throw","Backflip"],"picked":"Dagger Spray"},{"not_picked":["Choke","PiercingWail"],"picked":"Adrenaline"},{"not_picked":["Bane","Finisher"],"picked":"Well Laid Plans"},{"not_picked":["Caltrops","Outmaneuver"],"picked":"All Out Attack"},{"not_picked":["Bullet Time","Unload"],"picked":"Doppelganger"},{"not_picked":["Quick Slash","Bouncing Flask"],"picked":"Dash"},{"not_picked":["Blade Dance","All Out Attack"],"picked":"Noxious Fumes"}],"player_experience":9920,"potions_floor_usage":[6,8,16,16],"damage_taken":[{"damage":2,"enemies":"Jaw Worm","floor":1,"turns":3},{"damage":0,"enemies":"Blue Slaver","floor":2,"turns":5},{"damage":0,"enemies":"2 Louse","floor":3,"turns":2},{"damage":4,"enemies":"2 Fungi Beasts","floor":4,"turns":4},{"damage":6,"enemies":"Large Slime","floor":5,"turns":11},{"damage":25,"enemies":"Gremlin Nob","floor":6,"turns":6},{"damage":7,"enemies":"3 Sentries","floor":8,"turns":4},{"damage":0,"enemies":"Looter","floor":11,"turns":1},{"damage":7,"enemies":"Lagavulin","floor":12,"turns":8},{"damage":33,"enemies":"Slime Boss","floor":16,"turns":12},{"damage":0,"enemies":"Chosen","floor":18,"turns":4},{"damage":20,"enemies":"2 Thieves","floor":20,"turns":3},{"damage":35,"enemies":"Book of Stabbing","floor":23,"turns":4}],"event_choices":[{"event_name":"Accursed Blacksmith","player_choice":"Rummage","floor":13,"damage_taken":0},{"event_name":"Golden Wing","player_choice":"Card Removal","floor":14,"damage_taken":0},{"event_name":"The Library","player_choice":"Read","floor":21,"damage_taken":0},{"event_name":"Cursed Tome","player_choice":"Obtained Book","floor":22,"damage_taken":0}],"boss_relics":[{"not_picked":["Snecko Eye","Tiny House"],"picked":"Sozu"}],"potions_floor_spawned":[2,4,5,8,16,18],"seed_played":"3659374541172085594","killed_by":"Book of Stabbing","ascension_level":0,"is_trial":false}