{"gold_per_floor":[113,127,53,67,86,86,120,140,140,153,153,187,205,239,239,316,316,334,334,353,323,334,334,368,368,368,45,77,77,110,24,24,24],"floor_reached":33,"playtime":2033,"items_purged":[],"score":650,"play_id":"464f1276-4dc8-4fca-88ce-7d150e91a401","local_time":"20190308155642","is_ascension_mode":true,"campfire_choices":[{"data":"Poisoned Stab","floor":6.0,"key":"SMITH"},{"data":"Bouncing Flask","floor":11.0,"key":"SMITH"},{"data":"Crippling Poison","floor":15.0,"key":"SMITH"},{"data":"Malaise","floor":23.0,"key":"SMITH"},{"data":"Burst","floor":25.0,"key":"SMITH"},{"data":"Footwork","floor":32,"key":"SMITH"}],"neow_cost":"NONE","seed_source_timestamp":0,"circlet_count":0,"master_deck":["AscendersBane","Defend_G","Defend_G","Defend_G","Defend_G","Defend_G","Strike_G","Strike_G","Strike_G","Strike_G","Strike_G","Survivor","Neutralize","Well Laid Plans","Quick Slash","Bouncing Flask+1","Crippling Poison+1","Poisoned Stab+1","Burst+1","Poisoned Stab","Backflip","Malaise+1","PiercingWail+1","Footwork+1","Calculated Gamble","Footwork+1"],"special_seed":0,"relics":["Ring of the Snake","NeowsBlessing","Oddly Smooth Stone","Dodecahedron","Meat on the Bone","Art of War","Black Star","Bird Faced Urn","Strawberry","Shuriken","Pen Nib","PreservedInsect","Centennial Puzzle","Ninja Scroll","Mummified Hand"],"potions_floor_usage":[33],"damage_taken":[{"damage":0.0,"enemies":"Cultist","floor":1.0,"turns":1.0},{"damage":0.0,"enemies":"Jaw Worm","floor":2.0,"turns":1.0},{"damage":0.0,"enemies":"Small Slimes","floor":4.0,"turns":1.0},{"damage":0.0,"enemies":"Exordium Wildlife","floor":5.0,"turns":3.0},{"damage":23.0,"enemies":"3 Sentries","floor":7.0,"turns":11.0},{"damage":6.0,"enemies":"Looter","floor":8.0,"turns":4.0},{"damage":0.0,"enemies":"2 Fungi Beasts","floor":10.0,"turns":4.0},{"damage":16.0,"enemies":"Lagavulin","floor":12.0,"turns":4.0},{"damage":0.0,"enemies":"Blue Slaver","floor":13.0,"turns":3.0},{"damage":12.0,"enemies":"3 Sentries","floor":14.0,"turns":8.0},{"damage":9.0,"enemies":"Hexaghost","floor":16.0,"turns":8.0},{"damage":20.0,"enemies":"2 Thieves","floor":18.0,"turns":3.0},{"damage":6.0,"enemies":"3 Byrds","floor":20.0,"turns":6.0},{"damage":9.0,"enemies":"Snake Plant","floor":22.0,"turns":6.0},{"damage":19.0,"enemies":"Book of Stabbing","floor":24.0,"turns":7.0},{"damage":27.0,"enemies":"Slavers","floor":28.0,"turns":6.0},{"damage":16,"enemies":"Book of Stabbing","floor":30,"turns":5},{"damage":38,"enemies":"Collector","floor":33,"turns":8}],"seed_played":"-763705556362148699","potions_obtained":[{"floor":1.0,"key":"Ancient Potion"},{"floor":2.0,"key":"FearPotion"},{"floor":4.0,"key":"Fruit Juice"},{"floor":8.0,"key":"SkillPotion"},{"floor":12.0,"key":"Energy Potion"},{"floor":20.0,"key":"Explosive Potion"},{"floor":21.0,"key":"GhostInAJar"},{"floor":30,"key":"Explosive Potion"}],"is_trial":false,"path_per_floor":["M","M","$","M","M","R","E","M","T","M","R","E","M","E","R","B",null,"M","?","M","?","M","R","E","R","T","$","E","?","E","$","R","B"],"character_chosen":"THE_SILENT","items_purchased":["Bouncing Flask","Pen Nib","PreservedInsect","Footwork"],"campfire_rested":0,"item_purchase_floors":[3,27,27,31],"current_hp_per_floor":[59,59,59,64,64,64,41,35,35,35,35,19,31,31,31,34,62,42,42,36,36,39,39,39,39,39,39,28,28,28,28,28,0],"gold":24,"neow_bonus":"THREE_ENEMY_KILL","is_prod":false,"is_daily":false,"chose_seed":false,"campfire_upgraded":6,"win_rate":0,"timestamp":1552057002,"path_taken":["M","M","$","?","M","R","E","M","T","M","R","E","M","E","R","BOSS","M","?","M","?","?","R","E","R","T","$","E","?","E","?","R","BOSS"],"build_version":"2019-01-23","purchased_purges":0,"victory":false,"max_hp_per_floor":[66,66,66,71,71,71,71,71,71,71,71,71,71,71,71,71,71,71,71,71,71,71,71,78,78,78,78,78,78,78,78,78,78],"card_choices":[{"not_picked":["Endless Agony","Quick Slash"],"picked":"Well Laid Plans","floor":1.0},{"not_picked":["Distraction","Prepared"],"picked":"Quick Slash","floor":2.0},{"not_picked":["Flechettes","Outmaneuver"],"picked":"Crippling Poison","floor":4.0},{"not_picked":["Dagger Throw","Outmaneuver"],"picked":"Poisoned Stab","floor":5.0},{"not_picked":["Infinite Blades","Blade Dance","Reflex"],"picked":"SKIP","floor":7.0},{"not_picked":["Outmaneuver","Calculated Gamble"],"picked":"Burst","floor":8.0},{"not_picked":["Acrobatics","Bane","Underhanded Strike"],"picked":"SKIP","floor":10.0},{"not_picked":["Masterful Stab","Prepared"],"picked":"Poisoned Stab","floor":12.0},{"not_picked":["Prepared","Bane","Reflex"],"picked":"SKIP","floor":13.0},{"not_picked":["Tactician","Tools of the Trade"],"picked":"Backflip","floor":14.0},{"not_picked":["Unload","Die Die Die"],"picked":"Malaise","floor":16.0},{"not_picked":["Acrobatics","Expertise"],"picked":"PiercingWail+1","floor":18.0},{"not_picked":["Concentrate","Deflect"],"picked":"Footwork+1","floor":20.0},{"not_picked":["Underhanded Strike","Dagger Throw","Slice"],"picked":"SKIP","floor":22.0},{"not_picked":["Poisoned Stab","Masterful Stab","Flechettes"],"picked":"SKIP","floor":24.0},{"not_picked":["Cloak And Dagger","Acrobatics","Bane"],"picked":"SKIP","floor":28.0},{"not_picked":["Quick Slash","Storm of Steel"],"picked":"Calculated Gamble","floor":30}],"player_experience":1365083,"relics_obtained":[{"floor":7.0,"key":"Oddly Smooth Stone"},{"floor":9.0,"key":"Dodecahedron"},{"floor":12.0,"key":"Meat on the Bone"},{"floor":14.0,"key":"Art of War"},{"floor":24.0,"key":"Bird Faced Urn"},{"floor":24.0,"key":"Strawberry"},{"floor":26.0,"key":"Shuriken"},{"floor":28.0,"key":"Centennial Puzzle"},{"floor":28.0,"key":"Ninja Scroll"},{"floor":30,"key":"Mummified Hand"}],"event_choices":[{"damage_healed":0.0,"max_hp_gain":0.0,"max_hp_loss":0.0,"gold_gain":0.0,"event_name":"Vampires","player_choice":"Ignored","floor":19.0,"gold_loss":0.0,"damage_taken":0.0},{"damage_healed":0.0,"max_hp_gain":0.0,"max_hp_loss":0.0,"gold_gain":0.0,"event_name":"The Woman in Blue","player_choice":"Bought 2 Potions","floor":21.0,"gold_loss":0.0,"damage_taken":0.0}],"is_beta":false,"boss_relics":[{"not_picked":["Tiny House","Fusion Hammer"],"picked":"Black Star"}],"items_purged_floors":[],"is_endless":false,"potions_floor_spawned":[1,2,4,8,12,20,30],"killed_by":"Collector","ascension_level":20}