{"gold_per_floor":[111,121,121,134,20,20,51,51,51,70,88,88,108,58,58,163,163,175,100,100,0,15,15,15,15,63,63,75,137,137],"floor_reached":30,"playtime":2121,"items_purged":["Strike_B","Defend_B"],"score":298,"play_id":"1173b2a0-9c72-4d73-b974-41545de67f04","local_time":"20180628174412","is_ascension_mode":true,"campfire_choices":[{"data":"Zap","floor":6.0,"key":"SMITH"},{"data":"Defragment","floor":12.0,"key":"SMITH"},{"data":"Dualcast","floor":15.0,"key":"SMITH"},{"data":"Echo Form","floor":23.0,"key":"SMITH"},{"floor":25.0,"key":"REST"},{"data":"Storm","floor":27.0,"key":"SMITH"}],"neow_cost":"","seed_source_timestamp":461134181133948,"circlet_count":0,"master_deck":["Strike_B","Defend_B","Zap+1","Dualcast+1","Meteor Strike","Gash","Glacier","Defragment+1","Storm+1","Gash","BootSequence","Echo Form+1","Consume+1"],"special_seed":0,"relics":["Cracked Core","Torii","Pear","Inserter","Enchiridion","Omamori","Tiny Chest"],"potions_floor_usage":[29,29],"damage_taken":[{"damage":0.0,"enemies":"Small Slimes","floor":1.0,"turns":3.0},{"damage":1.0,"enemies":"Cultist","floor":2.0,"turns":3.0},{"damage":1.0,"enemies":"2 Louse","floor":4.0,"turns":2.0},{"damage":4.0,"enemies":"Lagavulin","floor":7.0,"turns":8.0},{"damage":2.0,"enemies":"Exordium Wildlife","floor":10.0,"turns":4.0},{"damage":9.0,"enemies":"Large Slime","floor":11.0,"turns":6.0},{"damage":9.0,"enemies":"3 Louse","floor":13.0,"turns":4.0},{"damage":41.0,"enemies":"Slime Boss","floor":16.0,"turns":10.0},{"damage":23.0,"enemies":"2 Thieves","floor":18.0,"turns":4.0},{"damage":0.0,"enemies":"Spheric Guardian","floor":22.0,"turns":3.0},{"damage":25.0,"enemies":"Snake Plant","floor":28.0,"turns":3.0},{"damage":43,"enemies":"Gremlin Leader","floor":29,"turns":6},{"damage":7,"enemies":"Snecko","floor":30,"turns":2}],"seed_played":"-9002316859260914145","potions_obtained":[{"floor":10.0,"key":"SteroidPotion"},{"floor":13.0,"key":"FearPotion"},{"floor":18.0,"key":"Weak Potion"},{"floor":28.0,"key":"Ancient Potion"}],"is_trial":false,"path_per_floor":["M","M","?","M","$","R","E","?","T","M","M","R","M","?","R","B",null,"M","?","?","$","M","R","$","R","T","R","M","E"],"character_chosen":"DEFECT","items_purchased":["Defragment"],"campfire_rested":1,"item_purchase_floors":[],"current_hp_per_floor":[75,74,74,73,73,73,69,69,79,77,68,68,59,59,59,18,85,62,62,46,46,46,46,46,71,71,71,46,3,0],"gold":137,"neow_bonus":"","is_prod":false,"is_daily":false,"chose_seed":false,"campfire_upgraded":5,"win_rate":0,"timestamp":1530233052,"path_taken":["M","M","?","M","$","R","E","?","T","M","M","R","M","?","R","BOSS","M","?","?","$","M","R","?","R","T","R","M","E","M"],"build_version":"2018-06-21v2","purchased_purges":2,"victory":false,"max_hp_per_floor":[75,75,75,75,75,75,75,75,85,85,85,85,85,85,85,85,85,85,85,85,85,85,85,85,85,85,85,85,85,85],"card_choices":[{"not_picked":["Beam Cell","FTL"],"picked":"Gash","floor":1.0},{"not_picked":["Hologram","Go for the Eyes","Compile Driver"],"picked":"SKIP","floor":2.0},{"not_picked":["Cold Snap","White Noise"],"picked":"Glacier","floor":4.0},{"not_picked":["Rebound","Lockon"],"picked":"Storm","floor":7.0},{"not_picked":["Reprogram","Coolheaded","Tempest"],"picked":"SKIP","floor":10.0},{"not_picked":["Glacier","Sweeping Beam"],"picked":"Gash","floor":11.0},{"not_picked":["Streamline","Steam"],"picked":"BootSequence","floor":13.0},{"not_picked":["Core Surge","Reboot"],"picked":"Echo Form","floor":16.0},{"not_picked":["Cold Snap","Turbo+1"],"picked":"Consume+1","floor":18.0},{"not_picked":["Barrage+1","Streamline+1","Stack"],"picked":"SKIP","floor":22.0},{"not_picked":["Redo","Go for the Eyes","Beam Cell"],"picked":"SKIP","floor":28.0},{"not_picked":["Meteor Strike","Redo","Coolheaded+1"],"picked":"SKIP","floor":29}],"player_experience":561753,"relics_obtained":[{"floor":7.0,"key":"Torii"},{"floor":9.0,"key":"Pear"},{"floor":20.0,"key":"Enchiridion"},{"floor":26.0,"key":"Omamori"},{"floor":29,"key":"Tiny Chest"}],"event_choices":[{"event_name":"Purifier","player_choice":"One Purge","floor":3.0,"damage_taken":0.0},{"event_name":"Living Wall","player_choice":"Forget","floor":8.0,"damage_taken":0.0},{"event_name":"The Cleric","player_choice":"Card Removal","floor":14.0,"damage_taken":0.0},{"event_name":"Beggar","player_choice":"Gave Gold","floor":19.0,"damage_taken":0.0},{"event_name":"Cursed Tome","player_choice":"Obtained Book","floor":20.0,"damage_taken":0.0}],"boss_relics":[{"not_picked":["Busted Crown","White Beast Statue"],"picked":"Inserter"}],"items_purged_floors":[],"is_endless":false,"potions_floor_spawned":[10,13,18,28],"killed_by":"Snecko","ascension_level":4}