{"gold_per_floor":[113,129,14,26,26,26,54,54,54,54,72,87,87,114,114,190,190,206,56,67,67,67,67,67],"floor_reached":24,"playtime":928,"items_purged":["Clumsy","Strike_B"],"score":408,"play_id":"0a6d96b2-8d97-45f6-9822-d7b3d2afbd80","local_time":"20190207140923","is_ascension_mode":true,"campfire_choices":[{"data":"Static Discharge","floor":6.0,"key":"SMITH"},{"data":"Zap","floor":8.0,"key":"SMITH"},{"data":"Consume","floor":13.0,"key":"SMITH"},{"data":"Darkness","floor":15.0,"key":"SMITH"},{"floor":23,"key":"REST"}],"neow_cost":"CURSE","seed_source_timestamp":0,"circlet_count":0,"master_deck":["AscendersBane","Strike_B","Defend_B","Defend_B","Defend_B","Defend_B","Zap+1","Dualcast","Coolheaded","Leap","Static Discharge+1","Ball Lightning","Consume+1","Auto Shields","Darkness+1","Seek","Blizzard+1","Glacier","Ball Lightning","Double Energy","Rebound"],"special_seed":0,"relics":["Cracked Core","Incense Burner","The Courier","Anchor","Mercury Hourglass","Eternal Feather"],"potions_floor_usage":[21],"damage_taken":[{"damage":0.0,"enemies":"2 Louse","floor":1.0,"turns":3.0},{"damage":2.0,"enemies":"Small Slimes","floor":2.0,"turns":5.0},{"damage":6.0,"enemies":"Jaw Worm","floor":4.0,"turns":4.0},{"damage":28.0,"enemies":"Lagavulin","floor":7.0,"turns":8.0},{"damage":5.0,"enemies":"Exordium Wildlife","floor":11.0,"turns":4.0},{"damage":10.0,"enemies":"Lots of Slimes","floor":12.0,"turns":4.0},{"damage":8.0,"enemies":"3 Sentries","floor":14.0,"turns":6.0},{"damage":12.0,"enemies":"Hexaghost","floor":16.0,"turns":9.0},{"damage":26.0,"enemies":"Shell Parasite","floor":18.0,"turns":4.0},{"damage":13.0,"enemies":"2 Thieves","floor":20.0,"turns":5.0},{"damage":7,"enemies":"Colosseum Slavers","floor":21,"turns":2},{"damage":62,"enemies":"Gremlin Leader","floor":24,"turns":7}],"seed_played":"8657061984929153051","potions_obtained":[{"floor":12.0,"key":"EssenceOfSteel"},{"floor":16.0,"key":"PowerPotion"}],"is_trial":false,"path_per_floor":["M","M","$","M","?","R","E","R","T","?","M","M","R","E","R","B",null,"M","$","M","?","?","R","E"],"character_chosen":"DEFECT","items_purchased":["Static Discharge","Glacier"],"campfire_rested":1,"item_purchase_floors":[3,19],"current_hp_per_floor":[64,62,62,56,56,56,28,28,28,51,46,36,36,28,28,16,57,31,31,18,11,11,44,0],"gold":67,"neow_bonus":"ONE_RARE_RELIC","is_prod":false,"is_daily":false,"chose_seed":false,"campfire_upgraded":4,"win_rate":0,"timestamp":1549544963,"path_taken":["M","M","$","M","?","R","E","R","T","?","M","M","R","E","R","BOSS","M","$","M","?","?","R","E"],"build_version":"2019-01-23","purchased_purges":2,"victory":false,"max_hp_per_floor":[71,71,71,71,71,71,71,71,71,71,71,71,71,71,71,71,71,71,71,71,71,71,71,71],"card_choices":[{"not_picked":["Beam Cell","Streamline"],"picked":"Coolheaded","floor":1.0},{"not_picked":["Redo","Turbo"],"picked":"Leap","floor":2.0},{"not_picked":["Conserve Battery","Reinforced Body","Leap"],"picked":"SKIP","floor":4.0},{"not_picked":["Redo","Rip and Tear"],"picked":"Ball Lightning","floor":7.0},{"not_picked":["Cold Snap","Reprogram"],"picked":"Consume","floor":11.0},{"not_picked":["Stack","Rip and Tear"],"picked":"Auto Shields","floor":12.0},{"not_picked":["Buffer","Redo"],"picked":"Darkness","floor":14.0},{"not_picked":["Meteor Strike","Rainbow"],"picked":"Seek","floor":16.0},{"not_picked":["Doom and Gloom","Streamline"],"picked":"Blizzard+1","floor":18.0},{"not_picked":["Conserve Battery","Storm"],"picked":"Ball Lightning","floor":20.0}],"player_experience":1303571,"relics_obtained":[{"floor":7.0,"key":"The Courier"},{"floor":9.0,"key":"Anchor"},{"floor":14.0,"key":"Mercury Hourglass"}],"event_choices":[{"damage_healed":0.0,"max_hp_gain":0.0,"max_hp_loss":0.0,"gold_gain":0.0,"event_name":"Liars Game","player_choice":"Ignored","floor":5.0,"gold_loss":0.0,"damage_taken":0.0},{"damage_healed":23.0,"max_hp_gain":0.0,"max_hp_loss":0.0,"gold_gain":0.0,"event_name":"Big Fish","player_choice":"Banana","floor":10.0,"gold_loss":0.0,"damage_taken":0.0},{"damage_healed":0,"gold_gain":0,"player_choice":"Fight","damage_taken":0,"max_hp_gain":0,"max_hp_loss":0,"event_name":"Colosseum","floor":21,"gold_loss":0},{"damage_healed":0,"gold_gain":0,"player_choice":"Fled From Nobs","damage_taken":0,"max_hp_gain":0,"max_hp_loss":0,"event_name":"Colosseum","floor":21,"gold_loss":0},{"damage_healed":0,"gold_gain":0,"cards_transformed":["Strike_B","Strike_B"],"player_choice":"Became Test Subject","damage_taken":0,"max_hp_gain":0,"max_hp_loss":0,"event_name":"Drug Dealer","floor":22,"gold_loss":0,"cards_obtained":["Double Energy","Rebound"]}],"is_beta":false,"boss_relics":[{"not_picked":["White Beast Statue","Runic Pyramid"],"picked":"Eternal Feather"}],"items_purged_floors":[3,19],"is_endless":false,"potions_floor_spawned":[12,16,18],"killed_by":"Gremlin Leader","ascension_level":20}