{"gold_per_floor":[116,116,116,126,21,49,63,79,104,118,118,134,134],"floor_reached":13,"playtime":426,"items_purged":[],"score":165,"play_id":"c17ca39d-6868-4995-85a6-05a412c4e40e","local_time":"20181211134627","is_ascension_mode":true,"campfire_choices":[],"neow_cost":"NONE","seed_source_timestamp":95947797999500,"circlet_count":0,"master_deck":["AscendersBane","Strike_B","Strike_B","Strike_B","Defend_B","Defend_B","Defend_B","Defend_B","Zap","Dualcast","Beam Cell","Coolheaded","Reinforced Body","Swift Strike","Rip and Tear","Tempest","Melter","Capacitor"],"relics":["Cracked Core","Ancient Tea Set","Boot"],"potions_floor_usage":[12,12,13],"damage_taken":[{"damage":12,"enemies":"Small Slimes","floor":1,"turns":3},{"damage":2,"enemies":"Cultist","floor":4,"turns":4},{"damage":26,"enemies":"Lagavulin","floor":6,"turns":8},{"damage":7,"enemies":"Jaw Worm","floor":7,"turns":2},{"damage":0,"enemies":"2 Fungi Beasts","floor":8,"turns":4},{"damage":1,"enemies":"Exordium Wildlife","floor":10,"turns":4},{"damage":2,"enemies":"Red Slaver","floor":12,"turns":3},{"damage":16,"enemies":"3 Sentries","floor":13,"turns":4}],"seed_played":"7169202535476456343","potions_obtained":[{"floor":6,"key":"Energy Potion"},{"floor":7,"key":"Swift Potion"},{"floor":12,"key":"SpeedPotion"}],"is_trial":false,"path_per_floor":["M","$","?","M","$","E","M","M","T","M","?","M","E"],"character_chosen":"DEFECT","items_purchased":["Swift Strike"],"campfire_rested":0,"item_purchase_floors":[5],"current_hp_per_floor":[52,52,52,50,50,24,17,17,17,16,16,14,0],"gold":134,"neow_bonus":"THREE_CARDS","is_prod":false,"is_daily":false,"chose_seed":false,"campfire_upgraded":0,"win_rate":0,"timestamp":1544532387,"path_taken":["M","$","?","M","$","E","M","M","T","?","?","M","E"],"build_version":"2018-12-06","purchased_purges":0,"victory":false,"max_hp_per_floor":[71,71,71,71,71,71,71,71,71,71,71,71,71],"card_choices":[{"not_picked":["Heatsinks","Redo"],"picked":"Beam Cell","floor":0},{"not_picked":["Gash","Chaos"],"picked":"Coolheaded","floor":1},{"not_picked":["Consume","Rebound"],"picked":"Reinforced Body","floor":4},{"not_picked":["White Noise","Genetic Algorithm"],"picked":"Rip and Tear","floor":6},{"not_picked":["Aggregate","Beam Cell"],"picked":"Tempest","floor":7},{"not_picked":["Force Field","Redo"],"picked":"Melter","floor":8},{"not_picked":["Leap","Conserve Battery"],"picked":"Capacitor","floor":10},{"not_picked":["Heatsinks","Genetic Algorithm","Reboot"],"picked":"SKIP","floor":12}],"player_experience":941349,"relics_obtained":[{"floor":6,"key":"Ancient Tea Set"},{"floor":9,"key":"Boot"}],"event_choices":[{"cards_removed":["Strike_B"],"damage_healed":0,"gold_gain":0,"player_choice":"Offered Basic","damage_taken":0,"max_hp_gain":0,"max_hp_loss":0,"event_name":"Bonfire Elementals","floor":3,"gold_loss":0},{"damage_healed":0,"gold_gain":0,"player_choice":"Ignored","damage_taken":0,"max_hp_gain":0,"max_hp_loss":0,"event_name":"Liars Game","floor":11,"gold_loss":0}],"is_beta":false,"boss_relics":[],"items_purged_floors":[],"is_endless":false,"potions_floor_spawned":[6,7,12],"killed_by":"3 Sentries","ascension_level":18}