{"gold_per_floor":[119,133,24,42,55,55,88,88,88,116,116,131,162,176,176,280,280,293,308,308,24,42,67,79,79,79,106,118,118,118,18,18,115,115,134,134,134,18,1017,1017,1017,59,83,98,115,148,148,159,159,159],"floor_reached":50,"playtime":3256,"items_purged":["Strike_G","Parasite","Writhe","Normality"],"score":607,"play_id":"f2ffd7b5-99b9-4ea2-abc2-73a1fb6b7503","local_time":"20190328175055","is_ascension_mode":true,"campfire_choices":[{"data":"Underhanded Strike","floor":6,"key":"SMITH"},{"data":"Footwork","floor":8,"key":"SMITH"},{"data":"Eviscerate","floor":15,"key":"SMITH"},{"data":"Chrysalis","floor":25,"key":"SMITH"},{"floor":30,"key":"REST"},{"floor":32,"key":"REST"},{"data":"A Thousand Cuts","floor":40,"key":"SMITH"},{"floor":47,"key":"REST"},{"floor":49,"key":"REST"}],"neow_cost":"NONE","seed_source_timestamp":3007309098523,"circlet_count":0,"master_deck":["Survivor","Neutralize","Flying Knee","Underhanded Strike+1","Footwork+1","Flying Knee","Choke","Flying Knee","Eviscerate+1","Riddle With Holes","Envenom","Eviscerate","Bane","A Thousand Cuts+1","Phantasmal Killer","Expertise","Tactician","Masterful Stab","PiercingWail","Bouncing Flask","Chrysalis+1","Crippling Poison","Night Terror","Predator+1","All Out Attack+1","Crippling Poison","After Image+1","Choke+1","Dash","Noxious Fumes+1","Normality","Footwork+1","Catalyst","Deadly Poison","Deadly Poison","Leg Sweep+1","PiercingWail+1","Well Laid Plans+1","Deadly Poison+1"],"relics":["Snecko Eye","Turnip","StoneCalendar","Orichalcum","Pandora\u0027s Box","The Courier","Frozen Egg 2","Blood Vial","Singing Bowl","Eternal Feather","Question Card","Sling","Pen Nib","Art of War","Lantern","Bottled Lightning"],"potions_floor_usage":[13,19,28,50,50],"damage_taken":[{"damage":14,"enemies":"Cultist","floor":1,"turns":8},{"damage":3,"enemies":"Jaw Worm","floor":2,"turns":3},{"damage":0,"enemies":"Small Slimes","floor":4,"turns":3},{"damage":6,"enemies":"Exordium Wildlife","floor":5,"turns":6},{"damage":21,"enemies":"Lagavulin","floor":7,"turns":9},{"damage":11,"enemies":"Gremlin Nob","floor":10,"turns":4},{"damage":4,"enemies":"Looter","floor":12,"turns":3},{"damage":8,"enemies":"Lagavulin","floor":13,"turns":3},{"damage":0,"enemies":"3 Louse","floor":14,"turns":3},{"damage":1,"enemies":"The Guardian","floor":16,"turns":8},{"damage":0,"enemies":"Spheric Guardian","floor":18,"turns":2},{"damage":11,"enemies":"2 Thieves","floor":19,"turns":2},{"damage":0,"enemies":"Cultist and Chosen","floor":22,"turns":3},{"damage":13,"enemies":"Book of Stabbing","floor":23,"turns":4},{"damage":9,"enemies":"Snecko","floor":24,"turns":3},{"damage":21,"enemies":"Slavers","floor":27,"turns":4},{"damage":10,"enemies":"Snake Plant","floor":28,"turns":3},{"damage":45,"enemies":"Collector","floor":33,"turns":8},{"damage":27,"enemies":"3 Darklings","floor":35,"turns":4},{"damage":8,"enemies":"Orb Walker","floor":44,"turns":3},{"damage":0,"enemies":"4 Shapes","floor":45,"turns":4},{"damage":28,"enemies":"Nemesis","floor":46,"turns":7},{"damage":37,"enemies":"Transient","floor":48,"turns":5},{"damage":71,"enemies":"Awakened One","floor":50,"turns":8}],"seed_played":"-3726131826255171176","potions_obtained":[{"floor":5,"key":"LiquidBronze"},{"floor":10,"key":"Weak Potion"},{"floor":12,"key":"Explosive Potion"},{"floor":13,"key":"PowerPotion"},{"floor":16,"key":"Dexterity Potion"},{"floor":19,"key":"Strength Potion"},{"floor":20,"key":"Weak Potion"},{"floor":28,"key":"FairyPotion"},{"floor":35,"key":"Strength Potion"}],"is_trial":false,"path_per_floor":["M","M","$","M","M","R","E","R","T","E","?","M","E","M","R","B",null,"M","M","?","$","M","E","M","R","T","E","M","?","R","$","R","B",null,"M","?","?","$","?","R","?","$","T","M","M","E","R","M","R","B"],"character_chosen":"THE_SILENT","items_purchased":["Footwork","Chrysalis","Dash","Noxious Fumes+1","Footwork+1","Question Card","Sling","GhostInAJar","Catalyst","Deadly Poison","Deadly Poison","Pen Nib","Art of War"],"campfire_rested":4,"item_purchase_floors":[3,21,38,38,42,42,42,42,42,42,42,42,42],"current_hp_per_floor":[56,53,53,53,47,47,26,26,26,15,32,28,20,20,20,19,70,70,59,59,59,59,46,37,37,37,16,8,8,28,28,48,5,67,40,40,40,40,40,58,58,58,58,52,54,28,67,30,67,0],"gold":159,"neow_bonus":"BOSS_RELIC","is_prod":false,"is_daily":false,"chose_seed":false,"campfire_upgraded":5,"win_rate":0,"timestamp":1553806255,"path_taken":["M","M","?","M","?","R","E","R","T","E","?","M","E","M","R","BOSS","M","M","?","$","?","E","M","R","T","E","M","?","R","$","R","BOSS","M","?","?","$","?","R","?","$","T","M","M","E","R","M","R","BOSS"],"build_version":"2019-01-23","purchased_purges":4,"victory":false,"max_hp_per_floor":[70,70,70,70,70,70,70,70,70,70,70,70,70,70,70,70,70,70,70,70,67,67,67,67,67,67,67,67,67,67,67,67,67,67,67,67,67,67,67,67,67,67,67,67,67,67,67,67,67,67],"card_choices":[{"not_picked":["Concentrate","Reflex"],"picked":"Flying Knee","floor":1},{"not_picked":["Dagger Throw","Dodge and Roll"],"picked":"Underhanded Strike","floor":2},{"not_picked":["Reflex","Quick Slash"],"picked":"Flying Knee","floor":4},{"not_picked":["Expertise","Concentrate","Dagger Spray"],"picked":"SKIP","floor":5},{"not_picked":["Infinite Blades","Outmaneuver"],"picked":"Choke","floor":7},{"not_picked":["Dagger Spray","Acrobatics"],"picked":"Flying Knee","floor":10},{"not_picked":["Distraction","Blade Dance"],"picked":"Eviscerate","floor":12},{"not_picked":["Flechettes","Concentrate"],"picked":"Riddle With Holes","floor":13},{"not_picked":["Deflect","Accuracy","Prepared"],"picked":"SKIP","floor":14},{"not_picked":["Dagger Spray","Quick Slash"],"picked":"PiercingWail","floor":18},{"not_picked":["Bane","Setup"],"picked":"Bouncing Flask","floor":19},{"not_picked":["Flying Knee+1","Deflect"],"picked":"Crippling Poison","floor":22},{"not_picked":["Slice+1","Sucker Punch"],"picked":"Night Terror","floor":23},{"not_picked":["Infinite Blades","Dodge and Roll"],"picked":"Predator+1","floor":24},{"not_picked":["Masterful Stab","Underhanded Strike"],"picked":"All Out Attack+1","floor":27},{"not_picked":["Flying Knee","Deadly Poison"],"picked":"Crippling Poison","floor":28},{"not_picked":["Corpse Explosion","Burst"],"picked":"After Image+1","floor":33},{"not_picked":["Dagger Throw+1","Underhanded Strike"],"picked":"Choke+1","floor":35},{"not_picked":["Dagger Throw","Blade Dance+1","Caltrops+1"],"picked":"Leg Sweep+1","floor":44},{"not_picked":["Deflect+1","Dodge and Roll+1","Flying Knee+1"],"picked":"PiercingWail+1","floor":45},{"not_picked":["Infinite Blades+1","Well Laid Plans+1","Tools of the Trade+1","Slice"],"picked":"SKIP","floor":46},{"not_picked":["Infinite Blades+1","Tools of the Trade+1","Slice"],"picked":"Well Laid Plans+1","floor":46},{"not_picked":["Dagger Spray+1","PiercingWail","Dodge and Roll"],"picked":"Deadly Poison+1","floor":48}],"player_experience":424142,"relics_obtained":[{"floor":7,"key":"Turnip"},{"floor":10,"key":"StoneCalendar"},{"floor":13,"key":"Orichalcum"},{"floor":23,"key":"The Courier"},{"floor":26,"key":"Frozen Egg 2"},{"floor":27,"key":"Blood Vial"},{"floor":43,"key":"Lantern"},{"floor":46,"key":"Bottled Lightning"}],"event_choices":[{"damage_healed":17,"gold_gain":0,"player_choice":"Healed and dodged fight","damage_taken":0,"max_hp_gain":0,"max_hp_loss":0,"event_name":"Mushrooms","floor":11,"gold_loss":0,"cards_obtained":["Parasite"]},{"damage_healed":0,"gold_gain":0,"player_choice":"Got Potions","damage_taken":0,"max_hp_gain":0,"max_hp_loss":0,"event_name":"Lab","floor":20,"gold_loss":0},{"damage_healed":0,"gold_gain":0,"player_choice":"Opened","damage_taken":0,"relics_obtained":["Singing Bowl"],"max_hp_gain":0,"max_hp_loss":0,"event_name":"The Mausoleum","floor":29,"gold_loss":0,"cards_obtained":["Writhe"]},{"damage_healed":0,"gold_gain":0,"player_choice":"Ignored","damage_taken":0,"max_hp_gain":0,"max_hp_loss":0,"event_name":"Tomb of Lord Red Mask","floor":36,"gold_loss":0},{"damage_healed":0,"gold_gain":0,"player_choice":"Ignored","damage_taken":0,"max_hp_gain":0,"max_hp_loss":0,"event_name":"Mysterious Sphere","floor":37,"gold_loss":0},{"damage_healed":0,"gold_gain":999,"player_choice":"Gold","damage_taken":0,"max_hp_gain":0,"max_hp_loss":0,"event_name":"MindBloom","floor":39,"gold_loss":0,"cards_obtained":["Normality","Normality"]},{"cards_removed":["Expertise"],"damage_healed":0,"gold_gain":0,"player_choice":"Removed Skill","damage_taken":0,"max_hp_gain":0,"max_hp_loss":0,"event_name":"Falling","floor":41,"gold_loss":0}],"is_beta":false,"boss_relics":[{"not_picked":["Philosopher\u0027s Stone","Fusion Hammer"],"picked":"Pandora\u0027s Box"},{"not_picked":["Black Star","Tiny House"],"picked":"Eternal Feather"}],"items_purged_floors":[3,21,31,42],"is_endless":false,"potions_floor_spawned":[5,10,12,13,16,19,23,28,35,44],"killed_by":"Awakened One","ascension_level":1}