{"gold_per_floor":[114,130,148,160,160,160,85,119,166,185,200,200,229,245,245,319,319,330,380,380,392,411,411,437,32,32,47,47,62,62,62,62,135,135,153,153,153,171,190,190,0,14,38,38,56,56,76,93,93,93,93],"floor_reached":52,"playtime":3319,"items_purged":["Strike_G","Calculated Gamble+1"],"score":1701,"play_id":"3e897e43-f19f-4a4a-a3fb-98d14e5b5de6","local_time":"20181226165652","is_ascension_mode":true,"campfire_choices":[{"data":"Skewer","floor":6,"key":"SMITH"},{"data":"Dagger Spray","floor":12,"key":"SMITH"},{"data":"Bane","floor":15,"key":"SMITH"},{"data":"Bouncing Flask","floor":23,"key":"SMITH"},{"data":"Footwork","floor":28,"key":"SMITH"},{"data":"After Image","floor":32,"key":"SMITH"},{"data":"Night Terror","floor":40,"key":"SMITH"},{"floor":46,"key":"REST"},{"floor":49,"key":"REST"}],"neow_cost":"NONE","seed_source_timestamp":429824911886653,"circlet_count":0,"master_deck":["AscendersBane","Defend_G+1","Defend_G+1","Defend_G+1","Defend_G+1","Defend_G+1","Strike_G+1","Survivor","Neutralize+1","Bouncing Flask+1","Leg Sweep","Dodge and Roll+1","Skewer+1","Escape Plan","Dagger Spray+1","Bane+1","PiercingWail","After Image+1","Terror","Footwork+1","Dash","Night Terror+1","Malaise","Unload+1","Tactician+1","Tools of the Trade+1","PiercingWail+1"],"relics":["Velvet Choker","Question Card","Pen Nib","War Paint","Runic Pyramid","Whetstone","Chemical X","Pantograph","Astrolabe","Red Mask","Vajra"],"potions_floor_usage":[4,8,16,24,29,51,51],"damage_taken":[{"damage":0,"enemies":"Cultist","floor":1,"turns":4},{"damage":2,"enemies":"Jaw Worm","floor":2,"turns":4},{"damage":0,"enemies":"2 Louse","floor":3,"turns":3},{"damage":7,"enemies":"Large Slime","floor":4,"turns":7},{"damage":1,"enemies":"Gremlin Nob","floor":8,"turns":4},{"damage":1,"enemies":"2 Fungi Beasts","floor":10,"turns":3},{"damage":0,"enemies":"Red Slaver","floor":11,"turns":5},{"damage":11,"enemies":"3 Sentries","floor":13,"turns":7},{"damage":0,"enemies":"Large Slime","floor":14,"turns":7},{"damage":15,"enemies":"Slime Boss","floor":16,"turns":9},{"damage":4,"enemies":"3 Byrds","floor":18,"turns":6},{"damage":5,"enemies":"Shell Parasite","floor":21,"turns":5},{"damage":10,"enemies":"Snake Plant","floor":22,"turns":5},{"damage":6,"enemies":"Slavers","floor":24,"turns":7},{"damage":0,"enemies":"Centurion and Healer","floor":27,"turns":8},{"damage":1,"enemies":"Cultist and Chosen","floor":29,"turns":7},{"damage":2,"enemies":"Champ","floor":33,"turns":16},{"damage":1,"enemies":"Orb Walker","floor":35,"turns":3},{"damage":21,"enemies":"3 Darklings","floor":38,"turns":8},{"damage":4,"enemies":"4 Shapes","floor":39,"turns":8},{"damage":1,"enemies":"Writhing Mass","floor":42,"turns":7},{"damage":30,"enemies":"Transient","floor":45,"turns":6},{"damage":18,"enemies":"Sphere and 2 Shapes","floor":47,"turns":5},{"damage":11,"enemies":"3 Darklings","floor":48,"turns":6},{"damage":37,"enemies":"Awakened One","floor":50,"turns":21},{"damage":15,"enemies":"Time Eater","floor":51,"turns":19}],"seed_played":"2206709575139718659","potions_obtained":[{"floor":2,"key":"Fire Potion"},{"floor":5,"key":"Energy Potion"},{"floor":5,"key":"GhostInAJar"},{"floor":8,"key":"Strength Potion"},{"floor":13,"key":"Fire Potion"},{"floor":14,"key":"GhostInAJar"},{"floor":22,"key":"GamblersBrew"},{"floor":24,"key":"Poison Potion"},{"floor":33,"key":"Poison Potion"}],"is_trial":false,"path_per_floor":["M","M","M","M","?","R","$","E","T","M","M","R","E","M","R","B",null,"M","?","?","M","M","R","E","$","T","M","R","M","?","?","R","B",null,"M","?","?","M","M","R","?","M","T","?","M","R","M","M","R","B","B",null],"character_chosen":"THE_SILENT","items_purchased":["Chemical X","Footwork"],"campfire_rested":2,"item_purchase_floors":[25,25],"current_hp_per_floor":[59,57,57,50,50,50,50,49,49,48,48,48,37,37,37,22,55,51,51,51,46,36,36,30,30,30,30,30,29,29,29,29,52,63,62,62,62,41,37,37,37,36,36,73,43,64,46,35,56,36,46],"gold":93,"neow_bonus":"BOSS_RELIC","is_prod":false,"is_daily":false,"chose_seed":false,"campfire_upgraded":7,"win_rate":0,"timestamp":1545839812,"path_taken":["M","M","?","M","?","R","$","E","T","?","M","R","E","M","R","BOSS","M","?","?","M","M","R","E","$","T","M","R","M","?","?","R","BOSS","M","?","?","M","M","R","?","M","T","?","M","R","M","?","R","BOSS","BOSS"],"build_version":"2018-12-20","purchased_purges":2,"victory":true,"max_hp_per_floor":[66,66,66,66,66,66,66,66,66,66,66,66,66,66,66,66,66,66,66,66,66,66,66,66,66,66,66,66,66,66,66,66,66,66,66,63,63,63,63,63,63,63,63,73,73,73,73,73,73,73,73],"card_choices":[{"not_picked":["Prepared","Quick Slash"],"picked":"Bouncing Flask","floor":1},{"not_picked":["Backflip","Sucker Punch"],"picked":"Leg Sweep","floor":2},{"not_picked":["Underhanded Strike","Leg Sweep"],"picked":"Dodge and Roll","floor":3},{"not_picked":["Slice","PiercingWail"],"picked":"Skewer","floor":4},{"not_picked":["Doppelganger","Blade Dance"],"picked":"Escape Plan","floor":8},{"not_picked":["Cloak And Dagger","Blade Dance","Setup"],"picked":"Calculated Gamble","floor":10},{"not_picked":["Dash","Riddle With Holes","Tactician"],"picked":"Dagger Spray","floor":11},{"not_picked":["Venomology","Flying Knee","Poisoned Stab"],"picked":"Bane","floor":13},{"not_picked":["Predator","Quick Slash","Poisoned Stab","Dagger Throw"],"picked":"SKIP","floor":14},{"not_picked":["Bullet Time","Venomology","Die Die Die"],"picked":"Tools of the Trade","floor":16},{"not_picked":["Flying Knee","Masterful Stab","Slice","Well Laid Plans+1"],"picked":"SKIP","floor":18},{"not_picked":["Outmaneuver","Sucker Punch","Deadly Poison"],"picked":"PiercingWail","floor":21},{"not_picked":["Acrobatics","Slice","Dagger Throw"],"picked":"After Image","floor":22},{"not_picked":["Endless Agony","Slice","Poisoned Stab"],"picked":"Terror","floor":24},{"not_picked":["Cloak And Dagger","Blade Dance","Venomology","Concentrate"],"picked":"SKIP","floor":27},{"not_picked":["Crippling Poison","PiercingWail","Masterful Stab"],"picked":"Dash","floor":29},{"not_picked":["Tools of the Trade","Bullet Time","Glass Knife"],"picked":"Malaise","floor":33},{"not_picked":["Acrobatics+1","Backflip","Predator","Flying Knee+1"],"picked":"SKIP","floor":35},{"not_picked":["Dodge and Roll","Backflip","Underhanded Strike","Quick Slash"],"picked":"SKIP","floor":38},{"not_picked":["Bane","Prepared+1","Well Laid Plans","Deadly Poison"],"picked":"SKIP","floor":39},{"not_picked":["Crippling Poison","Riddle With Holes+1","Dodge and Roll","Poisoned Stab"],"picked":"SKIP","floor":42},{"not_picked":["Endless Agony","Concentrate","Dagger Throw","Finisher+1"],"picked":"SKIP","floor":45},{"not_picked":["Crippling Poison+1","Concentrate","Choke","Deadly Poison"],"picked":"SKIP","floor":47},{"not_picked":["Well Laid Plans","Envenom","Riddle With Holes+1"],"picked":"PiercingWail+1","floor":48}],"player_experience":1033973,"relics_obtained":[{"floor":8,"key":"Question Card"},{"floor":9,"key":"Pen Nib"},{"floor":13,"key":"War Paint"},{"floor":24,"key":"Whetstone"},{"floor":26,"key":"Pantograph"},{"floor":43,"key":"Vajra"}],"event_choices":[{"damage_healed":0,"gold_gain":0,"player_choice":"Got Potions","damage_taken":0,"max_hp_gain":0,"max_hp_loss":0,"event_name":"Lab","floor":5,"gold_loss":0},{"damage_healed":0,"gold_gain":50,"player_choice":"Stole From Cult","damage_taken":0,"max_hp_gain":0,"max_hp_loss":0,"event_name":"Nest","floor":19,"gold_loss":0},{"damage_healed":0,"gold_gain":0,"player_choice":"Simplicity","damage_taken":0,"max_hp_gain":0,"max_hp_loss":0,"event_name":"Back to Basics","floor":20,"gold_loss":0,"cards_upgraded":["Defend_G","Defend_G","Defend_G","Defend_G","Defend_G","Strike_G","Strike_G","Strike_G","Strike_G"]},{"damage_healed":0,"gold_gain":0,"player_choice":"Ignored","damage_taken":0,"max_hp_gain":0,"max_hp_loss":0,"event_name":"Beggar","floor":30,"gold_loss":0},{"damage_healed":0,"gold_gain":0,"player_choice":"1 cards matched","damage_taken":0,"max_hp_gain":0,"max_hp_loss":0,"event_name":"Match and Keep!","floor":31,"gold_loss":0,"cards_obtained":["Night Terror"]},{"damage_healed":0,"gold_gain":0,"player_choice":"Max HP","damage_taken":0,"max_hp_gain":0,"max_hp_loss":3,"event_name":"Winding Halls","floor":36,"gold_loss":0},{"damage_healed":0,"gold_gain":0,"player_choice":"Memory 1","damage_taken":0,"max_hp_gain":0,"max_hp_loss":0,"event_name":"SensoryStone","floor":37,"gold_loss":0},{"damage_healed":0,"gold_gain":0,"player_choice":"Paid","damage_taken":0,"relics_obtained":["Red Mask"],"max_hp_gain":0,"max_hp_loss":0,"event_name":"Tomb of Lord Red Mask","floor":41,"gold_loss":190},{"cards_removed":["Tools of the Trade"],"damage_healed":27,"gold_gain":0,"player_choice":"Offered Rare","damage_taken":0,"max_hp_gain":10,"max_hp_loss":0,"event_name":"Bonfire Elementals","floor":44,"gold_loss":0}],"is_beta":false,"boss_relics":[{"not_picked":["Cursed Key","White Beast Statue"],"picked":"Runic Pyramid"},{"not_picked":["Fusion Hammer","Snecko Eye"],"picked":"Astrolabe"}],"items_purged_floors":[7,25],"is_endless":false,"potions_floor_spawned":[2,8,13,14,22,24,27,33,38,39,45],"ascension_level":20}