{"gold_per_floor":[119,134,153,153,167,201,201,224,224,78,78,78,118,46,46,174,174,197,220,135,35,0,0,36,36,36,36,36,36,55,68,68,193,193,212,228,228,248,271,305,305,305,305,305,305,305,305,638,638,638,638,638,39,66,66],"floor_reached":55,"playtime":2161,"items_purged":["Strike_B","Strike_B","Meteor Strike+1"],"score":776,"play_id":"ffa32721-dff6-41af-9e04-3aa01c208c01","local_time":"20181108145533","is_ascension_mode":false,"campfire_choices":[{"data":"Redo","floor":11,"key":"SMITH"},{"data":"Darkness","floor":15,"key":"SMITH"},{"data":"Loop","floor":23,"key":"SMITH"},{"data":"Loop","floor":25,"key":"SMITH"},{"data":"Redo","floor":27,"key":"SMITH"},{"data":"Coolheaded","floor":29,"key":"SMITH"},{"floor":32,"key":"REST"},{"floor":41,"key":"RECALL"},{"floor":44,"key":"REST"},{"data":"Madness","floor":46,"key":"SMITH"},{"data":"Dualcast","floor":49,"key":"SMITH"},{"data":"Madness","floor":52,"key":"SMITH"}],"neow_cost":"PERCENT_DAMAGE","seed_source_timestamp":14639132269334,"circlet_count":0,"master_deck":["Defend_B+1","Defend_B+1","Defend_B+1","Defend_B+1","Dualcast+1","Conserve Battery","Darkness+1","Melter+1","Beam Cell","Coolheaded+1","Redo+1","Loop+1","Undo","Loop+1","All For One","Redo+1","Sweeping Beam+1","Rebound+1","Darkness+1","Seek","Consume+1","Streamline+1","Go for the Eyes+1","Leap+1","Madness+1","Madness+1","Chill+1","Machine Learning+1","Reprogram+1","Capacitor","Glacier+1"],"relics":["Cracked Core","Mango","Juzu Bracelet","Pear","Whetstone","Runic Dome","Ginger","Matryoshka","Pen Nib","Bottled Tornado","Astrolabe","Dead Branch","Vajra","Bag of Marbles","Toxic Egg 2","Membership Card","Gambling Chip","Blood Vial","Orichalcum"],"potions_floor_usage":[13,13,13,33,33,38,38,40,50,55,55,55],"damage_taken":[{"damage":6,"enemies":"Jaw Worm","floor":1,"turns":3},{"damage":0,"enemies":"Small Slimes","floor":2,"turns":3},{"damage":0,"enemies":"2 Louse","floor":3,"turns":2},{"damage":8,"enemies":"Exordium Thugs","floor":5,"turns":4},{"damage":21,"enemies":"Lagavulin","floor":6,"turns":5},{"damage":17,"enemies":"Large Slime","floor":8,"turns":7},{"damage":27,"enemies":"Gremlin Nob","floor":13,"turns":4},{"damage":18,"enemies":"Slime Boss","floor":16,"turns":7},{"damage":5,"enemies":"Chosen","floor":18,"turns":4},{"damage":6,"enemies":"Shell Parasite","floor":19,"turns":5},{"damage":34,"enemies":"Gremlin Leader","floor":24,"turns":7},{"damage":23,"enemies":"Shelled Parasite and Fungi","floor":30,"turns":4},{"damage":0,"enemies":"Sentry and Sphere","floor":31,"turns":3},{"damage":28,"enemies":"Collector","floor":33,"turns":7},{"damage":10,"enemies":"Orb Walker","floor":35,"turns":2},{"damage":3,"enemies":"3 Shapes","floor":36,"turns":4},{"damage":29,"enemies":"Jaw Worm Horde","floor":38,"turns":4},{"damage":16,"enemies":"Sphere and 2 Shapes","floor":39,"turns":7},{"damage":0,"enemies":"Nemesis","floor":40,"turns":5},{"damage":54,"enemies":"Donu and Deca","floor":50,"turns":7},{"damage":18,"enemies":"Shield and Spear","floor":54,"turns":5},{"damage":84,"enemies":"The Heart","floor":55,"turns":8}],"seed_played":"596771642727264069","potions_obtained":[{"floor":3,"key":"Swift Potion"},{"floor":5,"key":"Regen Potion"},{"floor":6,"key":"PowerPotion"},{"floor":13,"key":"FocusPotion"},{"floor":19,"key":"Dexterity Potion"},{"floor":30,"key":"Poison Potion"},{"floor":33,"key":"Fruit Juice"},{"floor":35,"key":"EssenceOfSteel"},{"floor":39,"key":"FearPotion"},{"floor":40,"key":"SpeedPotion"},{"floor":54,"key":"PowerPotion"}],"is_trial":false,"path_per_floor":["M","M","M","?","M","E","?","M","T","$","R","T","E","$","R","B",null,"M","M","?","$","?","R","E","R","T","R","?","R","M","M","R","B",null,"M","M","?","M","M","E","R","?","T","R","?","R","T","?","R","B",null,"R","$","E","B"],"character_chosen":"DEFECT","items_purchased":["Loop","Loop","Membership Card","Gambling Chip","Blood Vial","Reprogram+1","Capacitor","SkillPotion","Explosive Potion"],"campfire_rested":2,"item_purchase_floors":[10,14,53,53,53,53,53,53,53],"current_hp_per_floor":[62,62,62,89,81,60,60,43,53,53,53,53,31,31,31,13,92,87,81,81,81,81,81,47,47,47,47,47,47,24,24,51,28,97,87,84,72,43,27,27,27,27,27,56,97,97,97,97,97,43,97,97,97,79,0],"gold":66,"neow_bonus":"ONE_RARE_RELIC","is_prod":false,"is_daily":false,"chose_seed":false,"campfire_upgraded":9,"win_rate":0,"timestamp":1541685333,"path_taken":["M","M","M","?","M","E","?","M","T","$","R","?","E","?","R","BOSS","M","M","?","$","?","R","E","R","T","R","?","R","M","M","R","BOSS","M","M","?","M","M","E","R","?","T","R","?","R","?","?","R","BOSS","R","$","E","BOSS"],"build_version":"2018-11-07","purchased_purges":3,"victory":false,"max_hp_per_floor":[89,89,89,89,89,89,82,82,92,92,92,92,92,92,92,92,92,92,92,92,92,92,92,92,92,92,92,92,92,92,92,92,97,97,97,97,97,97,97,97,97,97,97,97,97,97,97,97,97,97,97,97,97,97,97],"card_choices":[{"not_picked":["Rip and Tear","Genetic Algorithm"],"picked":"Conserve Battery","floor":1},{"not_picked":["Barrage","Stack"],"picked":"Darkness","floor":2},{"not_picked":["Force Field","Fusion"],"picked":"Melter","floor":3},{"not_picked":["Gash","Scrape"],"picked":"Beam Cell","floor":5},{"not_picked":["Lockon","Hologram"],"picked":"Coolheaded","floor":6},{"not_picked":["Leap","White Noise"],"picked":"Redo","floor":8},{"not_picked":["Sunder","Ball Lightning"],"picked":"Undo","floor":13},{"not_picked":["Core Surge","Electrodynamics"],"picked":"All For One","floor":16},{"not_picked":["Go for the Eyes","Streamline"],"picked":"Redo","floor":18},{"not_picked":["Steam+1","Steam Power"],"picked":"Sweeping Beam+1","floor":19},{"not_picked":["Heatsinks","Loop"],"picked":"Rebound+1","floor":24},{"not_picked":["Hello World","Static Discharge","Steam"],"picked":"SKIP","floor":30},{"not_picked":["Rebound","Genetic Algorithm"],"picked":"Darkness+1","floor":31},{"not_picked":["Buffer","Machine Learning"],"picked":"Seek","floor":33},{"not_picked":["Blizzard","Stack"],"picked":"Go for the Eyes+1","floor":35},{"not_picked":["Double Energy+1","BootSequence"],"picked":"Leap+1","floor":36},{"not_picked":["Leap","Ball Lightning+1","Storm"],"picked":"SKIP","floor":38},{"not_picked":["Melter+1","Rebound+1"],"picked":"Chill+1","floor":39},{"not_picked":["Aggregate","Leap+1"],"picked":"Machine Learning","floor":40},{"not_picked":["BootSequence+1","Ball Lightning+1"],"picked":"Glacier+1","floor":54}],"player_experience":734711,"relics_obtained":[{"floor":6,"key":"Juzu Bracelet"},{"floor":9,"key":"Pear"},{"floor":13,"key":"Whetstone"},{"floor":24,"key":"Matryoshka"},{"floor":26,"key":"Pen Nib"},{"floor":26,"key":"Bottled Tornado"},{"floor":40,"key":"Dead Branch"},{"floor":43,"key":"Vajra"},{"floor":43,"key":"Bag of Marbles"},{"floor":47,"key":"Toxic Egg 2"},{"floor":54,"key":"Orichalcum"}],"event_choices":[{"damage_healed":29,"gold_gain":0,"player_choice":"Banana","damage_taken":0,"max_hp_gain":0,"max_hp_loss":0,"event_name":"Big Fish","floor":4,"gold_loss":0},{"damage_healed":0,"gold_gain":0,"player_choice":"Lose Max HP","damage_taken":0,"relics_obtained":["Golden Idol"],"max_hp_gain":0,"max_hp_loss":7,"event_name":"Golden Idol","floor":7,"gold_loss":0},{"damage_healed":0,"gold_gain":0,"player_choice":"Obtained Relic","damage_taken":0,"relics_obtained":["Ginger"],"max_hp_gain":0,"max_hp_loss":0,"event_name":"Addict","floor":20,"gold_loss":85},{"damage_healed":0,"gold_gain":0,"player_choice":"Paid Fearfully","damage_taken":0,"max_hp_gain":0,"max_hp_loss":0,"event_name":"Masked Bandits","floor":22,"gold_loss":35},{"damage_healed":0,"gold_gain":0,"player_choice":"Simplicity","damage_taken":0,"max_hp_gain":0,"max_hp_loss":0,"event_name":"Back to Basics","floor":28,"gold_loss":0,"cards_upgraded":["Strike_B","Defend_B","Defend_B","Defend_B","Defend_B"]},{"damage_healed":0,"gold_gain":0,"player_choice":"Embrace Madness","damage_taken":12,"max_hp_gain":0,"max_hp_loss":0,"event_name":"Winding Halls","floor":37,"gold_loss":0,"cards_obtained":["Madness","Madness"]},{"damage_healed":0,"gold_gain":0,"player_choice":"Upgraded","damage_taken":0,"max_hp_gain":0,"max_hp_loss":0,"event_name":"Upgrade Shrine","floor":42,"gold_loss":0,"cards_upgraded":["Machine Learning"]},{"damage_healed":41,"gold_gain":0,"player_choice":"Full Heal","damage_taken":0,"max_hp_gain":0,"max_hp_loss":0,"event_name":"Wheel of Change","floor":45,"gold_loss":0},{"damage_healed":0,"gold_gain":333,"player_choice":"Gave Idol","damage_taken":0,"max_hp_gain":0,"max_hp_loss":0,"event_name":"The Moai Head","floor":48,"relics_lost":["Golden Idol"],"gold_loss":0}],"is_beta":true,"boss_relics":[{"not_picked":["Coffee Dripper","Velvet Choker"],"picked":"Runic Dome"},{"not_picked":["FrozenCore","Inserter"],"picked":"Astrolabe"}],"items_purged_floors":[10,21,53],"is_endless":false,"potions_floor_spawned":[3,5,6,13,19,30,33,35,39,40,54],"killed_by":"The Heart","ascension_level":0}