{"path_per_floor":["M","M","?","M","M","E","R","M","T","E","R","M","M","$","R","B",null,"M","?","M","$","M"],"character_chosen":"IRONCLAD","items_purchased":["Frozen Egg 2","Fire Breathing"],"gold_per_floor":[113,127,127,144,155,186,186,203,226,257,257,277,292,31,31,130,130,147,147,157,3,17,17],"floor_reached":23,"campfire_rested":0,"playtime":1870,"current_hp_per_floor":[80,80,80,80,77,79,79,74,74,63,63,58,52,52,52,45,87,65,65,43,43,31,0],"items_purged":["Strike_R"],"gold":17,"score":205,"play_id":"629a0d9c-aa30-4f5c-8b1f-4a0d3482267b","local_time":"20180510231552","is_prod":false,"is_daily":false,"chose_seed":false,"is_ascension_mode":false,"campfire_upgraded":3,"timestamp":1526019352,"path_taken":["M","M","?","?","M","E","R","?","T","E","R","M","M","$","R","BOSS","M","?","M","$","M","E"],"build_version":"2018-05-10","seed_source_timestamp":1311925696965942,"purchased_purges":1,"victory":false,"master_deck":["Strike_R","Strike_R","Strike_R","Strike_R","Defend_R","Defend_R","Defend_R","Defend_R","Bash","Clothesline","Rupture+1","Bash","Thunderclap","Hemokinesis+1","Metallicize","Hemokinesis+1","Inflame","Brutality+1","Metallicize+1","Fire Breathing+1"],"max_hp_per_floor":[80,80,80,80,80,80,80,80,80,87,87,87,87,87,87,87,87,87,87,87,87,87,87],"relics":["Burning Blood","Ornamental Fan","Dream Catcher","Strawberry","Frozen Egg 2","Runic Cube"],"card_choices":[{"not_picked":["Carnage","Whirlwind"],"picked":"Clothesline","floor":1},{"not_picked":["Intimidate","Pummel"],"picked":"Rupture","floor":2},{"not_picked":["Pommel Strike","Dark Embrace"],"picked":"Hemokinesis","floor":6},{"not_picked":["Sever Soul","True Grit"],"picked":"Metallicize","floor":8},{"not_picked":["Wild Strike","Immolate"],"picked":"Hemokinesis","floor":10},{"not_picked":["Pummel","Heavy Blade"],"picked":"Inflame","floor":12},{"not_picked":["Reaper","Berserk"],"picked":"Brutality","floor":16},{"not_picked":["Armaments","Shrug It Off"],"picked":"Metallicize","floor":18}],"player_experience":401304,"potions_floor_usage":[5,5,6,6,16],"damage_taken":[{"damage":3,"enemies":"2 Louse","floor":1,"turns":4},{"damage":6,"enemies":"Cultist","floor":2,"turns":3},{"damage":3,"enemies":"Small Slimes","floor":4,"turns":3},{"damage":9,"enemies":"Exordium Thugs","floor":5,"turns":2},{"damage":4,"enemies":"3 Sentries","floor":6,"turns":9},{"damage":11,"enemies":"Gremlin Gang","floor":8,"turns":5},{"damage":24,"enemies":"Gremlin Nob","floor":10,"turns":4},{"damage":11,"enemies":"3 Louse","floor":12,"turns":4},{"damage":12,"enemies":"Looter","floor":13,"turns":3},{"damage":13,"enemies":"Slime Boss","floor":16,"turns":8},{"damage":28,"enemies":"Shell Parasite","floor":18,"turns":5},{"damage":28,"enemies":"Chosen","floor":20,"turns":5},{"damage":18,"enemies":"Snecko","floor":22,"turns":3},{"damage":40,"enemies":"Gremlin Leader","floor":23,"turns":4}],"event_choices":[{"event_name":"Match and Keep!","player_choice":"2 cards matched","floor":3,"damage_taken":0},{"event_name":"Ghosts","player_choice":"Ignored","floor":19,"damage_taken":0}],"boss_relics":[{"not_picked":["Snecko Eye","Cursed Key"],"picked":"Runic Cube"}],"potions_floor_spawned":[1,2,4,5,13],"seed_played":"-8140420316645345467","killed_by":"Gremlin Leader","ascension_level":0,"is_trial":false}