{"path_per_floor":["M","?","$","?","M","E","R","M","T","M","?","$","E","M","R","B",null,"M","$","?","?","?","M","R","M","T","M","R","E","R","M","R"],"character_chosen":"THE_SILENT","items_purchased":["Dagger Throw","Tough Bandages","Orichalcum","Bag of Marbles","Deflect"],"gold_per_floor":[367,542,31,106,126,160,160,177,177,190,160,4,36,52,52,151,151,164,40,40,40,40,58,58,72,72,92,92,122,122,136,136],"floor_reached":33,"campfire_rested":2,"playtime":4227,"current_hp_per_floor":[70,70,70,59,59,60,60,58,58,57,57,57,49,49,72,41,77,76,76,76,62,62,62,62,57,57,50,74,69,69,70,70],"items_purged":["Doubt","Decay"],"gold":136,"score":275,"play_id":"75557c97-19d3-44fe-895f-cce8fc93fab3","is_prod":false,"is_daily":false,"is_ascension_mode":false,"campfire_upgraded":4,"path_taken":["M","?","$","?","M","E","R","M","T","M","?","$","E","M","R","BOSS","M","$","?","?","?","M","R","M","T","?","R","E","R","M","R","BOSS"],"build_version":"2018-02-12-PROD1","purchased_purges":2,"victory":false,"master_deck":["Defend_G+1","Defend_G+1","Defend_G+1","Defend_G+1","Defend_G+1","Strike_G+1","Strike_G+1","Strike_G+1","Strike_G+1","Strike_G+1","Survivor","Neutralize+1","Deflect","Dagger Throw","Deadly Poison","Sucker Punch","Acrobatics","Poisoned Stab","Leg Sweep","Flying Knee","Glass Knife+1","Infinite Blades+1","Deflect","Bouncing Flask","Poisoned Stab+1","Dash+1","A Thousand Cuts+1","Blade Dance+1"],"max_hp_per_floor":[70,70,70,70,70,77,77,77,77,77,77,77,77,77,77,77,77,77,77,77,82,82,82,82,82,82,82,82,82,82,82,82],"relics":["Ring of the Snake","Tough Bandages","Orichalcum","Strawberry","Omamori","Bag of Marbles","Oddly Smooth Stone","The Specimen","Bird Faced Urn","Unceasing Top"],"card_choices":[{"not_picked":["Eviscerate","Bane"],"picked":"Deflect"},{"not_picked":["Heel Hook","Dodge and Roll"],"picked":"Deadly Poison"},{"not_picked":["Deadly Poison","Malaise"],"picked":"Sucker Punch"},{"not_picked":["Bane","Distraction"],"picked":"Acrobatics"},{"not_picked":["All Out Attack","Bane"],"picked":"Poisoned Stab"},{"not_picked":["Heel Hook","Predator"],"picked":"Leg Sweep"},{"not_picked":["Slice","Outmaneuver"],"picked":"Flying Knee"},{"not_picked":["Venomology","Burst"],"picked":"Glass Knife"},{"not_picked":["Dagger Spray","Reflex"],"picked":"Infinite Blades"},{"not_picked":["Backflip","Dagger Throw"],"picked":"Bouncing Flask"},{"not_picked":["Reflex","Skewer"],"picked":"Poisoned Stab"},{"not_picked":["Bane","Sucker Punch"],"picked":"Dash"},{"not_picked":["Endless Agony","Dagger Spray"],"picked":"A Thousand Cuts"},{"not_picked":["Slice","Endless Agony"],"picked":"Blade Dance"}],"player_experience":93492,"potions_floor_usage":[6,13,16,29,29,33,33],"damage_taken":[{"damage":0,"enemies":"Small Slimes","floor":1,"turns":3},{"damage":0,"enemies":"2 Louse","floor":5,"turns":2},{"damage":6,"enemies":"3 Sentries","floor":6,"turns":10},{"damage":2,"enemies":"Cultist","floor":8,"turns":4},{"damage":1,"enemies":"Large Slime","floor":10,"turns":6},{"damage":8,"enemies":"Gremlin Nob","floor":13,"turns":3},{"damage":0,"enemies":"Looter","floor":14,"turns":2},{"damage":31,"enemies":"The Guardian","floor":16,"turns":10},{"damage":1,"enemies":"2 Thieves","floor":18,"turns":5},{"damage":0,"enemies":"Chosen","floor":23,"turns":4},{"damage":5,"enemies":"Snecko","floor":25,"turns":4},{"damage":9,"enemies":"Snake Plant","floor":27,"turns":4},{"damage":7,"enemies":"Gremlin Leader","floor":29,"turns":6},{"damage":3,"enemies":"Centurion and Healer","floor":31,"turns":5},{"damage":86,"enemies":"Automaton","floor":33,"turns":12}],"event_choices":[{"event_name":"Liars Game","player_choice":"agreed","floor":2,"damage_taken":0},{"event_name":"World of Goop","player_choice":"Gather Gold","floor":4,"damage_taken":0},{"event_name":"The Woman in Blue","player_choice":"Bought 2 Potions","floor":11,"damage_taken":0},{"event_name":"Beggar","player_choice":"Ignored","floor":20,"damage_taken":0},{"event_name":"Forgotten Altar","player_choice":"Shed Blood","floor":21,"damage_taken":0},{"event_name":"Back to Basics","player_choice":"Simplicity","floor":22,"damage_taken":0}],"boss_relics":[{"not_picked":["Tiny House","Orrery"],"picked":"The Specimen"}],"potions_floor_spawned":[1,6,14,25,31],"seed_played":"-4329670070380438507","killed_by":"Automaton","ascension_level":0,"is_trial":false}