{"gold_per_floor":[109,109,109,129,146,174,174,174,174,138,138,157,168,194,194,194],"floor_reached":16,"playtime":564,"items_purged":[],"score":220,"play_id":"561a37f1-83fe-49c6-a261-11b855052850","local_time":"20181227191558","is_ascension_mode":true,"campfire_choices":[{"floor":8,"key":"REST"},{"data":"Sweeping Beam","floor":11,"key":"SMITH"},{"data":"Sunder","floor":15,"key":"SMITH"}],"neow_cost":"NONE","seed_source_timestamp":5159451450555,"circlet_count":0,"master_deck":["AscendersBane","Strike_B","Strike_B","Strike_B","Strike_B","Defend_B","Defend_B","Defend_B+1","Defend_B","Zap+1","Dualcast","Sweeping Beam+1","Barrage","Self Repair","Gash","Chaos","Sunder+1"],"relics":["Cracked Core","Blue Candle","Frozen Egg 2","Torii","Letter Opener"],"potions_floor_usage":[6,13,14],"damage_taken":[{"damage":0,"enemies":"Small Slimes","floor":1,"turns":3},{"damage":0,"enemies":"2 Louse","floor":4,"turns":2},{"damage":2,"enemies":"Jaw Worm","floor":5,"turns":3},{"damage":32,"enemies":"Gremlin Nob","floor":6,"turns":4},{"damage":6,"enemies":"Large Slime","floor":12,"turns":5},{"damage":0,"enemies":"Looter","floor":13,"turns":2},{"damage":14,"enemies":"3 Sentries","floor":14,"turns":6},{"damage":42,"enemies":"Slime Boss","floor":16,"turns":8}],"seed_played":"-1620116211399106569","potions_obtained":[{"floor":1,"key":"Swift Potion"},{"floor":6,"key":"SteroidPotion"},{"floor":12,"key":"Dexterity Potion"}],"is_trial":false,"path_per_floor":["M","?","?","M","M","E","?","R","T","?","R","M","M","E","R","B"],"character_chosen":"DEFECT","items_purchased":[],"campfire_rested":1,"item_purchase_floors":[],"current_hp_per_floor":[64,43,43,43,41,16,11,32,32,32,32,33,40,33,33,0],"gold":194,"neow_bonus":"THREE_CARDS","is_prod":false,"is_daily":false,"chose_seed":false,"campfire_upgraded":2,"win_rate":0,"timestamp":1545934558,"path_taken":["M","?","?","M","M","E","?","R","T","?","R","M","M","E","R","BOSS"],"build_version":"2018-12-20","purchased_purges":0,"victory":false,"max_hp_per_floor":[71,71,71,71,71,71,71,71,71,71,71,71,71,71,71,71],"card_choices":[{"not_picked":["Hologram","Conserve Battery"],"picked":"Sweeping Beam","floor":0},{"not_picked":["Heatsinks","Steam"],"picked":"Barrage","floor":1},{"not_picked":["Reprogram","White Noise"],"picked":"Self Repair","floor":4},{"not_picked":["Storm","Fusion"],"picked":"Gash","floor":5},{"not_picked":["Steam Power","Redo","Beam Cell"],"picked":"SKIP","floor":6},{"not_picked":["Steam","Beam Cell"],"picked":"Chaos","floor":12},{"not_picked":["Reprogram","Core Surge"],"picked":"Sunder","floor":13},{"not_picked":["Self Repair+1","Compile Driver","Force Field"],"picked":"SKIP","floor":14}],"player_experience":1052627,"relics_obtained":[{"floor":6,"key":"Blue Candle"},{"floor":9,"key":"Torii"},{"floor":14,"key":"Letter Opener"}],"event_choices":[{"damage_healed":0,"gold_gain":0,"player_choice":"Entered Light","damage_taken":21,"max_hp_gain":0,"max_hp_loss":0,"event_name":"Shining Light","floor":2,"gold_loss":0,"cards_upgraded":["Defend_B","Zap"]},{"damage_healed":0,"gold_gain":0,"player_choice":"Ignored","damage_taken":0,"max_hp_gain":0,"max_hp_loss":0,"event_name":"Liars Game","floor":3,"gold_loss":0},{"damage_healed":0,"gold_gain":0,"player_choice":"Success","damage_taken":5,"relics_obtained":["Frozen Egg 2"],"max_hp_gain":0,"max_hp_loss":0,"event_name":"Scrap Ooze","floor":7,"gold_loss":0},{"damage_healed":0,"gold_gain":0,"player_choice":"Left Gold","damage_taken":0,"max_hp_gain":0,"max_hp_loss":0,"event_name":"World of Goop","floor":10,"gold_loss":36}],"is_beta":false,"boss_relics":[],"items_purged_floors":[],"is_endless":false,"potions_floor_spawned":[1,6,12],"killed_by":"Slime Boss","ascension_level":20}