{"gold_per_floor":[115,16,31,31,206,206,241,241,294,304,304,315,330,341,341,442,442,442,442,22,22,22,22,22,22,22,22,22,22,22,22,22,22,22,22,22,22,22,22,22,22,22],"floor_reached":42,"playtime":2606,"items_purged":["Pain"],"score":521,"play_id":"9a32a24b-0c3a-40f8-8e4b-18d965128623","local_time":"20181113181730","is_ascension_mode":false,"campfire_choices":[{"data":"Body Slam","floor":6.0,"key":"SMITH"},{"data":"Shrug It Off","floor":8.0,"key":"SMITH"},{"data":"Metallicize","floor":15.0,"key":"SMITH"},{"data":"Barricade","floor":25.0,"key":"SMITH"},{"data":"Dual Wield","floor":32.0,"key":"SMITH"},{"data":"True Grit","floor":40.0,"key":"SMITH"}],"neow_cost":"NONE","seed_source_timestamp":0,"circlet_count":0,"master_deck":["Strike_R","Strike_R","Strike_R","Strike_R","Strike_R","Defend_R","Defend_R","Defend_R","Bash","Metallicize+1","Shrug It Off+1","Body Slam+1","Rage","Doubt","Power Through","Burning Pact","Metallicize","Shrug It Off","Barricade+1","Evolve","Metallicize","Headbutt","Dual Wield+1","Entrench+1","Shrug It Off","Seeing Red+1","Juggernaut","Havoc+1","Good Instincts","Purity","Sentinel","True Grit+1"],"special_seed":0,"relics":["Black Blood","NeowsBlessing","Boot","WarpedTongs","Ectoplasm","Pantograph","Oddly Smooth Stone","Bag of Preparation","The Courier","Ornamental Fan","Meat on the Bone"],"potions_floor_usage":[42,42],"damage_taken":[{"damage":0.0,"enemies":"Small Slimes","floor":1.0,"turns":1.0},{"damage":0.0,"enemies":"2 Louse","floor":3.0,"turns":1.0},{"damage":0.0,"enemies":"Gremlin Nob","floor":7.0,"turns":1.0},{"damage":3.0,"enemies":"Cultist","floor":10.0,"turns":5.0},{"damage":7.0,"enemies":"Red Slaver","floor":12.0,"turns":3.0},{"damage":13.0,"enemies":"3 Louse","floor":13.0,"turns":5.0},{"damage":14.0,"enemies":"Exordium Wildlife","floor":14.0,"turns":7.0},{"damage":12.0,"enemies":"The Guardian","floor":16.0,"turns":15.0},{"damage":12.0,"enemies":"Spheric Guardian","floor":18.0,"turns":9.0},{"damage":0.0,"enemies":"Shell Parasite","floor":21.0,"turns":7.0},{"damage":9.0,"enemies":"Centurion and Healer","floor":22.0,"turns":5.0},{"damage":34.0,"enemies":"Slavers","floor":23.0,"turns":11.0},{"damage":12.0,"enemies":"Snecko","floor":24.0,"turns":7.0},{"damage":0.0,"enemies":"Book of Stabbing","floor":27.0,"turns":6.0},{"damage":0.0,"enemies":"Chosen and Byrds","floor":28.0,"turns":5.0},{"damage":2.0,"enemies":"Shelled Parasite and Fungi","floor":30.0,"turns":5.0},{"damage":0.0,"enemies":"3 Cultists","floor":31.0,"turns":12.0},{"damage":12.0,"enemies":"Automaton","floor":33.0,"turns":12.0},{"damage":10.0,"enemies":"Orb Walker","floor":35.0,"turns":5.0},{"damage":30.0,"enemies":"3 Shapes","floor":36.0,"turns":5.0},{"damage":21.0,"enemies":"Sphere and 2 Shapes","floor":38.0,"turns":7.0},{"damage":30.0,"enemies":"Writhing Mass","floor":39.0,"turns":7.0},{"damage":17.0,"enemies":"3 Darklings","floor":41.0,"turns":9.0},{"damage":48,"enemies":"Reptomancer","floor":42,"turns":2}],"seed_played":"1951707200136425441","potions_obtained":[{"floor":7.0,"key":"Weak Potion"},{"floor":12.0,"key":"Swift Potion"},{"floor":13.0,"key":"Weak Potion"},{"floor":22.0,"key":"SpeedPotion"},{"floor":27.0,"key":"Dexterity Potion"},{"floor":28.0,"key":"Energy Potion"},{"floor":31.0,"key":"Fire Potion"},{"floor":38.0,"key":"Energy Potion"}],"is_trial":false,"path_per_floor":["M","$","M","?","?","R","E","R","T","M","?","M","M","M","R","B",null,"M","T","$","M","M","E","M","R","T","E","M","$","M","M","R","B",null,"M","M","?","M","M","R","M","E"],"character_chosen":"IRONCLAD","items_purchased":["Shrug It Off","Body Slam","Oddly Smooth Stone","Bag of Preparation","Metallicize"],"campfire_rested":0,"item_purchase_floors":[2,2,20,20,20],"current_hp_per_floor":[80,80,80,73,73,73,79,79,79,80,80,79,72,64,64,58,80,74,74,74,80,77,49,43,43,43,49,55,55,59,65,65,74,80,80,60,50,51,43,43,48,0],"gold":22,"neow_bonus":"THREE_ENEMY_KILL","is_prod":false,"is_daily":false,"chose_seed":false,"campfire_upgraded":6,"win_rate":0,"timestamp":1542129450,"path_taken":["M","$","M","?","?","R","E","R","T","M","?","M","M","M","R","BOSS","M","?","$","M","M","E","M","R","T","E","M","$","M","?","R","BOSS","M","M","?","M","M","R","M","E"],"build_version":"2018-11-12","purchased_purges":1,"victory":false,"max_hp_per_floor":[80,80,80,80,80,80,80,80,80,80,80,80,80,80,80,80,80,80,80,80,80,80,80,80,80,80,80,80,80,80,80,80,80,80,80,80,80,80,80,80,80,80],"card_choices":[{"not_picked":["Warcry","Rupture"],"picked":"Metallicize","floor":1.0},{"not_picked":["Perfected Strike","Clash"],"picked":"Rage","floor":3.0},{"not_picked":["Flex","Body Slam"],"picked":"Power Through","floor":7.0},{"not_picked":["Power Through","Clash"],"picked":"Burning Pact","floor":10.0},{"not_picked":["Body Slam","Wild Strike"],"picked":"Metallicize","floor":12.0},{"not_picked":["Shockwave","Wild Strike","Dropkick"],"picked":"SKIP","floor":13.0},{"not_picked":["Anger","Sever Soul"],"picked":"Shrug It Off","floor":14.0},{"not_picked":["Immolate","Double Tap"],"picked":"Barricade","floor":16.0},{"not_picked":["Clash","Whirlwind+1"],"picked":"Evolve","floor":18.0},{"not_picked":["Cleave+1","Sword Boomerang"],"picked":"Headbutt","floor":21.0},{"not_picked":["Pummel","Twin Strike"],"picked":"Dual Wield","floor":22.0},{"not_picked":["Dropkick+1","Cleave+1","Inflame+1"],"picked":"SKIP","floor":23.0},{"not_picked":["Body Slam+1","Reckless Charge"],"picked":"Entrench+1","floor":24.0},{"not_picked":["Sword Boomerang","Second Wind"],"picked":"Shrug It Off","floor":27.0},{"not_picked":["Pommel Strike","Immolate","Carnage+1"],"picked":"SKIP","floor":28.0},{"not_picked":["Heavy Blade","Headbutt+1"],"picked":"Seeing Red+1","floor":30.0},{"not_picked":["Sentinel","Anger+1","Clash"],"picked":"SKIP","floor":31.0},{"not_picked":["Berserk","Offering"],"picked":"Juggernaut","floor":33.0},{"not_picked":["True Grit","Shockwave"],"picked":"Havoc+1","floor":35.0},{"not_picked":["Twin Strike","Armaments","Evolve"],"picked":"SKIP","floor":36.0},{"not_picked":["Flash of Steel","Mind Blast"],"picked":"Good Instincts","floor":37.0},{"not_picked":["Bandage Up","Mind Blast"],"picked":"Purity","floor":37.0},{"not_picked":["Shockwave+1","Perfected Strike+1"],"picked":"Sentinel","floor":38.0},{"not_picked":["Sword Boomerang+1","Warcry+1"],"picked":"True Grit","floor":39.0},{"not_picked":["Iron Wave+1","Flex+1","Heavy Blade"],"picked":"SKIP","floor":41.0}],"player_experience":764582,"relics_obtained":[{"floor":7.0,"key":"Boot"},{"floor":19.0,"key":"Pantograph"},{"floor":23.0,"key":"The Courier"},{"floor":26.0,"key":"Ornamental Fan"},{"floor":27.0,"key":"Meat on the Bone"}],"event_choices":[{"cards_removed":["Defend_R"],"damage_healed":0.0,"max_hp_gain":0.0,"max_hp_loss":0.0,"gold_gain":0.0,"event_name":"Golden Wing","player_choice":"Card Removal","floor":4.0,"gold_loss":0.0,"damage_taken":7.0},{"damage_healed":0.0,"max_hp_gain":0.0,"max_hp_loss":0.0,"gold_gain":175.0,"event_name":"Liars Game","player_choice":"AGREE","floor":5.0,"gold_loss":0.0,"damage_taken":0.0,"cards_obtained":["Doubt"]},{"damage_healed":0.0,"max_hp_gain":0.0,"max_hp_loss":0.0,"gold_gain":0.0,"event_name":"Accursed Blacksmith","player_choice":"Rummage","floor":11.0,"gold_loss":0.0,"damage_taken":0.0,"relics_obtained":["WarpedTongs"],"cards_obtained":["Pain"]},{"damage_healed":0.0,"max_hp_gain":0.0,"max_hp_loss":0.0,"gold_gain":0.0,"event_name":"SensoryStone","player_choice":"Memory 3","floor":37.0,"gold_loss":0.0,"damage_taken":10.0}],"is_beta":true,"boss_relics":[{"not_picked":["Pandora\u0027s Box","Tiny House"],"picked":"Ectoplasm"},{"not_picked":["White Beast Statue","Runic Cube"],"picked":"Black Blood"}],"items_purged_floors":[20],"is_endless":false,"potions_floor_spawned":[7,12,13,16,22,27,28,31,35,38],"killed_by":"Reptomancer","ascension_level":0}