{"gold_per_floor":[16,29,87,162,176,176,202,202,202,231,249,249,261,275,275,380,380,393,411,438,457,657,687,687,719,745,745,758,758,775,302,302,401,401,419,641,368,368,385,385,417,427,427,427,427,462,462,112,112,112],"floor_reached":51,"playtime":2136,"items_purged":["Strike_R","Strike_R","Strike_R"],"score":873,"play_id":"105f46fa-45b8-46cb-8137-89d6620a980f","local_time":"20190327163617","is_ascension_mode":true,"campfire_choices":[{"data":"True Grit","floor":6,"key":"SMITH"},{"data":"Bludgeon","floor":8,"key":"SMITH"},{"data":"Whirlwind","floor":12,"key":"SMITH"},{"data":"Uppercut","floor":15,"key":"SMITH"},{"floor":24,"key":"REST"},{"data":"Demon Form","floor":27,"key":"SMITH"},{"data":"Sword Boomerang","floor":29,"key":"SMITH"},{"data":"Heavy Blade","floor":32,"key":"SMITH"},{"data":"Sword Boomerang","floor":40,"key":"SMITH"},{"data":"Double Tap","floor":45,"key":"SMITH"},{"floor":47,"key":"REST"},{"data":"Enlightenment","floor":49,"key":"SMITH"}],"neow_cost":"NO_GOLD","seed_source_timestamp":2897628066592,"circlet_count":0,"master_deck":["Strike_R","Strike_R","Defend_R","Defend_R","Defend_R","Defend_R","Bash","Bludgeon+1","Uppercut+1","True Grit+1","Whirlwind+1","Shrug It Off","Headbutt","Demon Form+1","Heavy Blade+1","Pommel Strike","Sword Boomerang+1","Immolate","Battle Trance+1","Armaments+1","Power Through","Havoc","Double Tap+1","Havoc","Sword Boomerang+1","Anger","Infernal Blade","Havoc","Whirlwind+1","Havoc","Enlightenment+1"],"relics":["Burning Blood","Tiny Chest","Omamori","Smiling Mask","Dead Branch","Sozu","Red Mask","Anchor","Singing Bowl","Happy Flower","Red Skull","Oddly Smooth Stone","Busted Crown","Bag of Preparation","PreservedInsect","Regal Pillow","Centennial Puzzle"],"potions_floor_usage":[10,23,33],"damage_taken":[{"damage":6,"enemies":"Jaw Worm","floor":1,"turns":4},{"damage":7,"enemies":"2 Louse","floor":2,"turns":2},{"damage":0,"enemies":"Cultist","floor":5,"turns":2},{"damage":18,"enemies":"3 Sentries","floor":7,"turns":9},{"damage":8,"enemies":"Lagavulin","floor":10,"turns":5},{"damage":0,"enemies":"Blue Slaver","floor":11,"turns":2},{"damage":7,"enemies":"Large Slime","floor":13,"turns":2},{"damage":0,"enemies":"Gremlin Gang","floor":14,"turns":2},{"damage":24,"enemies":"The Guardian","floor":16,"turns":10},{"damage":11,"enemies":"Spheric Guardian","floor":18,"turns":4},{"damage":35,"enemies":"3 Byrds","floor":19,"turns":5},{"damage":15,"enemies":"Masked Bandits","floor":20,"turns":3},{"damage":28,"enemies":"3 Cultists","floor":21,"turns":5},{"damage":5,"enemies":"Slavers","floor":23,"turns":2},{"damage":13,"enemies":"Book of Stabbing","floor":25,"turns":5},{"damage":3,"enemies":"Snake Plant","floor":28,"turns":3},{"damage":17,"enemies":"Centurion and Healer","floor":30,"turns":4},{"damage":19,"enemies":"Champ","floor":33,"turns":7},{"damage":1,"enemies":"3 Shapes","floor":35,"turns":5},{"damage":18,"enemies":"3 Darklings","floor":39,"turns":4},{"damage":17,"enemies":"Giant Head","floor":41,"turns":5},{"damage":6,"enemies":"Transient","floor":42,"turns":5},{"damage":16,"enemies":"Reptomancer","floor":46,"turns":4},{"damage":46,"enemies":"Time Eater","floor":50,"turns":8}],"seed_played":"5524571581353105133","potions_obtained":[{"floor":1,"key":"PowerPotion"},{"floor":2,"key":"Energy Potion"},{"floor":7,"key":"Energy Potion"},{"floor":11,"key":"AttackPotion"}],"is_trial":false,"path_per_floor":["M","M","?","T","M","R","E","R","T","E","M","R","M","M","R","B",null,"M","M","?","M","?","E","R","E","T","R","M","R","M","$","R","B",null,"M","?","$","?","M","R","E","M","T","?","R","E","R","$","R","B",null],"character_chosen":"IRONCLAD","items_purchased":["Red Skull","Oddly Smooth Stone","Power Through","Havoc","Sword Boomerang","Bag of Preparation","Anger","Centennial Puzzle","Havoc","Enlightenment"],"campfire_rested":2,"item_purchase_floors":[31,31,31,31,37,37,37,48,48,48],"current_hp_per_floor":[80,79,79,79,80,80,68,68,68,66,72,72,71,77,77,59,80,75,46,37,15,15,16,40,33,33,33,36,36,25,25,25,12,80,80,80,80,80,70,70,59,61,61,63,63,55,88,88,88,48],"gold":112,"neow_bonus":"THREE_RARE_CARDS","is_prod":false,"is_daily":false,"chose_seed":false,"campfire_upgraded":10,"win_rate":0,"timestamp":1553715377,"path_taken":["M","M","?","?","M","R","E","R","T","E","M","R","M","M","R","BOSS","M","M","?","M","?","E","R","E","T","R","?","R","M","$","R","BOSS","M","?","$","?","?","R","E","M","T","?","R","E","R","$","R","BOSS"],"build_version":"2019-01-23","purchased_purges":3,"victory":true,"max_hp_per_floor":[80,80,80,80,80,80,80,80,80,80,80,80,80,80,80,80,80,80,80,80,80,80,80,80,80,80,80,80,80,80,80,80,80,80,80,80,80,80,82,82,82,84,84,86,86,88,88,88,88,88],"card_choices":[{"not_picked":["Fiend Fire","Barricade"],"picked":"Bludgeon","floor":0},{"not_picked":["Rage","Warcry","Reckless Charge"],"picked":"SKIP","floor":1},{"not_picked":["Reckless Charge","Heavy Blade"],"picked":"Uppercut","floor":2},{"not_picked":["Dual Wield","Thunderclap"],"picked":"True Grit","floor":5},{"not_picked":["Corruption","Perfected Strike","Body Slam"],"picked":"SKIP","floor":7},{"not_picked":["Demon Form","Sword Boomerang"],"picked":"Whirlwind","floor":10},{"not_picked":["True Grit","Sword Boomerang"],"picked":"Shrug It Off","floor":11},{"not_picked":["Twin Strike","Heavy Blade","Pommel Strike"],"picked":"SKIP","floor":13},{"not_picked":["Thunderclap","Entrench"],"picked":"Headbutt","floor":14},{"not_picked":["Double Tap","Exhume"],"picked":"Demon Form","floor":16},{"not_picked":["Pummel","Clothesline"],"picked":"Heavy Blade","floor":18},{"not_picked":["Twin Strike","Warcry"],"picked":"Pommel Strike","floor":19},{"not_picked":["Body Slam","Pommel Strike"],"picked":"Sword Boomerang","floor":20},{"not_picked":["Clash","Body Slam","Warcry"],"picked":"SKIP","floor":21},{"not_picked":["Evolve","Body Slam","Cleave"],"picked":"SKIP","floor":23},{"not_picked":["Headbutt","Dual Wield"],"picked":"Immolate","floor":25},{"not_picked":["Feel No Pain+1","Bloodletting"],"picked":"Battle Trance+1","floor":28},{"not_picked":["Clash","Perfected Strike"],"picked":"Armaments+1","floor":30},{"not_picked":["Feed","Berserk"],"picked":"Double Tap","floor":33},{"not_picked":[],"picked":"Havoc","floor":35},{"not_picked":["Armaments"],"picked":"Singing Bowl","floor":39},{"not_picked":[],"picked":"Whirlwind+1","floor":41},{"not_picked":["Wild Strike+1"],"picked":"Singing Bowl","floor":42},{"not_picked":["Trip"],"picked":"Singing Bowl","floor":44},{"not_picked":["Warcry+1"],"picked":"Singing Bowl","floor":46}],"player_experience":400498,"relics_obtained":[{"floor":4,"key":"Tiny Chest"},{"floor":7,"key":"Omamori"},{"floor":9,"key":"Smiling Mask"},{"floor":10,"key":"Dead Branch"},{"floor":20,"key":"Red Mask"},{"floor":23,"key":"Anchor"},{"floor":25,"key":"Singing Bowl"},{"floor":26,"key":"Happy Flower"},{"floor":41,"key":"PreservedInsect"},{"floor":46,"key":"Regal Pillow"}],"event_choices":[{"damage_healed":0,"gold_gain":58,"player_choice":"Gained Gold","damage_taken":0,"max_hp_gain":0,"max_hp_loss":0,"event_name":"Golden Wing","floor":3,"gold_loss":0},{"damage_healed":0,"gold_gain":0,"player_choice":"Fought Bandits","damage_taken":0,"max_hp_gain":0,"max_hp_loss":0,"event_name":"Masked Bandits","floor":20,"gold_loss":0},{"damage_healed":0,"gold_gain":200,"player_choice":"Gold","damage_taken":0,"max_hp_gain":0,"max_hp_loss":0,"event_name":"Wheel of Change","floor":22,"gold_loss":0},{"damage_healed":0,"gold_gain":222,"player_choice":"Wore Mask","damage_taken":0,"max_hp_gain":0,"max_hp_loss":0,"event_name":"Tomb of Lord Red Mask","floor":36,"gold_loss":0},{"damage_healed":0,"gold_gain":0,"player_choice":"2 cards matched","damage_taken":0,"max_hp_gain":0,"max_hp_loss":0,"event_name":"Match and Keep!","floor":38,"gold_loss":0,"cards_obtained":["Infernal Blade","Havoc"]},{"damage_healed":0,"gold_gain":0,"player_choice":"Memory 1","damage_taken":0,"max_hp_gain":0,"max_hp_loss":0,"event_name":"SensoryStone","floor":44,"gold_loss":0}],"is_beta":false,"boss_relics":[{"not_picked":["Ectoplasm","Coffee Dripper"],"picked":"Sozu"},{"not_picked":["Calling Bell","Orrery"],"picked":"Busted Crown"}],"items_purged_floors":[31,37,48],"is_endless":false,"potions_floor_spawned":[1,2,7,11,18,21,25,30,42,46],"ascension_level":2}