{"gold_per_floor":[17,28,38,38,38,38,67,67,140,51,51,68,100,35,35,35],"floor_reached":16,"playtime":375,"items_purged":[],"score":216,"play_id":"36ab2c1a-e2c8-4ae2-aaf9-f31888a1766a","local_time":"20190427192141","is_ascension_mode":true,"campfire_choices":[{"data":"Sweeping Beam","floor":6,"key":"SMITH"},{"floor":11,"key":"REST"},{"floor":15,"key":"REST"}],"neow_cost":"NO_GOLD","seed_source_timestamp":386801755982900,"circlet_count":0,"master_deck":["AscendersBane","Strike_B","Strike_B","Defend_B","Defend_B","Defend_B","Zap","Dualcast","Sweeping Beam+1","Steam","Cold Snap","Conserve Battery","Static Discharge","Turbo"],"relics":["Cracked Core","Lantern","Question Card","Gremlin Horn"],"potions_floor_usage":[7,13,16],"damage_taken":[{"damage":2,"enemies":"Jaw Worm","floor":1,"turns":3},{"damage":8,"enemies":"Small Slimes","floor":2,"turns":3},{"damage":7,"enemies":"Cultist","floor":3,"turns":4},{"damage":13,"enemies":"3 Sentries","floor":7,"turns":7},{"damage":8,"enemies":"Blue Slaver","floor":12,"turns":3},{"damage":26,"enemies":"Gremlin Nob","floor":13,"turns":4},{"damage":36,"enemies":"Slime Boss","floor":16,"turns":5}],"seed_played":"-7954433692907661122","potions_obtained":[{"floor":3,"key":"AttackPotion"},{"floor":7,"key":"PowerPotion"},{"floor":13,"key":"Strength Potion"}],"is_trial":false,"path_per_floor":["M","M","M","?","$","R","E","?","T","$","R","M","E","?","R","B"],"character_chosen":"DEFECT","items_purchased":["Static Discharge"],"campfire_rested":2,"item_purchase_floors":[10],"current_hp_per_floor":[62,54,47,40,40,40,27,27,27,27,48,40,14,14,35,0],"gold":35,"neow_bonus":"REMOVE_TWO","is_prod":false,"is_daily":false,"chose_seed":false,"campfire_upgraded":1,"win_rate":0,"timestamp":1556385701,"path_taken":["M","M","M","?","$","R","E","?","T","?","R","?","E","?","R","BOSS"],"build_version":"2019-01-23","purchased_purges":0,"victory":false,"max_hp_per_floor":[71,71,71,71,71,71,71,71,71,71,71,71,71,71,71,71],"card_choices":[{"not_picked":["Tempest","Redo"],"picked":"Sweeping Beam","floor":1},{"not_picked":["Barrage","Hologram"],"picked":"Steam","floor":2},{"not_picked":["Sunder","Conserve Battery"],"picked":"Cold Snap","floor":3},{"not_picked":["Leap","Rebound"],"picked":"Conserve Battery","floor":7},{"not_picked":["Sunder","White Noise","Rebound"],"picked":"Turbo","floor":12},{"not_picked":["Barrage","Compile Driver","Go for the Eyes","Skim"],"picked":"SKIP","floor":13}],"player_experience":640058,"relics_obtained":[{"floor":7,"key":"Lantern"},{"floor":9,"key":"Question Card"},{"floor":13,"key":"Gremlin Horn"}],"event_choices":[{"cards_removed":["Strike_B"],"damage_healed":0,"gold_gain":0,"player_choice":"Card Removal","damage_taken":7,"max_hp_gain":0,"max_hp_loss":0,"event_name":"Golden Wing","floor":4,"gold_loss":0},{"damage_healed":0,"gold_gain":0,"player_choice":"Searched \u00271\u0027 times","damage_taken":0,"max_hp_gain":0,"max_hp_loss":0,"event_name":"Dead Adventurer","floor":8,"gold_loss":0},{"damage_healed":0,"gold_gain":0,"player_choice":"Left Gold","damage_taken":0,"max_hp_gain":0,"max_hp_loss":0,"event_name":"World of Goop","floor":14,"gold_loss":65}],"is_beta":false,"boss_relics":[],"items_purged_floors":[],"is_endless":false,"potions_floor_spawned":[3,7,13],"killed_by":"Slime Boss","ascension_level":20}