{"path_per_floor":["M","?","?","?","$","R","M","E","T","?","M"],"character_chosen":"DEFECT","items_purchased":["Genetic Algorithm"],"gold_per_floor":[117,117,192,192,41,41,57,93,93,93,107,107],"floor_reached":12,"campfire_rested":0,"playtime":618,"item_purchase_floors":[5],"current_hp_per_floor":[75,75,64,46,46,46,46,9,9,9,1,0],"items_purged":["Defend_B"],"gold":107,"score":80,"play_id":"ede868c5-d390-4dd9-8e38-5f539b943012","local_time":"20180602171358","is_prod":false,"is_daily":false,"chose_seed":false,"is_ascension_mode":true,"campfire_upgraded":1,"win_rate":0.0,"timestamp":1527974038,"campfire_choices":[{"data":"Genetic Algorithm","floor":6,"key":"SMITH"}],"path_taken":["M","?","?","?","$","R","?","E","T","?","M","M"],"build_version":"2018-05-31","seed_source_timestamp":509319265152108,"purchased_purges":1,"victory":false,"master_deck":["Strike_B","Strike_B","Strike_B","Strike_B","Defend_B","Defend_B","Defend_B","Zap","Dualcast","Genetic Algorithm+1","Creative AI","Capacitor"],"max_hp_per_floor":[75,75,75,75,75,75,75,75,75,75,75,75],"relics":["Cracked Core","Golden Idol","Juzu Bracelet","Vajra"],"card_choices":[{"not_picked":["Steam Power","Compile Driver","Coolheaded"],"picked":"SKIP","floor":1},{"not_picked":["Aggregate","Compile Driver","Streamline"],"picked":"SKIP","floor":7},{"not_picked":["Compile Driver","Redo"],"picked":"Creative AI","floor":8},{"not_picked":["Compile Driver","Stack","Doom and Gloom"],"picked":"SKIP","floor":11}],"player_experience":464826,"potions_floor_usage":[12,12],"damage_taken":[{"damage":0,"enemies":"2 Louse","floor":1,"turns":1},{"damage":0,"enemies":"Cultist","floor":7,"turns":4},{"damage":37,"enemies":"3 Sentries","floor":8,"turns":8},{"damage":8,"enemies":"Small Slimes","floor":11,"turns":5},{"damage":10,"enemies":"Exordium Wildlife","floor":12,"turns":3}],"relics_obtained":[{"floor":8,"key":"Juzu Bracelet"},{"floor":9,"key":"Vajra"}],"event_choices":[{"event_name":"The Woman in Blue","player_choice":"Bought 0 Potions","floor":2,"damage_taken":0},{"event_name":"World of Goop","player_choice":"Gather Gold","floor":3,"damage_taken":0},{"event_name":"Golden Idol","player_choice":"Take Damage","floor":4,"damage_taken":0},{"event_name":"Match and Keep!","player_choice":"1 cards matched","floor":10,"damage_taken":0}],"boss_relics":[],"items_purged_floors":[5],"potions_floor_spawned":[1,7,8],"seed_played":"-4945247889651129834","killed_by":"Exordium Wildlife","ascension_level":1,"potions_obtained":[{"floor":1,"key":"Ancient Potion"},{"floor":7,"key":"Strength Potion"},{"floor":8,"key":"SneckoOil"}],"is_trial":false}