{"path_per_floor":["M","?","T","?","M","M","$","R","T","M","$","M","M","?","R","B",null,"M","?","M","?","$","E","R","M","T"],"character_chosen":"DEFECT","items_purchased":["Hologram+1","Thunder Strike","Capacitor+1","Redo+1"],"gold_per_floor":[118,118,166,341,354,369,242,242,291,305,231,201,213,213,213,311,311,329,329,341,341,212,247,247,266,266,266],"floor_reached":27,"campfire_rested":2,"playtime":3770,"item_purchase_floors":[7,11,22,22],"current_hp_per_floor":[65,62,62,62,61,60,60,60,60,51,51,51,49,34,56,35,75,51,51,38,38,38,2,24,9,9,0],"items_purged":["Strike_B"],"gold":266,"score":232,"play_id":"3350ae48-3d78-4a28-ab1e-7a35bf79b200","local_time":"20180602162718","is_prod":false,"is_daily":false,"chose_seed":false,"is_ascension_mode":true,"campfire_upgraded":1,"win_rate":0.0,"timestamp":1527971238,"campfire_choices":[{"data":"Static Discharge","floor":8,"key":"SMITH"},{"floor":15,"key":"REST"},{"floor":24,"key":"REST"}],"path_taken":["M","?","?","?","M","M","?","R","T","?","$","M","M","?","R","BOSS","M","?","M","?","$","E","R","M","T","E"],"build_version":"2018-05-31","seed_source_timestamp":500874756822054,"purchased_purges":1,"victory":false,"master_deck":["Strike_B","Strike_B","Strike_B","Defend_B","Defend_B+1","Defend_B","Defend_B+1","Zap","Dualcast","Chaos","Doubt","Go for the Eyes","Static Discharge+1","Hologram+1","Static Discharge","Thunder Strike","Coolheaded+1","Echo Form","Regret","Normality","Writhe","Defragment+1","Hello World+1","Heatsinks+1","Echo Form+1","Storm+1","Capacitor+1","Redo+1","BootSequence+1","Steam+1"],"max_hp_per_floor":[75,75,75,75,75,75,75,75,75,75,75,75,75,75,75,75,75,75,75,75,75,75,75,75,75,75,75],"relics":["Runic Dome","Toxic Egg 2","Bag of Preparation","Happy Flower","Calling Bell","Omamori","Frozen Egg 2","Prayer Wheel","Dodecahedron","Molten Egg 2"],"card_choices":[{"not_picked":["Gash","Beam Cell"],"picked":"Chaos","floor":1},{"not_picked":["Beam Cell","Streamline"],"picked":"Go for the Eyes","floor":5},{"not_picked":["Hologram+1","Stack+1"],"picked":"Static Discharge","floor":6},{"not_picked":["Ball Lightning","Conserve Battery+1"],"picked":"Static Discharge","floor":10},{"not_picked":["Ball Lightning","Gash"],"picked":"Coolheaded+1","floor":12},{"not_picked":["Barrage","Steam+1","Streamline"],"picked":"SKIP","floor":13},{"not_picked":["All For One","Seek+1"],"picked":"Echo Form","floor":16},{"not_picked":["Compile Driver","Stack+1"],"picked":"Defragment+1","floor":18},{"not_picked":["Stack+1","Go for the Eyes"],"picked":"Hello World+1","floor":18},{"not_picked":["Redo+1","Hologram+1"],"picked":"Echo Form+1","floor":20},{"not_picked":["Stack+1","Darkness+1"],"picked":"Storm+1","floor":20},{"not_picked":["Steam+1","Conserve Battery+1"],"picked":"BootSequence+1","floor":23},{"not_picked":["Rebound","Reinforced Body+1"],"picked":"Steam+1","floor":25},{"not_picked":["Rebound","All For One","Melter"],"picked":"SKIP","floor":25}],"player_experience":460314,"potions_floor_usage":[23],"damage_taken":[{"damage":10,"enemies":"Small Slimes","floor":1,"turns":4},{"damage":1,"enemies":"2 Louse","floor":5,"turns":2},{"damage":1,"enemies":"Jaw Worm","floor":6,"turns":5},{"damage":9,"enemies":"2 Fungi Beasts","floor":10,"turns":3},{"damage":0,"enemies":"Looter","floor":12,"turns":4},{"damage":2,"enemies":"Blue Slaver","floor":13,"turns":3},{"damage":21,"enemies":"The Guardian","floor":16,"turns":8},{"damage":24,"enemies":"Chosen","floor":18,"turns":4},{"damage":13,"enemies":"Spheric Guardian","floor":20,"turns":4},{"damage":36,"enemies":"Book of Stabbing","floor":23,"turns":4},{"damage":15,"enemies":"3 Cultists","floor":25,"turns":3},{"damage":22,"enemies":"Slavers","floor":27,"turns":3}],"relics_obtained":[{"floor":3,"key":"Bag of Preparation"},{"floor":9,"key":"Happy Flower"},{"floor":17,"key":"Omamori"},{"floor":17,"key":"Frozen Egg 2"},{"floor":17,"key":"Prayer Wheel"},{"floor":23,"key":"Dodecahedron"},{"floor":26,"key":"Molten Egg 2"}],"event_choices":[{"event_name":"Scrap Ooze","player_choice":"success","floor":2,"damage_taken":3},{"event_name":"Liars Game","player_choice":"agreed","floor":4,"damage_taken":0},{"event_name":"Shining Light","player_choice":"Entered Light","floor":14,"damage_taken":0},{"event_name":"The Library","player_choice":"Read","floor":19,"damage_taken":0},{"event_name":"Ghosts","player_choice":"Ignored","floor":21,"damage_taken":0}],"boss_relics":[{"not_picked":["Snecko Eye","Eternal Feather"],"picked":"Calling Bell"}],"items_purged_floors":[7],"potions_floor_spawned":[6,10,16,18,20,25],"seed_played":"2952858181087040873","killed_by":"Slavers","ascension_level":1,"potions_obtained":[{"floor":6,"key":"Energy Potion"},{"floor":10,"key":"Ancient Potion"},{"floor":16,"key":"Block Potion"},{"floor":18,"key":"SpeedPotion"},{"floor":20,"key":"FairyPotion"},{"floor":25,"key":"Regen Potion"}],"is_trial":false}