{"gold_per_floor":[111,130,130,305,380,409,409,439,439,469,469,489,489,509,509,639,639,623,636,354,354,184,220,243,287,310,323,339,359,373,373],"floor_reached":31,"playtime":6423,"items_purged":["Regret","Doubt"],"score":312,"play_id":"5ad728bc-25e6-4e7f-a6b9-76bfbbf92fd9","local_time":"20190214214852","is_ascension_mode":false,"campfire_choices":[{"floor":7.0,"key":"RECALL"},{"data":"Zap","floor":11.0,"key":"SMITH"},{"floor":15.0,"key":"REST"}],"neow_cost":"NONE","seed_source_timestamp":0,"circlet_count":0,"master_deck":["Strike_B+1","Strike_B+1","Strike_B+1","Strike_B+1","Defend_B+1","Defend_B+1","Defend_B+1","Defend_B+1","Zap+1","Dualcast","Turbo","Blizzard","Coolheaded","Self Repair","Cold Snap","Sweeping Beam","Creative AI","BootSequence+1","Recycle+1","Coolheaded+1","Chill+1","Turbo+1","Darkness+1"],"special_seed":0,"relics":["Cracked Core","NeowsBlessing","Bag of Preparation","Bronze Scales","Art of War","Toxic Egg 2","Pen Nib","Golden Idol","Inserter","PreservedInsect","Boot","Regal Pillow"],"potions_floor_usage":[31],"damage_taken":[{"damage":0.0,"enemies":"2 Louse","floor":1.0,"turns":1.0},{"damage":0.0,"enemies":"Small Slimes","floor":2.0,"turns":1.0},{"damage":0.0,"enemies":"Gremlin Nob","floor":6.0,"turns":1.0},{"damage":24.0,"enemies":"3 Sentries","floor":8.0,"turns":8.0},{"damage":4.0,"enemies":"Cultist","floor":12.0,"turns":3.0},{"damage":10.0,"enemies":"2 Fungi Beasts","floor":14.0,"turns":3.0},{"damage":31.0,"enemies":"Slime Boss","floor":16.0,"turns":10.0},{"damage":33.0,"enemies":"2 Thieves","floor":18.0,"turns":4.0},{"damage":24.0,"enemies":"Shell Parasite","floor":19.0,"turns":8.0},{"damage":5.0,"enemies":"Book of Stabbing","floor":23.0,"turns":6.0},{"damage":11.0,"enemies":"Snake Plant","floor":24.0,"turns":5.0},{"damage":3.0,"enemies":"Slavers","floor":25.0,"turns":5.0},{"damage":5.0,"enemies":"Chosen and Byrds","floor":27.0,"turns":7.0},{"damage":6.0,"enemies":"Cultist and Chosen","floor":28.0,"turns":7.0},{"damage":1.0,"enemies":"Snecko","floor":29.0,"turns":5.0},{"damage":13.0,"enemies":"3 Cultists","floor":30.0,"turns":5.0},{"damage":41,"enemies":"Gremlin Leader","floor":31,"turns":4}],"seed_played":"-148933938914580922","potions_obtained":[{"floor":12.0,"key":"Poison Potion"},{"floor":14.0,"key":"Block Potion"},{"floor":16.0,"key":"Energy Potion"},{"floor":18.0,"key":"FearPotion"},{"floor":19.0,"key":"EssenceOfSteel"},{"floor":24.0,"key":"Weak Potion"},{"floor":25.0,"key":"Weak Potion"},{"floor":27.0,"key":"Regen Potion"}],"is_trial":false,"path_per_floor":["M","M","?","?","?","E","R","E","T","?","R","M","?","M","R","B",null,"M","M","$","?","$","E","M","E","T","M","M","M","M","E"],"character_chosen":"DEFECT","items_purchased":["Coolheaded+1","PreservedInsect","Chill+1"],"campfire_rested":1,"item_purchase_floors":[20,20,22],"current_hp_per_floor":[75,75,75,75,64,64,64,40,40,40,40,43,25,22,44,20,75,49,32,32,32,32,34,30,27,27,29,45,51,38,0],"gold":373,"neow_bonus":"THREE_ENEMY_KILL","is_prod":false,"is_daily":false,"chose_seed":false,"campfire_upgraded":1,"win_rate":0,"timestamp":1550209732,"path_taken":["M","M","?","?","?","E","R","E","T","?","R","M","?","M","R","BOSS","M","M","$","?","$","E","M","E","T","M","M","M","M","E"],"build_version":"2019-01-23","purchased_purges":2,"victory":false,"max_hp_per_floor":[75,75,75,75,75,75,75,75,75,75,75,75,75,75,75,75,75,75,75,75,75,75,75,75,75,75,75,75,75,75,75],"card_choices":[{"not_picked":["Conserve Battery","Gash"],"picked":"Turbo","floor":1.0},{"not_picked":["Leap","Barrage"],"picked":"Blizzard","floor":2.0},{"not_picked":["Auto Shields","Scrape"],"picked":"Coolheaded","floor":6.0},{"not_picked":["Streamline","Hologram"],"picked":"Self Repair","floor":8.0},{"not_picked":["Compile Driver","Skim+1"],"picked":"Cold Snap","floor":12.0},{"not_picked":["Buffer","Aggregate+1"],"picked":"Sweeping Beam","floor":14.0},{"not_picked":["Electrodynamics","Thunder Strike"],"picked":"Creative AI","floor":16.0},{"not_picked":["Hologram+1","Barrage"],"picked":"BootSequence+1","floor":18.0},{"not_picked":["Defragment","Chill+1"],"picked":"Recycle+1","floor":19.0},{"not_picked":["Gash","Capacitor","Rebound"],"picked":"SKIP","floor":23.0},{"not_picked":["Rebound+1","Fusion+1"],"picked":"Turbo+1","floor":24.0},{"not_picked":["Barrage","Conserve Battery+1","Rip and Tear"],"picked":"SKIP","floor":25.0},{"not_picked":["Hologram+1","Stack+1","Turbo+1"],"picked":"SKIP","floor":27.0},{"not_picked":["Conserve Battery+1","Rebound"],"picked":"Darkness+1","floor":28.0},{"not_picked":["Leap+1","Coolheaded+1","Gash+1"],"picked":"SKIP","floor":29.0},{"not_picked":["Stack+1","Rip and Tear","Conserve Battery+1"],"picked":"SKIP","floor":30.0}],"player_experience":1129290,"relics_obtained":[{"floor":6.0,"key":"Bronze Scales"},{"floor":8.0,"key":"Art of War"},{"floor":9.0,"key":"Toxic Egg 2"},{"floor":23.0,"key":"Boot"},{"floor":25.0,"key":"Regal Pillow"}],"event_choices":[{"damage_healed":0.0,"max_hp_gain":0.0,"max_hp_loss":0.0,"gold_gain":0.0,"event_name":"Big Fish","player_choice":"Box","floor":3.0,"gold_loss":0.0,"damage_taken":0.0,"relics_obtained":["Bag of Preparation"],"cards_obtained":["Regret"]},{"damage_healed":0.0,"max_hp_gain":0.0,"max_hp_loss":0.0,"gold_gain":175.0,"event_name":"Liars Game","player_choice":"AGREE","floor":4.0,"gold_loss":0.0,"damage_taken":0.0,"cards_obtained":["Doubt"]},{"damage_healed":0.0,"max_hp_gain":0.0,"max_hp_loss":0.0,"gold_gain":75.0,"event_name":"World of Goop","player_choice":"Gather Gold","floor":5.0,"gold_loss":0.0,"damage_taken":11.0},{"damage_healed":0.0,"max_hp_gain":0.0,"max_hp_loss":0.0,"gold_gain":30.0,"event_name":"Dead Adventurer","player_choice":"Searched \u00272\u0027 times","floor":10.0,"gold_loss":0.0,"damage_taken":0.0,"relics_obtained":["Pen Nib"]},{"damage_healed":0.0,"max_hp_gain":0.0,"max_hp_loss":0.0,"gold_gain":0.0,"event_name":"Golden Idol","player_choice":"Take Damage","floor":13.0,"gold_loss":0.0,"damage_taken":18.0,"relics_obtained":["Golden Idol"]},{"damage_healed":0.0,"max_hp_gain":0.0,"max_hp_loss":0.0,"gold_gain":0.0,"event_name":"Back to Basics","player_choice":"Simplicity","floor":21.0,"gold_loss":0.0,"damage_taken":0.0,"cards_upgraded":["Strike_B","Strike_B","Strike_B","Strike_B","Defend_B","Defend_B","Defend_B","Defend_B"]}],"is_beta":false,"boss_relics":[{"not_picked":["Coffee Dripper","Fusion Hammer"],"picked":"Inserter"}],"items_purged_floors":[20,22],"is_endless":false,"potions_floor_spawned":[12,14,16,18,19,24,25,27],"killed_by":"Gremlin Leader","ascension_level":0}