{"gold_per_floor":[114,126,136,152,167,202,202,217,297,297,316,328,360,372,372,467,467,483,174,184,184,196,196,216,216,216,216,216,216,226,237,237,332,332,344,362,129,139,139,139],"floor_reached":40,"playtime":2835,"items_purged":["True Grit","Defend_R"],"score":476,"play_id":"eb0c419a-b454-43b1-a831-a5f6e31a082e","local_time":"20190322230054","is_ascension_mode":true,"campfire_choices":[{"data":"Pommel Strike","floor":7,"key":"SMITH"},{"floor":10,"key":"REST"},{"data":"Heavy Blade","floor":15,"key":"SMITH"},{"data":"Rampage","floor":23,"key":"SMITH"},{"data":"Double Tap","floor":25,"key":"SMITH"},{"data":"Inflame","floor":29,"key":"SMITH"},{"data":"Spot Weakness","floor":32,"key":"SMITH"}],"neow_cost":"NONE","seed_source_timestamp":75749283386096,"circlet_count":0,"master_deck":["Strike_R","Strike_R","Strike_R","Strike_R","Strike_R","Defend_R","Defend_R","Defend_R","Bash","Searing Blow","Pommel Strike+1","Metallicize","Cleave","Inflame+1","Spot Weakness+1","Shrug It Off","Heavy Blade+1","Sentinel","Second Wind","Cleave","Double Tap+1","Spot Weakness","Whirlwind+1","Ghostly","Ghostly","Ghostly","Ghostly","Ghostly","Rampage+1","Writhe","Twin Strike","Offering","Dropkick+1","Metamorphosis","Armaments+1","Writhe"],"relics":["Burning Blood","Pear","Matryoshka","Black Star","HandDrill","Mummified Hand","The Courier","Vajra","MutagenicStrength","Sozu"],"potions_floor_usage":[5,13,16,16,18,24,33,33],"damage_taken":[{"damage":5,"enemies":"Cultist","floor":1,"turns":4},{"damage":0,"enemies":"Small Slimes","floor":2,"turns":3},{"damage":6,"enemies":"2 Louse","floor":3,"turns":4},{"damage":0,"enemies":"Large Slime","floor":4,"turns":6},{"damage":7,"enemies":"Looter","floor":5,"turns":2},{"damage":36,"enemies":"Lagavulin","floor":6,"turns":5},{"damage":10,"enemies":"Red Slaver","floor":8,"turns":4},{"damage":8,"enemies":"3 Louse","floor":11,"turns":4},{"damage":11,"enemies":"Gremlin Gang","floor":12,"turns":5},{"damage":14,"enemies":"3 Sentries","floor":13,"turns":4},{"damage":12,"enemies":"Exordium Thugs","floor":14,"turns":4},{"damage":21,"enemies":"Slime Boss","floor":16,"turns":11},{"damage":13,"enemies":"Chosen","floor":18,"turns":5},{"damage":43,"enemies":"Spheric Guardian","floor":20,"turns":6},{"damage":21,"enemies":"Centurion and Healer","floor":22,"turns":4},{"damage":14,"enemies":"Snake Plant","floor":24,"turns":5},{"damage":0,"enemies":"3 Cultists","floor":30,"turns":4},{"damage":0,"enemies":"Snecko","floor":31,"turns":5},{"damage":57,"enemies":"Champ","floor":33,"turns":10},{"damage":24,"enemies":"3 Darklings","floor":35,"turns":4},{"damage":1,"enemies":"Orb Walker","floor":36,"turns":3},{"damage":24,"enemies":"Sphere and 2 Shapes","floor":38,"turns":3},{"damage":26,"enemies":"Giant Head","floor":40,"turns":5}],"seed_played":"8323315214476410481","potions_obtained":[{"floor":2,"key":"AttackPotion"},{"floor":6,"key":"SteroidPotion"},{"floor":8,"key":"Poison Potion"},{"floor":11,"key":"Ancient Potion"},{"floor":14,"key":"FearPotion"},{"floor":20,"key":"Dexterity Potion"},{"floor":24,"key":"SkillPotion"},{"floor":30,"key":"FairyPotion"},{"floor":31,"key":"Ancient Potion"}],"is_trial":false,"path_per_floor":["?","?","?","?"],"character_chosen":"IRONCLAD","items_purchased":["Spot Weakness","HandDrill","Metamorphosis"],"campfire_rested":1,"item_purchase_floors":[19,19,37],"current_hp_per_floor":[80,80,80,80,79,59,59,55,55,82,80,75,67,61,61,46,90,83,83,46,45,30,30,22,22,22,22,22,22,28,34,34,10,45,27,32,32,14,25,0],"gold":139,"neow_bonus":"THREE_CARDS","is_prod":false,"is_daily":false,"chose_seed":false,"campfire_upgraded":6,"win_rate":0,"timestamp":1553270454,"path_taken":["M","M","M","M","M","E","R","M","T","R","M","M","E","M","R","BOSS","M","$","M","?","M","R","M","R","T","?","?","R","M","M","R","BOSS","M","M","$","M","?","E"],"build_version":"2019-01-23","purchased_purges":2,"victory":false,"max_hp_per_floor":[80,80,80,80,80,90,90,90,90,90,90,90,90,90,90,90,90,90,90,90,45,45,45,45,45,45,45,45,45,45,45,45,45,45,45,45,45,45,45,45],"card_choices":[{"not_picked":["Warcry","Body Slam"],"picked":"Searing Blow","floor":0},{"not_picked":["Havoc","Twin Strike"],"picked":"Pommel Strike","floor":1},{"not_picked":["Body Slam","Headbutt"],"picked":"Metallicize","floor":2},{"not_picked":["Blood for Blood","Searing Blow"],"picked":"Cleave","floor":3},{"not_picked":["Sever Soul","Pommel Strike"],"picked":"Inflame","floor":4},{"not_picked":["Cleave","Havoc"],"picked":"Spot Weakness","floor":5},{"not_picked":["Inflame","Iron Wave"],"picked":"Shrug It Off","floor":6},{"not_picked":["Rupture","Headbutt"],"picked":"Heavy Blade","floor":8},{"not_picked":["Sentinel","Anger"],"picked":"True Grit","floor":11},{"not_picked":["Flex","Shrug It Off"],"picked":"Sentinel","floor":12},{"not_picked":["Clothesline","Hemokinesis"],"picked":"Second Wind","floor":13},{"not_picked":["Shrug It Off","Iron Wave"],"picked":"Cleave","floor":14},{"not_picked":["Barricade","Fiend Fire"],"picked":"Double Tap","floor":16},{"not_picked":["Pummel","Clash","Body Slam"],"picked":"SKIP","floor":18},{"not_picked":["Metallicize","Heavy Blade"],"picked":"Whirlwind+1","floor":20},{"not_picked":["Shrug It Off","Havoc"],"picked":"Rampage","floor":22},{"not_picked":["True Grit","Wild Strike","Hemokinesis"],"picked":"SKIP","floor":24},{"not_picked":["Perfected Strike","Thunderclap","Iron Wave"],"picked":"SKIP","floor":30},{"not_picked":["Shockwave","Sentinel"],"picked":"Twin Strike","floor":31},{"not_picked":["Double Tap","Fiend Fire"],"picked":"Offering","floor":33},{"not_picked":["Evolve+1","Flex+1"],"picked":"Dropkick+1","floor":35},{"not_picked":["Power Through+1","Combust","Body Slam"],"picked":"SKIP","floor":36},{"not_picked":["Warcry","Wild Strike"],"picked":"Armaments+1","floor":38}],"player_experience":99513,"relics_obtained":[{"floor":6,"key":"Pear"},{"floor":13,"key":"Matryoshka"},{"floor":26,"key":"Mummified Hand"},{"floor":26,"key":"The Courier"}],"event_choices":[{"damage_healed":0,"gold_gain":0,"player_choice":"Became a Ghost","damage_taken":0,"max_hp_gain":0,"max_hp_loss":45,"event_name":"Ghosts","floor":21,"gold_loss":0,"cards_obtained":["Ghostly","Ghostly","Ghostly","Ghostly","Ghostly"]},{"damage_healed":0,"gold_gain":0,"player_choice":"Opened","damage_taken":0,"relics_obtained":["Vajra"],"max_hp_gain":0,"max_hp_loss":0,"event_name":"The Mausoleum","floor":27,"gold_loss":0,"cards_obtained":["Writhe"]},{"damage_healed":0,"gold_gain":0,"player_choice":"Inject Mutagens","damage_taken":0,"relics_obtained":["MutagenicStrength"],"max_hp_gain":0,"max_hp_loss":0,"event_name":"Drug Dealer","floor":28,"gold_loss":0},{"damage_healed":11,"gold_gain":0,"player_choice":"Writhe","damage_taken":0,"max_hp_gain":0,"max_hp_loss":0,"event_name":"Winding Halls","floor":39,"gold_loss":0,"cards_obtained":["Writhe"]}],"is_beta":false,"boss_relics":[{"not_picked":["Velvet Choker","Runic Pyramid"],"picked":"Black Star"},{"not_picked":["Orrery","Calling Bell"],"picked":"Sozu"}],"items_purged_floors":[19,37],"is_endless":false,"potions_floor_spawned":[2,6,8,11,12,14,20,24,30,31,35],"killed_by":"Giant Head","ascension_level":1}