{"gold_per_floor":[218,231,101,101,117,117,143,101,101,134,150,150],"floor_reached":12,"playtime":513,"items_purged":[],"score":154,"play_id":"f8b4c2be-9ca6-40b9-a55e-bc280dd50acb","local_time":"20190427041445","is_ascension_mode":true,"campfire_choices":[{"data":"Infinite Blades","floor":6,"key":"SMITH"}],"neow_cost":"NONE","seed_source_timestamp":46491514574568,"circlet_count":0,"master_deck":["AscendersBane","Defend_G","Defend_G","Defend_G","Defend_G","Defend_G","Strike_G","Strike_G","Strike_G","Strike_G","Strike_G","Survivor","Neutralize","Finisher","Noxious Fumes","Quick Slash","Infinite Blades+1","Footwork","Finisher","Footwork"],"relics":["Ring of the Snake","Unceasing Top","Kunai","Shovel"],"potions_floor_usage":[2,7,12],"damage_taken":[{"damage":2,"enemies":"Small Slimes","floor":1,"turns":4},{"damage":8,"enemies":"Jaw Worm","floor":2,"turns":8},{"damage":1,"enemies":"Cultist","floor":5,"turns":3},{"damage":17,"enemies":"Gremlin Nob","floor":7,"turns":4},{"damage":1,"enemies":"Lagavulin","floor":10,"turns":6},{"damage":6,"enemies":"Large Slime","floor":11,"turns":7},{"damage":25,"enemies":"3 Sentries","floor":12,"turns":8}],"seed_played":"-6438439092802554726","potions_obtained":[{"floor":1,"key":"GamblersBrew"},{"floor":5,"key":"GhostInAJar"},{"floor":11,"key":"GamblersBrew"}],"is_trial":false,"path_per_floor":["M","M","$","?","M","R","E","?","T","E","M","E"],"character_chosen":"THE_SILENT","items_purchased":["Quick Slash","Infinite Blades"],"campfire_rested":0,"item_purchase_floors":[3,3],"current_hp_per_floor":[57,49,49,49,48,48,31,31,31,30,24,0],"gold":150,"neow_bonus":"HUNDRED_GOLD","is_prod":false,"is_daily":false,"chose_seed":false,"campfire_upgraded":1,"win_rate":0,"timestamp":1556349285,"path_taken":["M","M","$","?","M","R","E","?","T","E","M","E"],"build_version":"2019-01-23","purchased_purges":0,"victory":false,"max_hp_per_floor":[66,66,66,66,66,66,66,66,66,66,66,66],"card_choices":[{"not_picked":["Prepared","Concentrate"],"picked":"Finisher","floor":1},{"not_picked":["Flechettes","Finisher"],"picked":"Noxious Fumes","floor":2},{"not_picked":["Dagger Spray","Flying Knee"],"picked":"Footwork","floor":5},{"not_picked":["Blur","Flechettes"],"picked":"Finisher","floor":7},{"not_picked":["Slice","Acrobatics"],"picked":"Footwork","floor":10},{"not_picked":["Dagger Throw","Choke","Riddle With Holes"],"picked":"SKIP","floor":11}],"player_experience":769648,"relics_obtained":[{"floor":7,"key":"Unceasing Top"},{"floor":9,"key":"Kunai"},{"floor":10,"key":"Shovel"}],"event_choices":[{"damage_healed":0,"gold_gain":0,"player_choice":"Ignored","damage_taken":0,"max_hp_gain":0,"max_hp_loss":0,"event_name":"Shining Light","floor":4,"gold_loss":0},{"damage_healed":0,"gold_gain":0,"player_choice":"Left Gold","damage_taken":0,"max_hp_gain":0,"max_hp_loss":0,"event_name":"World of Goop","floor":8,"gold_loss":42}],"is_beta":false,"boss_relics":[],"items_purged_floors":[],"is_endless":false,"potions_floor_spawned":[1,5,11],"killed_by":"3 Sentries","ascension_level":15}