{"gold_per_floor":[119,119,0,10,10,36,52,52,52,52,77,87,87,114,114,214,214,233,249,174,174,187,187,102,102,128,4,24,56,56,156,156,251,251,269,279,330,630,647,647,667,667,721,755,755,755,554,573,573,573,573,573,13,48,48],"floor_reached":55,"playtime":6451,"items_purged":["Writhe","Strike_G","Parasite"],"score":831,"play_id":"d9a573da-57b4-433a-81db-bd2fb1c19c3a","local_time":"20190316161333","is_ascension_mode":false,"campfire_choices":[{"data":"Footwork","floor":10.0,"key":"SMITH"},{"data":"Cloak And Dagger","floor":15.0,"key":"SMITH"},{"data":"Neutralize","floor":23.0,"key":"SMITH"},{"data":"Deflect","floor":25.0,"key":"SMITH"},{"data":"Infinite Blades","floor":30.0,"key":"SMITH"},{"data":"Survivor","floor":32.0,"key":"SMITH"},{"floor":40,"key":"RECALL"},{"floor":42,"key":"REST"},{"data":"Defend_G","floor":45,"key":"SMITH"},{"data":"Accuracy","floor":49,"key":"SMITH"},{"data":"Defend_G","floor":52,"key":"SMITH"}],"neow_cost":"NONE","seed_source_timestamp":0,"circlet_count":0,"master_deck":["Defend_G","Defend_G","Defend_G","Defend_G+1","Defend_G+1","Strike_G","Strike_G","Survivor+1","Neutralize+1","Cloak And Dagger+1","Footwork+1","Deflect+1","Acrobatics+1","PiercingWail+1","Deflect+1","Dodge and Roll+1","Deflect+1","Leg Sweep+1","Adrenaline+1","Bouncing Flask+1","Sucker Punch+1","Leg Sweep+1","Flying Knee+1","Acrobatics+1","Infinite Blades+1","Dash+1","Night Terror+1","Escape Plan+1","Backflip+1","Flying Knee+1","Footwork+1","Dagger Spray+1","Burst+1","Blur+1","Accuracy+1","Flying Knee+1","Leg Sweep+1","PiercingWail+1","Well Laid Plans","Caltrops","Caltrops","Leg Sweep+1","Backflip+1","Sucker Punch+1"],"special_seed":0,"relics":["Ring of the Snake","NeowsBlessing","Toxic Egg 2","Regal Pillow","Molten Egg 2","Paper Crane","Bird Faced Urn","Vajra","Cursed Key","Ancient Tea Set","The Courier","The Specimen","Bottled Lightning","Eternal Feather","FossilizedHelix","Bag of Preparation","Bag of Marbles","Art of War","Du-Vu Doll"],"potions_floor_usage":[],"damage_taken":[{"damage":0.0,"enemies":"Small Slimes","floor":1.0,"turns":1.0},{"damage":0.0,"enemies":"Jaw Worm","floor":4.0,"turns":1.0},{"damage":0.0,"enemies":"Lagavulin","floor":6.0,"turns":1.0},{"damage":0.0,"enemies":"2 Louse","floor":7.0,"turns":3.0},{"damage":24.0,"enemies":"Gremlin Nob","floor":11.0,"turns":7.0},{"damage":6.0,"enemies":"Red Slaver","floor":12.0,"turns":4.0},{"damage":7.0,"enemies":"3 Sentries","floor":14.0,"turns":17.0},{"damage":9.0,"enemies":"Slime Boss","floor":16.0,"turns":19.0},{"damage":6.0,"enemies":"3 Byrds","floor":18.0,"turns":12.0},{"damage":0.0,"enemies":"Shell Parasite","floor":19.0,"turns":5.0},{"damage":0.0,"enemies":"3 Cultists","floor":22.0,"turns":7.0},{"damage":0.0,"enemies":"Centurion and Healer","floor":28.0,"turns":12.0},{"damage":2.0,"enemies":"Book of Stabbing","floor":29.0,"turns":8.0},{"damage":0.0,"enemies":"Colosseum Slavers","floor":31.0,"turns":5.0},{"damage":1.0,"enemies":"Colosseum Nobs","floor":31.0,"turns":6.0},{"damage":2.0,"enemies":"Collector","floor":33.0,"turns":16.0},{"damage":4,"enemies":"Orb Walker","floor":35,"turns":5},{"damage":16,"enemies":"3 Darklings","floor":36,"turns":7},{"damage":27,"enemies":"2 Orb Walkers","floor":37,"turns":7},{"damage":9,"enemies":"Transient","floor":39,"turns":5},{"damage":18,"enemies":"Sphere and 2 Shapes","floor":41,"turns":7},{"damage":0,"enemies":"Giant Head","floor":44,"turns":10},{"damage":0,"enemies":"Maw","floor":48,"turns":10},{"damage":13,"enemies":"Donu and Deca","floor":50,"turns":12},{"damage":0,"enemies":"Shield and Spear","floor":54,"turns":17},{"damage":2,"enemies":"The Heart","floor":55,"turns":2}],"seed_played":"-1451126122338882501","potions_obtained":[{"floor":4.0,"key":"Explosive Potion"},{"floor":7.0,"key":"EssenceOfSteel"},{"floor":12.0,"key":"SpeedPotion"},{"floor":14.0,"key":"PowerPotion"},{"floor":16.0,"key":"LiquidBronze"},{"floor":19.0,"key":"Strength Potion"},{"floor":28.0,"key":"Regen Potion"},{"floor":29.0,"key":"Dexterity Potion"},{"floor":33.0,"key":"AttackPotion"}],"is_trial":false,"path_per_floor":["M","?","$","M","?","E","M","T","T","R","E","M","?","E","R","B",null,"M","M","?","?","M","R","?","R","T","$","M","E","R","?","R","B",null,"M","M","?","?","M","R","M","R","T","E","R","?","$","M","R","B",null,"R","$","E","B"],"character_chosen":"THE_SILENT","items_purchased":["Footwork","SkillPotion","Flying Knee+1","Blur+1","Accuracy","Flying Knee+1","PiercingWail+1","Well Laid Plans","Caltrops","Caltrops","Leg Sweep+1","Backflip+1","Art of War"],"campfire_rested":1,"item_purchase_floors":[3,3,27,47,47,47,53,53,53,53,53,53,53],"current_hp_per_floor":[70,70,70,70,67,67,67,67,67,67,43,39,39,34,34,29,70,64,66,66,53,55,55,55,55,55,55,57,57,57,64,64,66,75,71,59,36,36,31,49,37,75,75,75,75,75,75,75,75,68,75,75,72,72,72],"gold":48,"neow_bonus":"THREE_ENEMY_KILL","is_prod":false,"is_daily":false,"chose_seed":false,"campfire_upgraded":9,"win_rate":0,"timestamp":1552763613,"path_taken":["M","?","$","M","?","E","M","?","T","R","E","M","?","E","R","BOSS","M","M","?","?","M","R","?","R","T","$","M","E","R","?","R","BOSS","M","M","?","?","M","R","?","R","T","E","R","?","$","M","R","BOSS","R","$","E","BOSS"],"build_version":"2019-01-23","purchased_purges":3,"victory":false,"max_hp_per_floor":[70,70,70,70,70,70,70,70,70,70,70,70,70,70,70,70,70,70,70,70,75,75,75,75,75,75,75,75,75,75,75,75,75,75,75,75,75,75,75,75,75,75,75,75,75,75,75,75,75,75,75,75,72,72,72],"card_choices":[{"not_picked":["Dagger Throw","Poisoned Stab"],"picked":"Cloak And Dagger","floor":1.0},{"not_picked":["Poisoned Stab","All Out Attack"],"picked":"Deflect","floor":4.0},{"not_picked":["Infinite Blades","Prepared+1"],"picked":"Acrobatics+1","floor":6.0},{"not_picked":["Dash","Flying Knee"],"picked":"PiercingWail+1","floor":7.0},{"not_picked":["Masterful Stab+1","Catalyst+1"],"picked":"Deflect+1","floor":11.0},{"not_picked":["PiercingWail+1","Outmaneuver+1"],"picked":"Dodge and Roll+1","floor":12.0},{"not_picked":["Underhanded Strike+1","Cloak And Dagger+1"],"picked":"Leg Sweep+1","floor":14.0},{"not_picked":["Grand Finale+1","Venomology+1"],"picked":"Adrenaline+1","floor":16.0},{"not_picked":["Setup+1","Choke+1"],"picked":"Bouncing Flask+1","floor":18.0},{"not_picked":["PiercingWail+1","Backflip+1"],"picked":"Sucker Punch+1","floor":19.0},{"not_picked":["Finisher+1","Escape Plan+1"],"picked":"Leg Sweep+1","floor":22.0},{"not_picked":["Slice+1","Dagger Throw+1"],"picked":"Acrobatics+1","floor":28.0},{"not_picked":["Deflect+1","Dagger Throw+1"],"picked":"Infinite Blades","floor":29.0},{"not_picked":["Finisher+1","Doppelganger+1"],"picked":"Dash+1","floor":31.0},{"not_picked":["Doppelganger+1","Venomology+1"],"picked":"Night Terror+1","floor":33.0},{"not_picked":["Outmaneuver+1","Prepared+1"],"picked":"Escape Plan+1","floor":35},{"not_picked":["All Out Attack+1","Slice+1"],"picked":"Backflip+1","floor":36},{"not_picked":["Dagger Spray+1","Finisher+1"],"picked":"Flying Knee+1","floor":37},{"not_picked":["Underhanded Strike+1","Sucker Punch+1"],"picked":"Footwork+1","floor":39},{"not_picked":["Outmaneuver+1","Reflex+1"],"picked":"Dagger Spray+1","floor":41},{"not_picked":["Acrobatics+1","Quick Slash+1"],"picked":"Burst+1","floor":44},{"not_picked":["Heel Hook+1","Reflex+1"],"picked":"Leg Sweep+1","floor":48},{"not_picked":["Infinite Blades+1","Backstab+1"],"picked":"Sucker Punch+1","floor":54}],"player_experience":335770,"relics_obtained":[{"floor":6.0,"key":"Regal Pillow"},{"floor":8.0,"key":"Molten Egg 2"},{"floor":9.0,"key":"Paper Crane"},{"floor":11.0,"key":"Bird Faced Urn"},{"floor":14.0,"key":"Vajra"},{"floor":29.0,"key":"The Courier"},{"floor":31.0,"key":"The Specimen"},{"floor":31.0,"key":"Bottled Lightning"},{"floor":37,"key":"FossilizedHelix"},{"floor":43,"key":"Bag of Preparation"},{"floor":44,"key":"Bag of Marbles"},{"floor":54,"key":"Du-Vu Doll"}],"event_choices":[{"damage_healed":0.0,"max_hp_gain":0.0,"max_hp_loss":0.0,"gold_gain":0.0,"event_name":"Shining Light","player_choice":"Ignored","floor":2.0,"gold_loss":0.0,"damage_taken":0.0},{"damage_healed":0.0,"max_hp_gain":0.0,"max_hp_loss":0.0,"gold_gain":0.0,"event_name":"Scrap Ooze","player_choice":"Success","floor":5.0,"gold_loss":0.0,"damage_taken":3.0,"relics_obtained":["Toxic Egg 2"]},{"damage_healed":0.0,"max_hp_gain":0.0,"max_hp_loss":0.0,"gold_gain":0.0,"event_name":"Match and Keep!","player_choice":"1 cards matched","floor":13.0,"gold_loss":0.0,"damage_taken":0.0,"cards_obtained":["Deflect"]},{"cards_removed":["Strike_G"],"damage_healed":0.0,"max_hp_gain":0.0,"max_hp_loss":0.0,"gold_gain":0.0,"event_name":"Beggar","player_choice":"Gave Gold","floor":20.0,"gold_loss":75.0,"damage_taken":0.0},{"damage_healed":0.0,"max_hp_gain":5.0,"max_hp_loss":0.0,"gold_gain":0.0,"event_name":"Forgotten Altar","player_choice":"Shed Blood","floor":21.0,"gold_loss":0.0,"damage_taken":18.0},{"damage_healed":0.0,"max_hp_gain":0.0,"max_hp_loss":0.0,"gold_gain":0.0,"event_name":"Addict","player_choice":"Obtained Relic","floor":24.0,"gold_loss":85.0,"damage_taken":0.0,"relics_obtained":["Ancient Tea Set"]},{"damage_healed":0.0,"max_hp_gain":0.0,"max_hp_loss":0.0,"gold_gain":0.0,"event_name":"Colosseum","player_choice":"Fight","floor":31.0,"gold_loss":0.0,"damage_taken":0.0},{"damage_healed":0.0,"max_hp_gain":0.0,"max_hp_loss":0.0,"gold_gain":0.0,"event_name":"Colosseum","player_choice":"Fought Nobs","floor":31.0,"gold_loss":0.0,"damage_taken":0.0},{"damage_healed":0,"gold_gain":0,"player_choice":"Fight","damage_taken":0,"max_hp_gain":0,"max_hp_loss":0,"event_name":"Mysterious Sphere","floor":37,"gold_loss":0},{"damage_healed":0,"gold_gain":300,"player_choice":"Gold","damage_taken":0,"max_hp_gain":0,"max_hp_loss":0,"event_name":"Wheel of Change","floor":38,"gold_loss":0},{"cards_removed":["Strike_G"],"damage_healed":0,"gold_gain":0,"player_choice":"Removed Attack","damage_taken":0,"max_hp_gain":0,"max_hp_loss":0,"event_name":"Falling","floor":46,"gold_loss":0}],"is_beta":false,"boss_relics":[{"not_picked":["Runic Dome","Fusion Hammer"],"picked":"Cursed Key"},{"not_picked":["Snecko Eye","Calling Bell"],"picked":"Eternal Feather"}],"items_purged_floors":[27,47,53],"is_endless":false,"potions_floor_spawned":[4,7,12,14,16,19,28,29,31,33,37,44],"killed_by":"The Heart","ascension_level":0}