{"gold_per_floor":[218,393,412,430,80,113,131,144,144,144,158,158,174,189,189,189],"floor_reached":16,"playtime":1717,"items_purged":["Strike_B"],"score":106,"play_id":"5a9cc05f-9560-4bf7-84f1-3221f36b092d","local_time":"20190129222804","is_ascension_mode":false,"campfire_choices":[{"floor":10,"key":"REST"},{"floor":15,"key":"REST"}],"neow_cost":"NONE","seed_source_timestamp":2995073961785,"circlet_count":0,"master_deck":["Strike_B","Strike_B","Strike_B","Defend_B","Defend_B","Defend_B","Defend_B","Zap","Dualcast","Undo","Doubt","Conserve Battery","Chill+1","Storm","Panache+1","Electrodynamics","Conserve Battery","Glacier"],"special_seed":0,"relics":["Cracked Core","Boot","Singing Bowl"],"potions_floor_usage":[14],"damage_taken":[{"damage":0.0,"enemies":"Small Slimes","floor":1.0,"turns":3.0},{"damage":6.0,"enemies":"2 Louse","floor":3.0,"turns":3.0},{"damage":0.0,"enemies":"Cultist","floor":4.0,"turns":4.0},{"damage":64.0,"enemies":"Gremlin Nob","floor":6.0,"turns":6.0},{"damage":0,"enemies":"2 Fungi Beasts","floor":7,"turns":3},{"damage":0,"enemies":"3 Louse","floor":8,"turns":3},{"damage":3,"enemies":"Looter","floor":11,"turns":3},{"damage":0,"enemies":"Red Slaver","floor":13,"turns":4},{"damage":0,"enemies":"Gremlin Gang","floor":14,"turns":3},{"damage":37,"enemies":"Slime Boss","floor":16,"turns":9}],"seed_played":"8672482526737725012","potions_obtained":[{"floor":1.0,"key":"SteroidPotion"},{"floor":4.0,"key":"Poison Potion"},{"floor":7,"key":"FearPotion"},{"floor":13,"key":"Fire Potion"}],"is_trial":false,"path_per_floor":["M","?","M","M","$","E","M","M","T","R","M","?","M","M","R","B"],"character_chosen":"DEFECT","items_purchased":["Storm","Panache"],"campfire_rested":2,"item_purchase_floors":[5,5],"current_hp_per_floor":[75,75,69,69,69,5,5,5,5,27,26,11,13,13,36,0],"gold":189,"neow_bonus":"HUNDRED_GOLD","is_prod":false,"is_daily":false,"chose_seed":false,"campfire_upgraded":0,"win_rate":0,"timestamp":1548829684,"path_taken":["M","?","M","M","$","E","M","M","T","R","M","?","M","M","R","BOSS"],"build_version":"2019-01-23","purchased_purges":1,"victory":false,"max_hp_per_floor":[75,75,75,75,75,75,75,75,75,75,77,77,79,79,79,79],"card_choices":[{"not_picked":["Chill","White Noise"],"picked":"Undo","floor":1.0},{"not_picked":["Doom and Gloom","Barrage"],"picked":"Conserve Battery","floor":3.0},{"not_picked":["Gash","Tempest"],"picked":"Chill","floor":4.0},{"not_picked":["Storm","Cold Snap"],"picked":"Electrodynamics","floor":6},{"not_picked":["Turbo","Rebound","Ball Lightning"],"picked":"SKIP","floor":7},{"not_picked":["Leap","Hyperbeam"],"picked":"Conserve Battery","floor":8},{"not_picked":["Barrage","Undo","Sweeping Beam"],"picked":"Singing Bowl","floor":11},{"not_picked":["Cold Snap","Consume","Rebound"],"picked":"Singing Bowl","floor":13},{"not_picked":["Machine Learning","Genetic Algorithm"],"picked":"Glacier","floor":14}],"player_experience":1111325,"relics_obtained":[{"floor":6,"key":"Boot"},{"floor":9,"key":"Singing Bowl"}],"event_choices":[{"damage_healed":0.0,"max_hp_gain":0.0,"max_hp_loss":0.0,"gold_gain":175.0,"event_name":"Liars Game","player_choice":"AGREE","floor":2.0,"gold_loss":0.0,"damage_taken":0.0,"cards_obtained":["Doubt"]},{"damage_healed":0,"gold_gain":0,"player_choice":"Entered Light","damage_taken":15,"max_hp_gain":0,"max_hp_loss":0,"event_name":"Shining Light","floor":12,"gold_loss":0,"cards_upgraded":["Panache","Chill"]}],"is_beta":false,"boss_relics":[],"items_purged_floors":[5],"is_endless":false,"potions_floor_spawned":[1,4,7,13],"killed_by":"Slime Boss","ascension_level":0}