{"gold_per_floor":[113,93,105,125,139,139,168,168,193,224,244,262,262,3,3,104,104,114,39,39,39,39,71,71,100,100,100,132,144,144,156,156,156],"floor_reached":33,"playtime":2438,"items_purged":["Defend_G"],"score":329,"play_id":"6da6ac21-04bc-4010-9744-4d5abacec81a","local_time":"20190326221743","is_ascension_mode":true,"campfire_choices":[{"data":"A Thousand Cuts","floor":6,"key":"SMITH"},{"data":"Corpse Explosion","floor":8,"key":"SMITH"},{"data":"Setup","floor":13,"key":"SMITH"},{"floor":15,"key":"REST"},{"data":"Glass Knife","floor":24,"key":"SMITH"},{"floor":27,"key":"REST"},{"floor":30,"key":"REST"},{"data":"Strike_G","floor":32,"key":"PURGE"}],"neow_cost":"NONE","seed_source_timestamp":18308484343111,"circlet_count":0,"master_deck":["Defend_G","Defend_G","Defend_G","Defend_G","Strike_G","Strike_G","Strike_G","Strike_G","Survivor","Neutralize","Corpse Explosion+1","Dodge and Roll","Deflect","A Thousand Cuts+1","Blade Dance","Poisoned Stab","Setup+1","Footwork","Bullet Time","Glass Knife+1","Prepared+1","Poisoned Stab"],"relics":["Ring of the Snake","Vajra","Boot","Centennial Puzzle","Bottled Lightning","Busted Crown","Enchiridion","Ninja Scroll","Bronze Scales","Nunchaku","Peace Pipe"],"potions_floor_usage":[7,7,28,28,28],"damage_taken":[{"damage":2,"enemies":"Jaw Worm","floor":1,"turns":4},{"damage":1,"enemies":"Cultist","floor":3,"turns":4},{"damage":0,"enemies":"2 Louse","floor":4,"turns":4},{"damage":2,"enemies":"Exordium Wildlife","floor":5,"turns":5},{"damage":35,"enemies":"3 Sentries","floor":7,"turns":5},{"damage":13,"enemies":"Lagavulin","floor":10,"turns":5},{"damage":5,"enemies":"2 Fungi Beasts","floor":11,"turns":2},{"damage":3,"enemies":"Looter","floor":12,"turns":3},{"damage":13,"enemies":"Slime Boss","floor":16,"turns":8},{"damage":1,"enemies":"Spheric Guardian","floor":18,"turns":4},{"damage":23,"enemies":"Slavers","floor":23,"turns":3},{"damage":20,"enemies":"Gremlin Leader","floor":25,"turns":5},{"damage":1,"enemies":"Book of Stabbing","floor":28,"turns":4},{"damage":7,"enemies":"Shell Parasite","floor":29,"turns":2},{"damage":0,"enemies":"Cultist and Chosen","floor":31,"turns":3},{"damage":56,"enemies":"Automaton","floor":33,"turns":6}],"seed_played":"1413206526860498976","potions_obtained":[{"floor":2,"key":"SkillPotion"},{"floor":4,"key":"Regen Potion"},{"floor":11,"key":"GamblersBrew"},{"floor":18,"key":"Swift Potion"},{"floor":28,"key":"Fruit Juice"},{"floor":31,"key":"Ancient Potion"}],"is_trial":false,"path_per_floor":["?","M","$","?","?","$"],"character_chosen":"THE_SILENT","items_purchased":["Bottled Lightning"],"campfire_rested":3,"item_purchase_floors":[14],"current_hp_per_floor":[68,68,67,67,65,65,42,42,42,29,24,21,21,21,42,29,70,69,69,53,53,53,30,30,10,10,31,35,28,50,50,50,0],"gold":156,"neow_bonus":"ONE_RANDOM_RARE_CARD","is_prod":false,"is_daily":false,"chose_seed":false,"campfire_upgraded":4,"win_rate":0,"timestamp":1553613463,"path_taken":["M","?","M","M","?","R","E","R","T","E","M","M","R","?","R","BOSS","M","$","?","?","?","E","R","E","T","R","E","M","R","M","R","BOSS"],"build_version":"2019-01-23","purchased_purges":1,"victory":false,"max_hp_per_floor":[70,70,70,70,70,70,70,70,70,70,70,70,70,70,70,70,70,70,70,70,70,70,70,70,70,70,70,75,75,75,75,75,75],"card_choices":[{"not_picked":["Blade Dance","Outmaneuver"],"picked":"Dodge and Roll","floor":1},{"not_picked":["Outmaneuver","Backflip"],"picked":"Deflect","floor":3},{"not_picked":["Flying Knee","Terror"],"picked":"A Thousand Cuts","floor":4},{"not_picked":["PiercingWail","Cloak And Dagger"],"picked":"Blade Dance","floor":5},{"not_picked":["Terror","Calculated Gamble"],"picked":"Poisoned Stab","floor":7},{"not_picked":["Endless Agony","Die Die Die"],"picked":"Setup","floor":10},{"not_picked":["Backstab","Caltrops"],"picked":"Footwork","floor":11},{"not_picked":["Accuracy","Bane","Underhanded Strike"],"picked":"SKIP","floor":12},{"not_picked":["A Thousand Cuts","Envenom"],"picked":"Bullet Time","floor":16},{"not_picked":["All Out Attack"],"picked":"SKIP","floor":18},{"not_picked":[],"picked":"Glass Knife","floor":23},{"not_picked":["Caltrops"],"picked":"SKIP","floor":25},{"not_picked":["Outmaneuver"],"picked":"SKIP","floor":28},{"not_picked":[],"picked":"Prepared+1","floor":29},{"not_picked":[],"picked":"Poisoned Stab","floor":31}],"player_experience":128852,"relics_obtained":[{"floor":7,"key":"Vajra"},{"floor":9,"key":"Boot"},{"floor":10,"key":"Centennial Puzzle"},{"floor":20,"key":"Enchiridion"},{"floor":23,"key":"Ninja Scroll"},{"floor":25,"key":"Bronze Scales"},{"floor":26,"key":"Nunchaku"},{"floor":28,"key":"Peace Pipe"}],"event_choices":[{"damage_healed":0,"gold_gain":0,"player_choice":"Bought 1 Potion","damage_taken":0,"max_hp_gain":0,"max_hp_loss":0,"event_name":"The Woman in Blue","floor":2,"gold_loss":0},{"damage_healed":0,"gold_gain":0,"player_choice":"Obtained Book","damage_taken":16,"max_hp_gain":0,"max_hp_loss":0,"event_name":"Cursed Tome","floor":20,"gold_loss":0},{"damage_healed":0,"gold_gain":0,"player_choice":"Ignored","damage_taken":0,"max_hp_gain":0,"max_hp_loss":0,"event_name":"Ghosts","floor":21,"gold_loss":0}],"is_beta":false,"boss_relics":[{"not_picked":["HoveringKite","Calling Bell"],"picked":"Busted Crown"}],"items_purged_floors":[19],"is_endless":false,"potions_floor_spawned":[4,11,18,28,31],"killed_by":"Automaton","ascension_level":1}