{"gold_per_floor":[114,126,126,142,157,157,173,188,188,113,113,144,161,161,161,258,258,275,275,294,304,304,304,336,336],"floor_reached":25,"playtime":745,"items_purged":["Defend_R"],"score":236,"play_id":"754b842d-2018-4129-85dc-1bc6e1d96fc0","local_time":"20190322000559","is_ascension_mode":true,"campfire_choices":[{"data":"Perfected Strike","floor":6.0,"key":"SMITH"},{"data":"Bash","floor":15,"key":"SMITH"},{"data":"Immolate","floor":23,"key":"SMITH"}],"neow_cost":"NONE","seed_source_timestamp":0,"circlet_count":0,"master_deck":["Strike_R+1","Strike_R+1","Strike_R+1","Strike_R+1","Strike_R+1","Defend_R+1","Defend_R+1","Bash+1","Perfected Strike+1","Strike_R+1","Immolate+1","Dual Wield","Perfected Strike"],"special_seed":0,"relics":["Snecko Eye","Red Skull"],"potions_floor_usage":[16,16,24,25],"damage_taken":[{"damage":0.0,"enemies":"Cultist","floor":1.0,"turns":3.0},{"damage":0.0,"enemies":"Jaw Worm","floor":2.0,"turns":2.0},{"damage":0.0,"enemies":"2 Louse","floor":4.0,"turns":1.0},{"damage":0.0,"enemies":"Exordium Thugs","floor":5.0,"turns":3.0},{"damage":2.0,"enemies":"2 Fungi Beasts","floor":7.0,"turns":3.0},{"damage":0.0,"enemies":"Large Slime","floor":8.0,"turns":2.0},{"damage":9.0,"enemies":"3 Sentries","floor":12.0,"turns":4.0},{"damage":7,"enemies":"Blue Slaver","floor":13,"turns":2},{"damage":30,"enemies":"The Guardian","floor":16,"turns":6},{"damage":5,"enemies":"Spheric Guardian","floor":18,"turns":3},{"damage":10,"enemies":"3 Byrds","floor":20,"turns":4},{"damage":25,"enemies":"Sentry and Sphere","floor":21,"turns":4},{"damage":37,"enemies":"Book of Stabbing","floor":24,"turns":4},{"damage":12,"enemies":"Cultist and Chosen","floor":25,"turns":3}],"seed_played":"-6403791357482302698","potions_obtained":[{"floor":2.0,"key":"SneckoOil"},{"floor":7.0,"key":"LiquidBronze"},{"floor":13,"key":"SkillPotion"},{"floor":20,"key":"Energy Potion"},{"floor":24,"key":"BloodPotion"}],"is_trial":false,"path_per_floor":["M","M","?","M","M","R","M","M","T","$","?","E","M","$","R","B",null,"M","?","M","M","?","R","E","M"],"character_chosen":"IRONCLAD","items_purchased":[],"campfire_rested":0,"item_purchase_floors":[],"current_hp_per_floor":[80,80,80,80,80,80,78,78,78,78,78,69,62,62,62,32,80,75,75,65,40,40,40,3,0],"gold":336,"neow_bonus":"BOSS_RELIC","is_prod":false,"is_daily":false,"chose_seed":false,"campfire_upgraded":3,"win_rate":0,"timestamp":1553238359,"path_taken":["M","?","?","?","M","R","M","M","T","$","?","E","M","?","R","BOSS","M","?","M","M","?","R","E","M"],"build_version":"2019-01-23","purchased_purges":1,"victory":false,"max_hp_per_floor":[80,80,80,80,80,80,80,80,80,80,80,80,80,80,80,80,80,80,80,80,80,80,80,80,80],"card_choices":[{"not_picked":["Flex","Anger","Havoc"],"picked":"SKIP","floor":1.0},{"not_picked":["Inflame","True Grit"],"picked":"Perfected Strike","floor":2.0},{"not_picked":["Heavy Blade","Rage","Dropkick"],"picked":"SKIP","floor":4.0},{"not_picked":["Sword Boomerang","Wild Strike","Corruption"],"picked":"SKIP","floor":5.0},{"not_picked":["Headbutt","Havoc","Seeing Red"],"picked":"SKIP","floor":7.0},{"not_picked":["Corruption","Cleave","Intimidate"],"picked":"SKIP","floor":8.0},{"not_picked":["Pummel","Twin Strike","Wild Strike"],"picked":"SKIP","floor":12},{"not_picked":["Burning Pact","Armaments","Warcry"],"picked":"SKIP","floor":13},{"not_picked":["Demon Form","Berserk"],"picked":"Immolate","floor":16},{"not_picked":["Warcry","Intimidate+1","Inflame+1"],"picked":"SKIP","floor":18},{"not_picked":["Thunderclap","Clash","Flex"],"picked":"SKIP","floor":20},{"not_picked":["Inflame","Body Slam"],"picked":"Perfected Strike","floor":21},{"not_picked":["Wild Strike","Flex","Corruption"],"picked":"SKIP","floor":24}],"player_experience":816306,"relics_obtained":[{"floor":24,"key":"Red Skull"}],"event_choices":[{"cards_removed":["Defend_R"],"damage_healed":0.0,"max_hp_gain":0.0,"max_hp_loss":0.0,"gold_gain":0.0,"event_name":"NoteForYourself","player_choice":"Took Card","floor":3.0,"gold_loss":0.0,"damage_taken":0.0,"cards_obtained":["Strike_R"]},{"damage_healed":0.0,"max_hp_gain":0.0,"max_hp_loss":0.0,"gold_gain":0.0,"event_name":"WeMeetAgain","player_choice":"Ignored","floor":11.0,"gold_loss":0.0,"damage_taken":0.0},{"damage_healed":0,"gold_gain":0,"player_choice":"Read","damage_taken":0,"max_hp_gain":0,"max_hp_loss":0,"event_name":"The Library","floor":19,"gold_loss":0,"cards_obtained":["Dual Wield"]},{"damage_healed":0,"gold_gain":0,"player_choice":"Simplicity","damage_taken":0,"max_hp_gain":0,"max_hp_loss":0,"event_name":"Back to Basics","floor":22,"gold_loss":0,"cards_upgraded":["Strike_R","Strike_R","Strike_R","Strike_R","Strike_R","Defend_R","Defend_R","Strike_R"]}],"is_beta":false,"boss_relics":[{"not_picked":["Orrery","Busted Crown","Black Star"]}],"items_purged_floors":[10],"is_endless":false,"potions_floor_spawned":[2,7,13,20,24],"killed_by":"Cultist and Chosen","ascension_level":1}