{"gold_per_floor":[13,13,53,53,53,104,129,172,209,255,267,279,291,326,338,478,490,518,530,562,598,610,622],"floor_reached":23,"playtime":1491,"items_purged":[],"score":251,"play_id":"10458553-bacd-408a-b662-f6ab5cd33eb4","local_time":"20190206201042","is_ascension_mode":true,"campfire_choices":[{"floor":12,"key":"REST"},{"floor":15,"key":"REST"}],"neow_cost":"NO_GOLD","seed_source_timestamp":1966294191936900,"circlet_count":0,"master_deck":["Strike_R","Strike_R","Strike_R","Strike_R","Strike_R","Defend_R","Defend_R","Defend_R","Defend_R","Bash","Jack Of All Trades","Blind","Clothesline","True Grit","Spot Weakness","Shrug It Off","Dark Embrace","Pommel Strike","Barricade","True Grit+1","Clothesline","Flex+1"],"relics":["Burning Blood","Golden Idol","MawBank","Anchor","Ornamental Fan","Vajra","Du-Vu Doll","Snecko Eye","FaceOfCleric"],"potions_floor_usage":[8,8,10,16,20,23,23],"damage_taken":[{"damage":4,"enemies":"Jaw Worm","floor":1,"turns":4},{"damage":0,"enemies":"Small Slimes","floor":3,"turns":3},{"damage":40,"enemies":"Lagavulin","floor":6,"turns":9},{"damage":2,"enemies":"Cultist","floor":7,"turns":4},{"damage":25,"enemies":"3 Sentries","floor":8,"turns":10},{"damage":38,"enemies":"Lagavulin","floor":10,"turns":8},{"damage":4,"enemies":"Looter","floor":14,"turns":3},{"damage":40,"enemies":"The Guardian","floor":16,"turns":15},{"damage":0,"enemies":"Shell Parasite","floor":18,"turns":5},{"damage":0,"enemies":"3 Byrds","floor":20,"turns":3},{"damage":0,"enemies":"Cultist and Chosen","floor":21,"turns":4},{"damage":96,"enemies":"Gremlin Leader","floor":23,"turns":12}],"seed_played":"-492874820435234645","potions_obtained":[{"floor":6,"key":"Regen Potion"},{"floor":7,"key":"Strength Potion"},{"floor":8,"key":"Fruit Juice"},{"floor":14,"key":"Regen Potion"},{"floor":16,"key":"LiquidBronze"},{"floor":20,"key":"Regen Potion"}],"is_trial":false,"path_per_floor":["M","?","M","?","?","E","M","E","T","E","$","R","$","M","R","B",null,"M","?","M","M","?","E"],"character_chosen":"IRONCLAD","items_purchased":[],"campfire_rested":2,"item_purchase_floors":[],"current_hp_per_floor":[80,80,80,80,77,43,47,43,43,16,16,41,41,43,68,49,85,85,85,86,87,71,0],"gold":622,"neow_bonus":"RANDOM_COLORLESS_2","is_prod":false,"is_daily":false,"chose_seed":false,"campfire_upgraded":0,"win_rate":0,"timestamp":1549509042,"path_taken":["M","?","M","?","?","E","M","E","T","E","$","R","$","M","R","BOSS","M","?","?","M","?","E"],"build_version":"2019-01-23","purchased_purges":0,"victory":false,"max_hp_per_floor":[80,80,80,80,80,80,80,80,80,85,85,85,85,85,85,85,85,85,85,86,87,87,87],"card_choices":[{"not_picked":["Perfected Strike","Iron Wave"],"picked":"Clothesline","floor":1},{"not_picked":["Seeing Red","Sentinel"],"picked":"True Grit","floor":3},{"not_picked":["True Grit","Body Slam"],"picked":"Spot Weakness","floor":6},{"not_picked":["Power Through","True Grit"],"picked":"Shrug It Off","floor":7},{"not_picked":["Headbutt","Rampage"],"picked":"Dark Embrace","floor":8},{"not_picked":["Dark Embrace","Clash","Body Slam"],"picked":"SKIP","floor":10},{"not_picked":["Thunderclap","Armaments"],"picked":"Pommel Strike","floor":14},{"not_picked":["Dark Embrace","Double Tap"],"picked":"Barricade","floor":16},{"not_picked":["Twin Strike","Iron Wave"],"picked":"True Grit+1","floor":18},{"not_picked":["Wild Strike","Intimidate+1"],"picked":"Clothesline","floor":20},{"not_picked":["Perfected Strike+1","Sever Soul+1"],"picked":"Flex+1","floor":21}],"player_experience":467847,"relics_obtained":[{"floor":6,"key":"Anchor"},{"floor":8,"key":"Ornamental Fan"},{"floor":9,"key":"Vajra"},{"floor":10,"key":"Du-Vu Doll"}],"event_choices":[{"damage_healed":0,"gold_gain":0,"player_choice":"Take Wound","damage_taken":0,"relics_obtained":["Golden Idol"],"max_hp_gain":0,"max_hp_loss":0,"event_name":"Golden Idol","floor":2,"gold_loss":0,"cards_obtained":["Injury"]},{"cards_removed":["Injury"],"damage_healed":0,"gold_gain":0,"player_choice":"Forget","damage_taken":0,"max_hp_gain":0,"max_hp_loss":0,"event_name":"Living Wall","floor":4,"gold_loss":0},{"damage_healed":0,"gold_gain":0,"player_choice":"Success","damage_taken":3,"relics_obtained":["MawBank"],"max_hp_gain":0,"max_hp_loss":0,"event_name":"Scrap Ooze","floor":5,"gold_loss":0},{"damage_healed":0,"gold_gain":0,"player_choice":"Trade","damage_taken":0,"relics_obtained":["FaceOfCleric"],"max_hp_gain":0,"max_hp_loss":0,"event_name":"FaceTrader","floor":19,"gold_loss":0},{"damage_healed":0,"gold_gain":0,"player_choice":"POTION ","damage_taken":16,"max_hp_gain":0,"max_hp_loss":0,"event_name":"Knowing Skull","floor":22,"potions_obtained":["SneckoOil"],"gold_loss":0,"cards_obtained":[]}],"is_beta":true,"boss_relics":[{"not_picked":["Coffee Dripper","Tiny House"],"picked":"Snecko Eye"}],"items_purged_floors":[],"is_endless":false,"potions_floor_spawned":[6,7,8,14,16,20],"killed_by":"Gremlin Leader","ascension_level":4}