{"gold_per_floor":[115,115,115,133,146,180,197,68,68,0,0,35,35,54,54,128,128,140,140,140,153,171,171,183,183,259,259,272,272],"floor_reached":29,"playtime":1191,"items_purged":["Strike_B"],"score":569,"play_id":"5beba082-4317-4233-a429-af81d41bae40","local_time":"20190410132638","is_ascension_mode":true,"campfire_choices":[{"floor":11,"key":"REST"},{"data":"Zap","floor":15,"key":"SMITH"},{"floor":23,"key":"REST"},{"data":"Creative AI","floor":25,"key":"SMITH"},{"data":"Rip and Tear","floor":27,"key":"SMITH"}],"neow_cost":"NONE","seed_source_timestamp":1615317905007296,"circlet_count":0,"master_deck":["AscendersBane","Strike_B","Strike_B","Strike_B","Defend_B","Defend_B","Defend_B","Defend_B+1","Zap+1","Dualcast+1","Sweeping Beam","Glacier","Gash","FTL","Gash","Rip and Tear+1","Ball Lightning","Creative AI+1","Conserve Battery","Auto Shields+1","Hologram+1"],"relics":["Cracked Core","War Paint","Vajra","Nunchaku","Darkstone Periapt","Matryoshka","Inserter","Regal Pillow","Spirit Poop","Bag of Marbles","Mummified Hand"],"potions_floor_usage":[6,12,16,21,22,29],"damage_taken":[{"damage":0,"enemies":"Small Slimes","floor":1,"turns":3},{"damage":5,"enemies":"2 Louse","floor":4,"turns":3},{"damage":0,"enemies":"Cultist","floor":5,"turns":3},{"damage":24,"enemies":"Gremlin Nob","floor":6,"turns":4},{"damage":0,"enemies":"Blue Slaver","floor":7,"turns":4},{"damage":4,"enemies":"3 Sentries","floor":12,"turns":7},{"damage":2,"enemies":"3 Louse","floor":14,"turns":2},{"damage":0,"enemies":"Slime Boss","floor":16,"turns":5},{"damage":9,"enemies":"3 Byrds","floor":18,"turns":5},{"damage":14,"enemies":"Chosen","floor":21,"turns":4},{"damage":35,"enemies":"Shelled Parasite and Fungi","floor":22,"turns":7},{"damage":15,"enemies":"Centurion and Healer","floor":24,"turns":8},{"damage":1,"enemies":"Chosen and Byrds","floor":28,"turns":6},{"damage":39,"enemies":"Gremlin Leader","floor":29,"turns":4}],"seed_played":"-2641994250590867239","potions_obtained":[{"floor":1,"key":"SteroidPotion"},{"floor":5,"key":"EssenceOfSteel"},{"floor":16,"key":"Ancient Potion"},{"floor":18,"key":"Weak Potion"},{"floor":21,"key":"PowerPotion"}],"is_trial":false,"path_per_floor":["M","?","?","M","M","E","M","$","T","?","R","E","$","M","R","B",null,"M","?","?","M","M","R","M","R","T","R","M","E"],"character_chosen":"DEFECT","items_purchased":["PowerPotion"],"campfire_rested":2,"item_purchase_floors":[8],"current_hp_per_floor":[64,53,53,48,48,24,24,24,24,24,45,41,41,39,39,39,63,54,60,60,46,11,49,34,34,34,34,33,0],"gold":272,"neow_bonus":"RANDOM_COMMON_RELIC","is_prod":false,"is_daily":false,"chose_seed":false,"campfire_upgraded":3,"win_rate":0,"timestamp":1554895598,"path_taken":["M","?","?","?","M","E","M","$","T","?","R","E","$","M","R","BOSS","M","?","?","?","M","R","M","R","T","R","M","E"],"build_version":"2019-01-23","purchased_purges":1,"victory":false,"max_hp_per_floor":[71,71,71,71,71,71,71,71,71,71,71,71,71,71,71,71,71,71,77,77,77,77,77,77,77,77,77,77,77],"card_choices":[{"not_picked":["FTL","Stack"],"picked":"Sweeping Beam","floor":1},{"not_picked":["Reprogram","Recycle","Sweeping Beam"],"picked":"SKIP","floor":4},{"not_picked":["Beam Cell","White Noise"],"picked":"Gash","floor":5},{"not_picked":["Reinforced Body","Aggregate"],"picked":"FTL","floor":6},{"not_picked":["Glacier","Conserve Battery"],"picked":"Gash","floor":7},{"not_picked":["Multi-Cast","Steam"],"picked":"Rip and Tear","floor":12},{"not_picked":["Turbo","Conserve Battery"],"picked":"Ball Lightning","floor":14},{"not_picked":["Hyperbeam","Multi-Cast"],"picked":"Creative AI","floor":16},{"not_picked":["Stack","Gash","Fusion"],"picked":"SKIP","floor":18},{"not_picked":["Go for the Eyes","Loop"],"picked":"Conserve Battery","floor":21},{"not_picked":["Sweeping Beam","Barrage"],"picked":"Auto Shields+1","floor":22},{"not_picked":["Undo","Force Field"],"picked":"Hologram+1","floor":24},{"not_picked":["Lockon","Creative AI","Streamline"],"picked":"SKIP","floor":28}],"player_experience":1433559,"relics_obtained":[{"floor":6,"key":"Nunchaku"},{"floor":9,"key":"Darkstone Periapt"},{"floor":12,"key":"Matryoshka"},{"floor":26,"key":"Bag of Marbles"},{"floor":26,"key":"Mummified Hand"}],"event_choices":[{"damage_healed":0,"gold_gain":0,"player_choice":"Success","damage_taken":11,"relics_obtained":["Vajra"],"max_hp_gain":0,"max_hp_loss":0,"event_name":"Scrap Ooze","floor":2,"gold_loss":0},{"damage_healed":0,"gold_gain":0,"player_choice":"1 cards matched","damage_taken":0,"max_hp_gain":0,"max_hp_loss":0,"event_name":"Match and Keep!","floor":3,"gold_loss":0,"cards_obtained":["Glacier"]},{"damage_healed":0,"gold_gain":0,"player_choice":"Left Gold","damage_taken":0,"max_hp_gain":0,"max_hp_loss":0,"event_name":"World of Goop","floor":10,"gold_loss":68},{"damage_healed":0,"gold_gain":0,"player_choice":"Opened","damage_taken":0,"relics_obtained":["Regal Pillow"],"max_hp_gain":0,"max_hp_loss":0,"event_name":"The Mausoleum","floor":19,"gold_loss":0,"cards_obtained":["Writhe"]},{"cards_removed":["Writhe"],"damage_healed":0,"gold_gain":0,"player_choice":"Offered Curse","damage_taken":0,"relics_obtained":["Spirit Poop"],"max_hp_gain":0,"max_hp_loss":0,"event_name":"Bonfire Elementals","floor":20,"gold_loss":0}],"is_beta":false,"boss_relics":[{"not_picked":["Sozu","Coffee Dripper"],"picked":"Inserter"}],"items_purged_floors":[8],"is_endless":false,"potions_floor_spawned":[1,5,16,18,21],"killed_by":"Gremlin Leader","ascension_level":20}