{"gold_per_floor":[116,116,127,127,145,145,145,180,180,212,212,224,255,268,268,365,365,381,306,322,338,21,53,53,86,86,121,132,151,151,151,151,247,247,267,267,283,293,393,393,423,181,181,181,192,192,225,271,271,271,271,271,11,44,44],"floor_reached":56,"playtime":1940,"items_purged":["Strike_R","Strike_R"],"score":1436,"play_id":"3bca4d36-5581-4df2-afbf-4c5301648c1c","local_time":"20190226010940","is_ascension_mode":true,"campfire_choices":[{"data":"Shockwave","floor":6,"key":"SMITH"},{"data":"Spot Weakness","floor":11,"key":"SMITH"},{"data":"Heavy Blade","floor":15,"key":"SMITH"},{"data":"Limit Break","floor":24,"key":"SMITH"},{"data":"Flame Barrier","floor":30,"key":"SMITH"},{"data":"Flame Barrier","floor":32,"key":"SMITH"},{"floor":40,"key":"DIG"},{"floor":44,"key":"DIG"},{"floor":49,"key":"RECALL"},{"floor":52,"key":"DIG"}],"neow_cost":"PERCENT_DAMAGE","seed_source_timestamp":13313858500835,"circlet_count":0,"master_deck":["Strike_R","Strike_R","Strike_R","Defend_R","Defend_R","Defend_R","Defend_R","Bash","Shockwave+1","Warcry","Spot Weakness+1","Flame Barrier+1","Heavy Blade+1","Limit Break+1","Inflame+1","Shrug It Off","Offering","Battle Trance+1","Sword Boomerang+1","Flame Barrier+1","Metallicize+1","Metallicize+1","Inflame+1","Immolate","True Grit+1","Secret Technique","True Grit+1","Disarm+1","Whirlwind","Shrug It Off","Limit Break"],"relics":["Burning Blood","Juzu Bracelet","Mercury Hourglass","Dodecahedron","Frozen Egg 2","Coffee Dripper","Bottled Tornado","Shovel","Bronze Scales","Prayer Wheel","Matryoshka","Fusion Hammer","Charon\u0027s Ashes","Meat on the Bone","Omamori","Mummified Hand","Strawberry","Du-Vu Doll","Unceasing Top","Calipers","Ornamental Fan","Art of War"],"potions_floor_usage":[8,8,8,14,16,33,39,47,48,50,54,55,55],"damage_taken":[{"damage":2,"enemies":"Small Slimes","floor":1,"turns":4},{"damage":1,"enemies":"Jaw Worm","floor":3,"turns":5},{"damage":2,"enemies":"2 Louse","floor":5,"turns":4},{"damage":17,"enemies":"3 Sentries","floor":8,"turns":7},{"damage":21,"enemies":"Lagavulin","floor":10,"turns":5},{"damage":8,"enemies":"Exordium Thugs","floor":12,"turns":4},{"damage":16,"enemies":"Gremlin Nob","floor":13,"turns":4},{"damage":0,"enemies":"3 Louse","floor":14,"turns":1},{"damage":45,"enemies":"Hexaghost","floor":16,"turns":6},{"damage":0,"enemies":"Chosen","floor":18,"turns":3},{"damage":3,"enemies":"Shell Parasite","floor":20,"turns":4},{"damage":6,"enemies":"Snecko","floor":21,"turns":3},{"damage":11,"enemies":"Gremlin Leader","floor":23,"turns":4},{"damage":41,"enemies":"Slavers","floor":25,"turns":5},{"damage":14,"enemies":"Book of Stabbing","floor":27,"turns":3},{"damage":6,"enemies":"Cultist and Chosen","floor":28,"turns":3},{"damage":6,"enemies":"Shelled Parasite and Fungi","floor":29,"turns":3},{"damage":6,"enemies":"Automaton","floor":33,"turns":6},{"damage":0,"enemies":"3 Darklings","floor":35,"turns":3},{"damage":0,"enemies":"Orb Walker","floor":37,"turns":2},{"damage":6,"enemies":"Maw","floor":38,"turns":5},{"damage":18,"enemies":"Mind Bloom Boss Battle","floor":39,"turns":4},{"damage":10,"enemies":"Giant Head","floor":41,"turns":5},{"damage":8,"enemies":"3 Darklings","floor":45,"turns":5},{"damage":6,"enemies":"Reptomancer","floor":47,"turns":3},{"damage":0,"enemies":"2 Orb Walkers","floor":48,"turns":2},{"damage":69,"enemies":"Time Eater","floor":50,"turns":8},{"damage":16,"enemies":"Shield and Spear","floor":54,"turns":3},{"damage":57,"enemies":"The Heart","floor":55,"turns":7}],"seed_played":"-7664357695842589026","potions_obtained":[{"floor":1,"key":"Fire Potion"},{"floor":3,"key":"BloodPotion"},{"floor":5,"key":"LiquidBronze"},{"floor":13,"key":"Explosive Potion"},{"floor":14,"key":"PowerPotion"},{"floor":27,"key":"SpeedPotion"},{"floor":28,"key":"Dexterity Potion"},{"floor":29,"key":"Fire Potion"},{"floor":33,"key":"Weak Potion"},{"floor":38,"key":"LiquidBronze"},{"floor":39,"key":"SkillPotion"},{"floor":47,"key":"Block Potion"},{"floor":48,"key":"PowerPotion"},{"floor":54,"key":"Swift Potion"}],"is_trial":false,"path_per_floor":["M","$","M","?","M","R","?","E","T","E","R","M","E","M","R","B",null,"M","?","M","M","$","E","R","E","T","E","M","M","R","?","R","B",null,"M","?","M","M","?","R","E","$","T","R","M","$","E","?","R","B",null,"R","$","E","B",null],"character_chosen":"IRONCLAD","items_purchased":["Bottled Tornado","Mummified Hand","Limit Break"],"campfire_rested":0,"item_purchase_floors":[22,42,53],"current_hp_per_floor":[76,76,81,86,90,90,90,89,89,74,74,72,62,68,68,29,101,101,101,101,101,101,96,96,61,61,53,53,53,53,53,53,53,101,101,91,97,97,85,85,81,81,88,88,86,86,86,92,92,41,108,108,108,98,59],"gold":44,"neow_bonus":"TWENTY_PERCENT_HP_BONUS","is_prod":false,"is_daily":false,"chose_seed":false,"campfire_upgraded":6,"win_rate":0,"timestamp":1551168580,"path_taken":["M","$","M","?","M","R","?","E","T","E","R","M","E","M","R","BOSS","M","?","M","M","$","E","R","E","T","E","M","M","R","?","R","BOSS","M","?","M","M","?","R","E","$","T","R","M","$","E","?","R","BOSS","R","$","E","BOSS"],"build_version":"2019-01-23","purchased_purges":2,"victory":true,"max_hp_per_floor":[96,96,96,101,101,101,101,101,101,101,101,101,101,101,101,101,101,101,101,101,101,101,101,101,101,101,101,101,101,101,101,101,101,101,101,101,101,101,101,101,101,101,108,108,108,108,108,108,108,108,108,108,108,108,108],"card_choices":[{"not_picked":["Corruption","Combust","Heavy Blade"],"picked":"SKIP","floor":1},{"not_picked":["Sword Boomerang","Shrug It Off"],"picked":"Shockwave","floor":3},{"not_picked":["Combust","Burning Pact"],"picked":"Warcry","floor":5},{"not_picked":["Anger","Armaments"],"picked":"Spot Weakness","floor":8},{"not_picked":["Body Slam","Clothesline","Fire Breathing"],"picked":"SKIP","floor":10},{"not_picked":["Fire Breathing","Havoc"],"picked":"Flame Barrier","floor":12},{"not_picked":["Flame Barrier","Perfected Strike"],"picked":"Rampage","floor":13},{"not_picked":["Bludgeon","Clash"],"picked":"Heavy Blade","floor":14},{"not_picked":["Brutality+1","Barricade+1"],"picked":"Limit Break","floor":16},{"not_picked":["Infernal Blade","Flex"],"picked":"Inflame+1","floor":18},{"not_picked":["Anger+1","Hemokinesis","Combust+1"],"picked":"SKIP","floor":20},{"not_picked":["Cleave","Fire Breathing+1"],"picked":"Shrug It Off","floor":21},{"not_picked":["Headbutt+1","Twin Strike+1","Havoc"],"picked":"SKIP","floor":23},{"not_picked":["Entrench+1","True Grit"],"picked":"Offering","floor":25},{"not_picked":["Rupture+1","Twin Strike"],"picked":"Battle Trance+1","floor":27},{"not_picked":["Clash","Wild Strike"],"picked":"Sword Boomerang+1","floor":28},{"not_picked":["Body Slam+1","Blood for Blood"],"picked":"Flame Barrier","floor":28},{"not_picked":["Carnage+1","Cleave+1"],"picked":"Metallicize+1","floor":29},{"not_picked":["Bludgeon","Clash+1"],"picked":"Metallicize+1","floor":29},{"not_picked":["Brutality+1","Double Tap"],"picked":"Immolate","floor":33},{"not_picked":["Pommel Strike","Clothesline"],"picked":"True Grit+1","floor":35},{"not_picked":["Burning Pact+1","Clothesline+1","Sword Boomerang"],"picked":"SKIP","floor":35},{"not_picked":["Swift Strike","The Bomb"],"picked":"Secret Technique","floor":36},{"not_picked":["Clash","Sword Boomerang+1","Iron Wave"],"picked":"SKIP","floor":37},{"not_picked":["Uppercut+1","Clash","Iron Wave+1"],"picked":"SKIP","floor":37},{"not_picked":["Dual Wield+1","Inflame+1"],"picked":"True Grit+1","floor":38},{"not_picked":["Twin Strike","Demon Form+1","Spot Weakness"],"picked":"SKIP","floor":38},{"not_picked":["Twin Strike","Demon Form+1","Spot Weakness"],"picked":"SKIP","floor":38},{"not_picked":["Twin Strike","Iron Wave"],"picked":"Disarm+1","floor":39},{"not_picked":["Flex","Ghostly Armor+1"],"picked":"Whirlwind","floor":41},{"not_picked":["Bloodletting+1","Rampage+1","Inflame+1"],"picked":"SKIP","floor":45},{"not_picked":["Burning Pact","Pummel+1","Sentinel"],"picked":"SKIP","floor":45},{"not_picked":["Perfected Strike","Second Wind","Headbutt+1"],"picked":"SKIP","floor":47},{"not_picked":["Rampage+1","Thunderclap"],"picked":"Shrug It Off","floor":48},{"not_picked":["Heavy Blade","Twin Strike","True Grit"],"picked":"SKIP","floor":54}],"player_experience":770926,"relics_obtained":[{"floor":8,"key":"Juzu Bracelet"},{"floor":9,"key":"Mercury Hourglass"},{"floor":10,"key":"Dodecahedron"},{"floor":13,"key":"Frozen Egg 2"},{"floor":23,"key":"Shovel"},{"floor":25,"key":"Bronze Scales"},{"floor":26,"key":"Prayer Wheel"},{"floor":27,"key":"Matryoshka"},{"floor":39,"key":"Charon\u0027s Ashes"},{"floor":40,"key":"Meat on the Bone"},{"floor":41,"key":"Omamori"},{"floor":43,"key":"Strawberry"},{"floor":44,"key":"Du-Vu Doll"},{"floor":47,"key":"Unceasing Top"},{"floor":48,"key":"Calipers"},{"floor":52,"key":"Ornamental Fan"},{"floor":54,"key":"Art of War"}],"event_choices":[{"damage_healed":0,"gold_gain":0,"player_choice":"Donut","damage_taken":0,"max_hp_gain":5,"max_hp_loss":0,"event_name":"Big Fish","floor":4,"gold_loss":0},{"damage_healed":0,"gold_gain":0,"player_choice":"Ignored","damage_taken":0,"max_hp_gain":0,"max_hp_loss":0,"event_name":"Liars Game","floor":7,"gold_loss":0},{"cards_removed":["Rampage"],"damage_healed":0,"gold_gain":0,"player_choice":"Gave Gold","damage_taken":0,"max_hp_gain":0,"max_hp_loss":0,"event_name":"Beggar","floor":19,"gold_loss":75},{"damage_healed":0,"gold_gain":0,"player_choice":"Read","damage_taken":0,"max_hp_gain":0,"max_hp_loss":0,"event_name":"The Library","floor":31,"gold_loss":0,"cards_obtained":["Inflame"]},{"damage_healed":0,"gold_gain":0,"player_choice":"Memory 3","damage_taken":10,"max_hp_gain":0,"max_hp_loss":0,"event_name":"SensoryStone","floor":36,"gold_loss":0},{"damage_healed":0,"gold_gain":0,"player_choice":"Fight","damage_taken":0,"max_hp_gain":0,"max_hp_loss":0,"event_name":"MindBloom","floor":39,"gold_loss":0},{"damage_healed":0,"gold_gain":0,"player_choice":"Fight","damage_taken":0,"max_hp_gain":0,"max_hp_loss":0,"event_name":"Mysterious Sphere","floor":48,"gold_loss":0}],"is_beta":false,"boss_relics":[{"not_picked":["Runic Dome","Runic Cube"],"picked":"Coffee Dripper"},{"not_picked":["Tiny House","Eternal Feather"],"picked":"Fusion Hammer"}],"items_purged_floors":[22,53],"is_endless":false,"potions_floor_spawned":[1,3,5,13,14,27,28,29,33,35,38,39,47,48,54],"ascension_level":1}