{"gold_per_floor":[109,109,109,123,123,150,150,75,100,76,94,113,113,127,127,229,229,248,248,248,163,183,216,228,239,264,264,280,297,58,76,76,177,177,190,239,255,267,164,164,177,191,191,209,209,224,240,22,22,22],"floor_reached":51,"playtime":2805,"items_purged":["Regret"],"score":675,"play_id":"15467cf2-483d-4be3-9faf-b0066d3d5848","local_time":"20180717084507","is_ascension_mode":false,"campfire_choices":[{"data":"Zap","floor":7.0,"key":"SMITH"},{"data":"Seek","floor":13.0,"key":"SMITH"},{"floor":15.0,"key":"REST"},{"floor":27,"key":"REST"},{"floor":32,"key":"REST"},{"floor":40,"key":"REST"},{"floor":45,"key":"REST"},{"floor":49,"key":"REST"}],"neow_cost":"TEN_PERCENT_HP_LOSS","seed_source_timestamp":0,"circlet_count":0,"master_deck":["Strike_B","Strike_B","Strike_B","Defend_B","Defend_B","Defend_B","Zap+1","Dualcast","Turbo","Sunder","BootSequence","Ball Lightning+1","Auto Shields","Seek+1","Leap","Thunder Strike","Static Discharge+1","Beam Cell+1","Electrodynamics","Ball Lightning+1","Gash+1","Stack+1","Apotheosis","Steam","Beam Cell+1","Ball Lightning+1","Hello World+1","Go for the Eyes+1","Dramatic Entrance+1","Hologram","Gash+1","Streamline+1","Barrage+1","Force Field+1","Loop"],"special_seed":17728,"relics":["Cracked Core","Anchor","Centennial Puzzle","Bag of Preparation","Black Star","Nloth\u0027s Gift","Incense Burner","Pantograph","Molten Egg 2","Oddly Smooth Stone","Sozu","Ginger","Mercury Hourglass","Whetstone"],"potions_floor_usage":[25,29,33,33,36],"damage_taken":[{"damage":1.0,"enemies":"Jaw Worm","floor":1.0,"turns":3.0},{"damage":0.0,"enemies":"2 Louse","floor":4.0,"turns":3.0},{"damage":20.0,"enemies":"Lagavulin","floor":6.0,"turns":6.0},{"damage":1.0,"enemies":"Cultist","floor":11.0,"turns":3.0},{"damage":0.0,"enemies":"Blue Slaver","floor":12.0,"turns":2.0},{"damage":0.0,"enemies":"3 Louse","floor":14.0,"turns":2.0},{"damage":9.0,"enemies":"Hexaghost","floor":16.0,"turns":8.0},{"damage":1.0,"enemies":"Shell Parasite","floor":18.0,"turns":4.0},{"damage":16.0,"enemies":"3 Byrds","floor":22.0,"turns":4.0},{"damage":30.0,"enemies":"Slavers","floor":23.0,"turns":6.0},{"damage":0.0,"enemies":"Centurion and Healer","floor":24.0,"turns":6.0},{"damage":22,"enemies":"Snake Plant","floor":25,"turns":3},{"damage":0,"enemies":"Sentry and Sphere","floor":28,"turns":3},{"damage":2,"enemies":"3 Cultists","floor":29,"turns":3},{"damage":8,"enemies":"Snecko","floor":31,"turns":3},{"damage":7,"enemies":"Collector","floor":33,"turns":5},{"damage":1,"enemies":"Orb Walker","floor":35,"turns":3},{"damage":11,"floor":36,"turns":3},{"damage":0,"enemies":"Flame Bruiser 1 Orb","floor":37,"turns":4},{"damage":28,"enemies":"Maw","floor":38,"turns":6},{"damage":0,"enemies":"Transient","floor":41,"turns":5},{"damage":0,"enemies":"3 Darklings","floor":42,"turns":3},{"damage":0,"enemies":"Flame Bruiser 2 Orb","floor":44,"turns":4},{"damage":9,"enemies":"Spire Growth","floor":46,"turns":4},{"damage":0,"enemies":"Transient","floor":47,"turns":5},{"damage":47,"enemies":"Awakened One","floor":50,"turns":9}],"seed_played":"-2205032152784244808","potions_obtained":[{"floor":4.0,"key":"Block Potion"},{"floor":12.0,"key":"PowerPotion"},{"floor":14.0,"key":"Swift Potion"},{"floor":16.0,"key":"GamblersBrew"},{"floor":23.0,"key":"Regen Potion"},{"floor":25,"key":"EssenceOfSteel"},{"floor":28,"key":"LiquidBronze"},{"floor":31,"key":"Swift Potion"},{"floor":33,"key":"GamblersBrew"}],"is_trial":false,"path_per_floor":["M","?","?","M","?","E","R","$","T","$","M","M","R","M","R","B",null,"M","?","?","?","M","E","M","M","T","R","M","M","$","M","R","B",null,"M","?","M","M","$","R","M","M","T","M","R","M","M","$","R","B"],"character_chosen":"DEFECT","items_purchased":["Ball Lightning","Apotheosis","Steam","Dramatic Entrance+1","Whetstone","Loop"],"campfire_rested":6,"item_purchase_floors":[10,30,30,39,48,48],"current_hp_per_floor":[67,64,64,64,64,44,44,44,44,44,43,43,43,43,63,54,68,67,67,67,67,51,21,21,11,11,31,31,29,29,21,41,59,68,67,56,56,28,28,48,48,48,48,48,68,59,59,59,68,21],"gold":22,"neow_bonus":"REMOVE_TWO","is_prod":false,"is_daily":false,"chose_seed":false,"campfire_upgraded":2,"win_rate":0,"timestamp":1531809907,"path_taken":["M","?","?","M","?","E","R","?","T","$","M","M","R","?","R","BOSS","M","?","?","?","M","E","M","M","T","R","M","?","$","M","R","BOSS","M","?","?","M","$","R","M","M","T","M","R","M","M","$","R","BOSS"],"build_version":"2018-07-12","purchased_purges":1,"victory":true,"max_hp_per_floor":[68,68,68,68,68,68,68,68,68,68,68,68,68,68,68,68,68,68,68,68,68,68,68,68,68,68,68,68,68,68,68,68,68,68,68,68,68,68,68,68,68,68,68,68,68,68,68,68,68,68],"card_choices":[{"not_picked":["Steam","Double Energy"],"picked":"Turbo","floor":1.0},{"not_picked":["Coolheaded","Glacier"],"picked":"Sunder","floor":4.0},{"not_picked":["Double Energy","Chill"],"picked":"BootSequence","floor":6.0},{"not_picked":["Fusion","Rebound"],"picked":"Auto Shields","floor":11.0},{"not_picked":["Storm","Turbo"],"picked":"Seek","floor":12.0},{"not_picked":["Glacier","Sweeping Beam"],"picked":"Leap","floor":14.0},{"not_picked":["Multi-Cast","Fission"],"picked":"Thunder Strike","floor":16.0},{"not_picked":["Coolheaded","Steam Power"],"picked":"Static Discharge","floor":18.0},{"not_picked":["Chaos","Barrage"],"picked":"Beam Cell","floor":22.0},{"not_picked":["Steam","Streamline"],"picked":"Electrodynamics","floor":23.0},{"not_picked":["Leap","Gash+1"],"picked":"Ball Lightning+1","floor":24},{"not_picked":["Redo","Barrage+1","All For One+1"],"picked":"SKIP","floor":25},{"not_picked":["Barrage+1","Recycle"],"picked":"Gash+1","floor":28},{"not_picked":["Amplify","Conserve Battery"],"picked":"Stack+1","floor":29},{"not_picked":["BootSequence","Streamline+1"],"picked":"Beam Cell+1","floor":31},{"not_picked":["Melter+1","Redo+1"],"picked":"Ball Lightning+1","floor":35},{"not_picked":["BootSequence+1","Consume+1"],"picked":"Hello World+1","floor":36},{"not_picked":["Recycle","Rebound+1","Auto Shields"],"picked":"SKIP","floor":37},{"not_picked":["Thunder Strike+1","Rebound+1"],"picked":"Go for the Eyes+1","floor":38},{"not_picked":["Rebound+1","Conserve Battery+1"],"picked":"Hologram","floor":41},{"not_picked":["Redo+1","Defragment"],"picked":"Gash+1","floor":42},{"not_picked":["Hologram","Rebound+1"],"picked":"Streamline+1","floor":44},{"not_picked":["Chaos+1","Rebound+1"],"picked":"Barrage+1","floor":46},{"not_picked":["Barrage+1","Beam Cell+1"],"picked":"Force Field+1","floor":47}],"player_experience":105601,"relics_obtained":[{"floor":6.0,"key":"Centennial Puzzle"},{"floor":9.0,"key":"Bag of Preparation"},{"floor":23.0,"key":"Pantograph"},{"floor":23.0,"key":"Molten Egg 2"},{"floor":26,"key":"Oddly Smooth Stone"},{"floor":36,"key":"Ginger"},{"floor":43,"key":"Mercury Hourglass"}],"event_choices":[{"event_name":"Scrap Ooze","player_choice":"success","floor":2.0,"damage_taken":3.0},{"event_name":"FaceTrader","player_choice":"Leave","floor":3.0,"damage_taken":0.0},{"event_name":"Big Fish","player_choice":"Box","floor":5.0,"damage_taken":0.0},{"event_name":"Upgrade Shrine","player_choice":"Upgraded","floor":19.0,"damage_taken":0.0},{"event_name":"N\u0027loth","player_choice":"Traded a Dodecahedron","floor":20.0,"damage_taken":0.0},{"event_name":"Addict","player_choice":"Obtained Relic","floor":21.0,"damage_taken":0.0},{"event_name":"Mysterious Sphere","player_choice":"Fight","floor":36,"damage_taken":0}],"boss_relics":[{"not_picked":["Tiny House","Snecko Eye"],"picked":"Black Star"},{"not_picked":["Lizard Tail","Velvet Choker"],"picked":"Sozu"}],"items_purged_floors":[8],"is_endless":false,"potions_floor_spawned":[4,12,14,16,23,25,28,31,33,37,41,44,46,47],"ascension_level":0}