{"gold_per_floor":[116,135,146,163,181,181,191,225,251,274,315,201,201,214,214,287,287,303,303,316,316,316],"floor_reached":22,"playtime":837,"items_purged":[],"score":400,"play_id":"d7c14906-fa07-4f50-9937-8a6c9e3403fe","local_time":"20181231160444","is_ascension_mode":true,"campfire_choices":[{"data":"Sunder","floor":6.0,"key":"SMITH"},{"data":"Zap","floor":13,"key":"SMITH"},{"floor":15,"key":"REST"}],"neow_cost":"NONE","seed_source_timestamp":0,"circlet_count":0,"master_deck":["AscendersBane","Strike_B","Strike_B","Strike_B","Strike_B","Defend_B","Defend_B","Defend_B","Defend_B+1","Zap+1","Dualcast","Ball Lightning","Self Repair","Sunder+1","Cold Snap","Conserve Battery","Machine Learning","Conserve Battery+1","Echo Form","Capacitor","Ball Lightning","Consume","Thunder Strike","Loop"],"special_seed":0,"relics":["Cracked Core","Sundial","MawBank","War Paint","Busted Crown","Happy Flower"],"potions_floor_usage":[11,11,22],"damage_taken":[{"damage":1.0,"enemies":"Cultist","floor":1.0,"turns":3.0},{"damage":15.0,"enemies":"Small Slimes","floor":2.0,"turns":3.0},{"damage":5.0,"enemies":"2 Louse","floor":3.0,"turns":3.0},{"damage":8.0,"enemies":"Red Slaver","floor":4.0,"turns":3.0},{"damage":7.0,"enemies":"3 Louse","floor":5.0,"turns":2.0},{"damage":11.0,"enemies":"Blue Slaver","floor":7.0,"turns":3.0},{"damage":8.0,"enemies":"Gremlin Nob","floor":8.0,"turns":3.0},{"damage":15.0,"enemies":"Large Slime","floor":10.0,"turns":5.0},{"damage":19,"enemies":"3 Sentries","floor":11,"turns":6},{"damage":18,"enemies":"Lots of Slimes","floor":14,"turns":4},{"damage":32,"enemies":"The Guardian","floor":16,"turns":10},{"damage":38,"enemies":"3 Byrds","floor":18,"turns":5},{"damage":23,"enemies":"Shell Parasite","floor":20,"turns":5},{"damage":20,"enemies":"Centurion and Healer","floor":22,"turns":5}],"seed_played":"5725649823572613053","potions_obtained":[{"floor":1.0,"key":"FocusPotion"},{"floor":5.0,"key":"Swift Potion"},{"floor":10.0,"key":"GamblersBrew"},{"floor":16,"key":"EssenceOfSteel"},{"floor":20,"key":"SpeedPotion"},{"floor":21,"key":"AttackPotion"}],"is_trial":false,"path_per_floor":["M","M","M","M","M","R","M","E","T","M","E","$","R","M","R","B",null,"M","?","M","?","M"],"character_chosen":"DEFECT","items_purchased":["Capacitor","Ball Lightning"],"campfire_rested":1,"item_purchase_floors":[12,12],"current_hp_per_floor":[63,55,57,56,56,56,45,44,44,36,24,24,24,20,41,16,57,33,33,17,17,0],"gold":316,"neow_bonus":"THREE_CARDS","is_prod":false,"is_daily":false,"chose_seed":false,"campfire_upgraded":2,"win_rate":0,"timestamp":1546268684,"path_taken":["M","M","?","M","M","R","M","E","T","M","E","$","R","M","R","BOSS","M","?","?","?","M"],"build_version":"2018-12-20","purchased_purges":0,"victory":false,"max_hp_per_floor":[71,71,71,71,71,71,71,71,71,71,71,71,71,71,71,71,71,71,71,71,71,71],"card_choices":[{"not_picked":["Steam","Rebound"],"picked":"Ball Lightning","floor":0.0},{"not_picked":["Auto Shields","Gash"],"picked":"Self Repair","floor":1.0},{"not_picked":["Fusion","Reprogram"],"picked":"Sunder","floor":2.0},{"not_picked":["Sunder","Go for the Eyes"],"picked":"Cold Snap","floor":3.0},{"not_picked":["Redo","Cold Snap","Steam Power"],"picked":"SKIP","floor":4.0},{"not_picked":["Steam Power","Redo","Hello World"],"picked":"SKIP","floor":5.0},{"not_picked":["Compile Driver","Coolheaded"],"picked":"Conserve Battery","floor":7.0},{"not_picked":["Barrage","Stack"],"picked":"Machine Learning","floor":8.0},{"not_picked":["Rebound","Recycle"],"picked":"Conserve Battery","floor":10.0},{"not_picked":["Auto Shields","Conserve Battery"],"picked":"Echo Form","floor":11},{"not_picked":["Undo","Rebound"],"picked":"Consume","floor":14},{"not_picked":["Creative AI","Meteor Strike"],"picked":"Thunder Strike","floor":16},{"not_picked":[],"picked":"Loop","floor":18},{"not_picked":["Force Field+1"],"picked":"SKIP","floor":20}],"player_experience":1082720,"relics_obtained":[{"floor":8.0,"key":"Sundial"},{"floor":9.0,"key":"MawBank"},{"floor":11,"key":"War Paint"}],"event_choices":[{"damage_healed":0,"gold_gain":0,"player_choice":"Gave Potion","damage_taken":0,"relics_obtained":["Happy Flower"],"max_hp_gain":0,"max_hp_loss":0,"event_name":"WeMeetAgain","floor":19,"gold_loss":0},{"damage_healed":0,"gold_gain":0,"player_choice":"Got Potions","damage_taken":0,"max_hp_gain":0,"max_hp_loss":0,"event_name":"Lab","floor":21,"gold_loss":0}],"is_beta":false,"boss_relics":[{"not_picked":["Empty Cage","Cursed Key"],"picked":"Busted Crown"}],"items_purged_floors":[],"is_endless":false,"potions_floor_spawned":[1,5,7,10,16,20],"killed_by":"Centurion and Healer","ascension_level":20}