{"path_per_floor":["M","?","$","?","M","E","R","M","T","R","M","R","$","E","R","B",null,"M","M","M","M","?","R","$","R","T","M","?","E","?","E","R","B",null,"M","$","?","M","M","R","E","R","T","E","?","$","?","M","R","B"],"character_chosen":"DEFECT","items_purchased":["Mummified Hand","White Noise","Self Repair","Loop","Magnetism"],"gold_per_floor":[367,442,68,68,87,113,113,124,147,147,166,166,86,121,121,226,226,208,222,241,251,0,0,0,0,55,67,67,93,93,125,125,225,225,243,64,64,83,97,97,125,125,174,200,200,9,9,22,22,22],"floor_reached":51,"campfire_rested":9,"playtime":6071,"item_purchase_floors":[],"current_hp_per_floor":[60,49,49,54,47,21,46,37,44,44,43,70,70,37,64,15,92,60,68,76,43,43,70,70,92,92,79,79,50,34,35,62,41,95,54,54,44,31,29,57,64,92,92,50,50,50,56,48,78,34],"items_purged":["Strike_B","Strike_B"],"gold":22,"score":874,"play_id":"869904ac-fc62-49d8-9d7e-10cbc3a72735","local_time":"20180604182546","is_prod":false,"is_daily":false,"chose_seed":false,"is_ascension_mode":true,"campfire_upgraded":1,"win_rate":0,"timestamp":1528151146,"campfire_choices":[{"floor":7.0,"key":"REST"},{"data":"Zap","floor":10.0,"key":"SMITH"},{"floor":12.0,"key":"REST"},{"floor":15.0,"key":"REST"},{"floor":23.0,"key":"REST"},{"floor":25.0,"key":"REST"},{"floor":32,"key":"REST"},{"floor":40,"key":"REST"},{"floor":42,"key":"REST"},{"floor":49,"key":"REST"}],"path_taken":["M","?","$","?","M","E","R","M","T","R","?","R","$","E","R","BOSS","M","M","?","M","?","R","$","R","T","M","?","E","?","E","R","BOSS","M","$","?","M","M","R","E","R","T","E","?","$","?","M","R","BOSS"],"build_version":"2018-05-31","seed_source_timestamp":68662573746461,"purchased_purges":2,"victory":true,"master_deck":["Defend_B","Defend_B","Defend_B","Defend_B","Zap+1","Dualcast","Tempest","White Noise","Conserve Battery","Double Energy","Self Repair","Conserve Battery","Rainbow","Defragment","Conserve Battery","Defragment+1","Static Discharge","Loop","Buffer","Biased Cognition","Clumsy","Steam Power+1","Static Discharge","Loop","Mind Blast","Mind Blast","Mind Blast","Aggregate","Sweeping Beam+1","Recycle","Rainbow","Magnetism","Decay","Chill","Steam Power+1"],"max_hp_per_floor":[75,75,75,80,80,85,85,85,92,92,92,92,92,92,92,92,92,92,92,92,92,92,92,92,92,92,92,92,92,92,92,92,92,95,95,95,95,95,95,95,95,95,95,95,95,95,101,101,101,101],"relics":["Cracked Core","Mummified Hand","Bronze Scales","Strawberry","Dream Catcher","Lizard Tail","Tiny Chest","Toolbox","Nilry\u0027s Codex","Darkstone Periapt","Astrolabe","Ginger","Oddly Smooth Stone","Art of War"],"card_choices":[{"not_picked":["Sweeping Beam","Force Field"],"picked":"Tempest","floor":1.0},{"not_picked":["Steam","Go for the Eyes","Reinforced Body"],"picked":"SKIP","floor":5.0},{"not_picked":["Rebound","Stack","Aggregate"],"picked":"SKIP","floor":6.0},{"not_picked":["Streamline","Leap"],"picked":"Conserve Battery","floor":8.0},{"not_picked":["Coolheaded","Streamline"],"picked":"Double Energy","floor":11.0},{"not_picked":["Hologram","Hyperbeam"],"picked":"Conserve Battery","floor":14.0},{"not_picked":["Buffer","Hyperbeam"],"picked":"Rainbow","floor":16.0},{"not_picked":["BootSequence+1","Compile Driver"],"picked":"Defragment","floor":18.0},{"not_picked":["Hologram+1","Gash","Turbo"],"picked":"SKIP","floor":19.0},{"not_picked":["Compile Driver","Cold Snap"],"picked":"Conserve Battery","floor":20.0},{"not_picked":["Reinforced Body","Streamline","Ball Lightning"],"picked":"SKIP","floor":21.0},{"not_picked":["Reinforced Body","Sweeping Beam"],"picked":"Defragment+1","floor":23.0},{"not_picked":["Turbo","White Noise"],"picked":"Static Discharge","floor":25.0},{"not_picked":["Ball Lightning","Compile Driver","Doom and Gloom+1"],"picked":"SKIP","floor":27},{"not_picked":["Turbo+1","Defragment"],"picked":"Buffer","floor":29},{"not_picked":["Streamline","FTL","Melter"],"picked":"SKIP","floor":31},{"not_picked":["Seek","Hyperbeam"],"picked":"Biased Cognition","floor":33},{"not_picked":["Reprogram","Conserve Battery+1"],"picked":"Static Discharge","floor":35},{"not_picked":["Swift Strike","Dramatic Entrance"],"picked":"Mind Blast","floor":37},{"not_picked":["Panacea","Madness"],"picked":"Mind Blast","floor":37},{"not_picked":["Panacea","Dark Shackles"],"picked":"Mind Blast","floor":37},{"not_picked":["Sweeping Beam+1","Barrage","Ball Lightning+1"],"picked":"SKIP","floor":38},{"not_picked":["Turbo+1","Streamline"],"picked":"Aggregate","floor":39},{"not_picked":["Beam Cell","Reinforced Body+1"],"picked":"Sweeping Beam+1","floor":40},{"not_picked":["Reboot","Cold Snap"],"picked":"Recycle","floor":41},{"not_picked":["Hologram","Force Field+1"],"picked":"Rainbow","floor":44},{"not_picked":["Stack","Sweeping Beam"],"picked":"Chill","floor":48},{"not_picked":["Melter+1","Reinforced Body+1"],"picked":"Steam Power+1","floor":49}],"player_experience":497758,"potions_floor_usage":[31,44,50],"damage_taken":[{"damage":15.0,"enemies":"2 Louse","floor":1.0,"turns":2.0},{"damage":7.0,"enemies":"Jaw Worm","floor":5.0,"turns":4.0},{"damage":31.0,"enemies":"3 Sentries","floor":6.0,"turns":8.0},{"damage":9.0,"enemies":"Small Slimes","floor":8.0,"turns":3.0},{"damage":1.0,"enemies":"3 Louse","floor":11.0,"turns":2.0},{"damage":40.0,"enemies":"Gremlin Nob","floor":14.0,"turns":5.0},{"damage":56.0,"enemies":"Slime Boss","floor":16.0,"turns":11.0},{"damage":39.0,"enemies":"2 Thieves","floor":18.0,"turns":4.0},{"damage":13.0,"enemies":"Shell Parasite","floor":19.0,"turns":7.0},{"damage":6.0,"enemies":"Snecko","floor":20.0,"turns":5.0},{"damage":40.0,"enemies":"Centurion and Healer","floor":21.0,"turns":8.0},{"damage":13,"enemies":"3 Cultists","floor":27,"turns":4},{"damage":36,"enemies":"Slavers","floor":29,"turns":4},{"damage":6,"enemies":"Book of Stabbing","floor":31,"turns":7},{"damage":28,"enemies":"Champ","floor":33,"turns":11},{"damage":48,"enemies":"3 Darklings","floor":35,"turns":6},{"damage":13,"enemies":"Orb Walker","floor":38,"turns":2},{"damage":9,"enemies":"4 Shapes","floor":39,"turns":6},{"damage":0,"enemies":"Nemesis","floor":41,"turns":5},{"damage":49,"enemies":"Giant Head","floor":44,"turns":9},{"damage":29,"enemies":"Sphere and 2 Shapes","floor":48,"turns":5},{"damage":58,"enemies":"Time Eater","floor":50,"turns":9}],"relics_obtained":[{"floor":6.0,"key":"Bronze Scales"},{"floor":9.0,"key":"Strawberry"},{"floor":14.0,"key":"Dream Catcher"},{"floor":26.0,"key":"Tiny Chest"},{"floor":29,"key":"Toolbox"},{"floor":30,"key":"Nilry\u0027s Codex"},{"floor":31,"key":"Darkstone Periapt"},{"floor":41,"key":"Ginger"},{"floor":43,"key":"Oddly Smooth Stone"},{"floor":44,"key":"Art of War"}],"event_choices":[{"event_name":"World of Goop","player_choice":"Gather Gold","floor":2.0,"damage_taken":0.0},{"event_name":"Big Fish","player_choice":"Donut","floor":4.0,"damage_taken":0.0},{"event_name":"Masked Bandits","player_choice":"Paid Bandits 251 gold","floor":22.0,"damage_taken":0.0},{"event_name":"The Library","player_choice":"Read","floor":28,"damage_taken":0},{"event_name":"Cursed Tome","player_choice":"Obtained Book","floor":30,"damage_taken":0},{"event_name":"SensoryStone","player_choice":"Memory 3","floor":37,"damage_taken":0},{"event_name":"Wheel of Change","player_choice":"Curse","floor":47,"damage_taken":0}],"boss_relics":[{"not_picked":["Tiny House","Sozu"],"picked":"Astrolabe"}],"items_purged_floors":[],"potions_floor_spawned":[5,6,11,18,20,29,35,44],"seed_played":"-2267740937347390763","ascension_level":2,"potions_obtained":[{"floor":5.0,"key":"Fruit Juice"},{"floor":6.0,"key":"Fire Potion"},{"floor":11.0,"key":"Block Potion"},{"floor":18.0,"key":"Regen Potion"},{"floor":20.0,"key":"SkillPotion"},{"floor":29,"key":"SpeedPotion"},{"floor":35,"key":"Poison Potion"},{"floor":44,"key":"Poison Potion"}],"is_trial":false}