{"gold_per_floor":[118,118,130,130,140,172,172,200,200,200,150,3,22,37,37,37],"floor_reached":16,"playtime":692,"items_purged":[],"score":138,"play_id":"6f7e396f-3e4a-481d-92e7-703ad77de3dd","local_time":"20190409035642","is_ascension_mode":true,"campfire_choices":[{"data":"Spot Weakness","floor":7,"key":"SMITH"},{"floor":10,"key":"REST"},{"data":"Pummel","floor":15,"key":"SMITH"}],"neow_cost":"TEN_PERCENT_HP_LOSS","seed_source_timestamp":438811441305229,"circlet_count":0,"master_deck":["Strike_R+1","Strike_R+1","Strike_R","Defend_R","Defend_R","Bash","Warcry","Pummel+1","Spot Weakness+1","Battle Trance","Shrug It Off","Shrug It Off","Flame Barrier"],"relics":["Burning Blood","Shuriken","Pear","Kunai","Meat on the Bone","Whetstone"],"potions_floor_usage":[16],"damage_taken":[{"damage":2,"enemies":"2 Louse","floor":1,"turns":3},{"damage":4,"enemies":"Jaw Worm","floor":3,"turns":4},{"damage":8,"enemies":"Small Slimes","floor":5,"turns":3},{"damage":28,"enemies":"Gremlin Nob","floor":6,"turns":4},{"damage":35,"enemies":"3 Sentries","floor":8,"turns":7},{"damage":34,"enemies":"Gremlin Gang","floor":13,"turns":6},{"damage":0,"enemies":"3 Louse","floor":14,"turns":3},{"damage":44,"enemies":"Slime Boss","floor":16,"turns":10}],"seed_played":"8753329201099633379","potions_obtained":[{"floor":3,"key":"LiquidBronze"},{"floor":13,"key":"Strength Potion"}],"is_trial":false,"path_per_floor":["?","?","?","$","M"],"character_chosen":"IRONCLAD","items_purchased":["Whetstone"],"campfire_rested":1,"item_purchase_floors":[12],"current_hp_per_floor":[72,60,62,55,53,41,41,12,12,36,36,36,20,38,38,0],"gold":37,"neow_bonus":"TRANSFORM_TWO_CARDS","is_prod":false,"is_daily":false,"chose_seed":false,"campfire_upgraded":2,"win_rate":0,"timestamp":1554757002,"path_taken":["M","?","M","?","M","E","R","E","T","R","?","?","?","M","R","BOSS"],"build_version":"2019-01-23","purchased_purges":0,"victory":false,"max_hp_per_floor":[72,72,72,72,72,82,82,82,82,82,82,82,82,82,82,82],"card_choices":[{"not_picked":["Havoc","Sword Boomerang","Power Through"],"picked":"SKIP","floor":1},{"not_picked":["Sever Soul","True Grit"],"picked":"Spot Weakness","floor":3},{"not_picked":["Headbutt","Clothesline"],"picked":"Battle Trance","floor":5},{"not_picked":["Headbutt","Clash"],"picked":"Shrug It Off","floor":6},{"not_picked":["Sentinel","Power Through","Wild Strike"],"picked":"SKIP","floor":8},{"not_picked":["Perfected Strike","Ghostly Armor"],"picked":"Shrug It Off","floor":13},{"not_picked":["Warcry","Twin Strike"],"picked":"Flame Barrier","floor":14}],"player_experience":178804,"relics_obtained":[{"floor":6,"key":"Pear"},{"floor":8,"key":"Kunai"},{"floor":9,"key":"Meat on the Bone"}],"event_choices":[{"damage_healed":0,"gold_gain":0,"player_choice":"Success","damage_taken":12,"relics_obtained":["Shuriken"],"max_hp_gain":0,"max_hp_loss":0,"event_name":"Scrap Ooze","floor":2,"gold_loss":0},{"cards_removed":["Defend_R"],"damage_healed":0,"gold_gain":0,"player_choice":"Card Removal","damage_taken":7,"max_hp_gain":0,"max_hp_loss":0,"event_name":"Golden Wing","floor":4,"gold_loss":0},{"cards_removed":["Strike_R"],"damage_healed":0,"gold_gain":0,"player_choice":"Card Removal","damage_taken":0,"max_hp_gain":0,"max_hp_loss":0,"event_name":"The Cleric","floor":11,"gold_loss":50}],"is_beta":false,"boss_relics":[],"items_purged_floors":[],"is_endless":false,"potions_floor_spawned":[3,13],"killed_by":"Slime Boss","ascension_level":5}