{"gold_per_floor":[118,129,139,139,159,159,185,197,223,257,257,222,37,50,50,129,129,139,154,172,4,4,15,15],"floor_reached":24,"playtime":1186,"items_purged":[],"score":378,"play_id":"38b2ffa8-26fd-4d82-bdbc-0b7ec1889a4e","local_time":"20181219132819","is_ascension_mode":true,"campfire_choices":[{"data":"Clothesline","floor":6.0,"key":"SMITH"},{"data":"Thunderclap","floor":11.0,"key":"SMITH"},{"data":"Apotheosis","floor":15.0,"key":"SMITH"}],"neow_cost":"NONE","seed_source_timestamp":0,"circlet_count":0,"master_deck":["AscendersBane","Bash","Disarm","Shrug It Off","Clothesline+1","Headbutt","Shrug It Off","Thunderclap+1","Apotheosis+1","Uppercut","Juggernaut","Seeing Red","Infernal Blade","Rage","Reckless Charge","Limit Break","Whirlwind","Impervious","Warcry+1","Shrug It Off+1","True Grit","Havoc"],"special_seed":0,"relics":["Burning Blood","Potion Belt","Unceasing Top","Ancient Tea Set","Smiling Mask","Pandora\u0027s Box","Vajra"],"potions_floor_usage":[16,19],"damage_taken":[{"damage":0.0,"enemies":"2 Louse","floor":1.0,"turns":4.0},{"damage":6.0,"enemies":"Cultist","floor":2.0,"turns":5.0},{"damage":10.0,"enemies":"Small Slimes","floor":3.0,"turns":6.0},{"damage":17.0,"enemies":"3 Louse","floor":5.0,"turns":5.0},{"damage":25.0,"enemies":"Lagavulin","floor":7.0,"turns":9.0},{"damage":3.0,"enemies":"Looter","floor":8.0,"turns":4.0},{"damage":21.0,"enemies":"Gremlin Nob","floor":10.0,"turns":5.0},{"damage":0.0,"enemies":"Large Slime","floor":14.0,"turns":4.0},{"damage":39,"enemies":"Slime Boss","floor":16,"turns":14},{"damage":22,"enemies":"Spheric Guardian","floor":18,"turns":5},{"damage":15,"enemies":"3 Byrds","floor":19,"turns":5},{"damage":8,"enemies":"Snake Plant","floor":20,"turns":6},{"damage":18,"enemies":"Shelled Parasite and Fungi","floor":23,"turns":5},{"damage":31,"enemies":"Slavers","floor":24,"turns":2}],"seed_played":"6441311811561144525","potions_obtained":[{"floor":2.0,"key":"SteroidPotion"},{"floor":3.0,"key":"Fruit Juice"},{"floor":10.0,"key":"PowerPotion"},{"floor":18,"key":"FearPotion"}],"is_trial":false,"path_per_floor":["M","M","M","?","M","R","E","M","T","E","R","?","$","M","R","B",null,"M","M","M","$","?","M","E"],"character_chosen":"IRONCLAD","items_purchased":["Apotheosis","Vajra"],"campfire_rested":0,"item_purchase_floors":[13,21],"current_hp_per_floor":[74,74,70,70,64,64,45,48,48,33,33,53,53,59,59,26,67,51,42,40,40,40,28,0],"gold":15,"neow_bonus":"RANDOM_COMMON_RELIC","is_prod":false,"is_daily":false,"chose_seed":false,"campfire_upgraded":3,"win_rate":0,"timestamp":1545222499,"path_taken":["M","M","M","?","?","R","E","M","T","E","R","?","$","M","R","BOSS","M","M","M","$","?","M","E"],"build_version":"2018-12-13","purchased_purges":0,"victory":false,"max_hp_per_floor":[75,75,75,75,80,80,80,80,80,80,80,80,80,80,80,80,80,80,80,80,80,80,80,80],"card_choices":[{"not_picked":["True Grit","Searing Blow"],"picked":"Disarm","floor":1.0},{"not_picked":["Bloodletting","Clothesline"],"picked":"Shrug It Off","floor":2.0},{"not_picked":["Headbutt","Dual Wield"],"picked":"Clothesline","floor":3.0},{"not_picked":["Bloodletting","Corruption"],"picked":"Headbutt","floor":5.0},{"not_picked":["Searing Blow","Intimidate"],"picked":"Shrug It Off","floor":7.0},{"not_picked":["Havoc","Shrug It Off"],"picked":"Thunderclap","floor":8.0},{"not_picked":["Thunderclap","Perfected Strike","Wild Strike"],"picked":"SKIP","floor":10.0},{"not_picked":["Infernal Blade","Clothesline"],"picked":"Uppercut","floor":14.0},{"not_picked":["Immolate","Double Tap"],"picked":"Juggernaut","floor":16},{"not_picked":["Wild Strike","True Grit"],"picked":"Warcry+1","floor":18},{"not_picked":["Infernal Blade","Reckless Charge"],"picked":"Shrug It Off+1","floor":19},{"not_picked":["Juggernaut","Wild Strike"],"picked":"True Grit","floor":20},{"not_picked":["Pummel","Second Wind+1"],"picked":"Havoc","floor":23}],"player_experience":991587,"relics_obtained":[{"floor":7.0,"key":"Unceasing Top"},{"floor":9.0,"key":"Ancient Tea Set"},{"floor":10.0,"key":"Smiling Mask"}],"event_choices":[{"cards_removed":["Strike_R"],"damage_healed":0.0,"max_hp_gain":0.0,"max_hp_loss":0.0,"gold_gain":0.0,"event_name":"Purifier","player_choice":"Purged","floor":4.0,"gold_loss":0.0,"damage_taken":0.0},{"damage_healed":20.0,"max_hp_gain":0.0,"max_hp_loss":0.0,"gold_gain":0.0,"event_name":"The Cleric","player_choice":"Healed","floor":12.0,"gold_loss":35.0,"damage_taken":0.0},{"cards_removed":["Berserk"],"damage_healed":0,"gold_gain":0,"player_choice":"Elegance","damage_taken":0,"max_hp_gain":0,"max_hp_loss":0,"event_name":"Back to Basics","floor":22,"gold_loss":0}],"is_beta":false,"boss_relics":[{"not_picked":["Runic Pyramid","Lizard Tail"],"picked":"Pandora\u0027s Box"}],"items_purged_floors":[],"is_endless":false,"potions_floor_spawned":[2,3,10,18],"killed_by":"Slavers","ascension_level":16}