{"gold_per_floor":[117,392,19,19,32,32,65,83,159,188,202,215,215,245,245,316,316,329,329],"floor_reached":19,"playtime":541,"items_purged":["Regret"],"score":424,"play_id":"dc997ffa-c531-4f7a-a0cf-777dcd0110dd","local_time":"20181231140948","is_ascension_mode":true,"campfire_choices":[{"data":"Zap","floor":6,"key":"SMITH"},{"data":"Discovery","floor":15,"key":"SMITH"}],"neow_cost":"NONE","seed_source_timestamp":332424817158743,"circlet_count":0,"master_deck":["AscendersBane","Strike_B","Strike_B","Strike_B","Strike_B","Defend_B","Defend_B","Defend_B","Defend_B","Zap+1","Dualcast","Gash","Loop","Discovery+1","Sweeping Beam","Leap","Capacitor","Rip and Tear","Core Surge","Ball Lightning"],"relics":["Cracked Core","NeowsBlessing","Lantern","Art of War","Sundial","Mummified Hand","Oddly Smooth Stone","Philosopher\u0027s Stone"],"potions_floor_usage":[7,10,16,16],"damage_taken":[{"damage":0,"enemies":"Small Slimes","floor":1,"turns":1},{"damage":0,"enemies":"Cultist","floor":5,"turns":1},{"damage":0,"enemies":"3 Sentries","floor":7,"turns":1},{"damage":6,"enemies":"2 Louse","floor":8,"turns":2},{"damage":32,"enemies":"Gremlin Nob","floor":10,"turns":4},{"damage":8,"enemies":"Blue Slaver","floor":11,"turns":3},{"damage":0,"enemies":"Exordium Thugs","floor":12,"turns":2},{"damage":25,"enemies":"Lagavulin","floor":14,"turns":7},{"damage":20,"enemies":"Slime Boss","floor":16,"turns":9},{"damage":38,"enemies":"Shell Parasite","floor":18,"turns":6},{"damage":34,"enemies":"Chosen","floor":19,"turns":3}],"seed_played":"-6405715343439060942","potions_obtained":[{"floor":5,"key":"Poison Potion"},{"floor":7,"key":"Fruit Juice"},{"floor":11,"key":"Explosive Potion"},{"floor":14,"key":"Fire Potion"}],"is_trial":false,"path_per_floor":["M","?","$","?","M","R","E","M","T","E","M","M","?","E","R","B",null,"M","M"],"character_chosen":"DEFECT","items_purchased":["Lantern","Loop","Discovery"],"campfire_rested":0,"item_purchase_floors":[3,3,3],"current_hp_per_floor":[64,64,64,64,64,64,69,63,63,31,23,23,48,23,23,3,58,20,0],"gold":329,"neow_bonus":"THREE_ENEMY_KILL","is_prod":false,"is_daily":false,"chose_seed":false,"campfire_upgraded":2,"win_rate":0,"timestamp":1546261788,"path_taken":["M","?","?","?","M","R","E","M","T","E","M","M","?","E","R","BOSS","M","M"],"build_version":"2018-12-20","purchased_purges":1,"victory":false,"max_hp_per_floor":[71,71,71,71,71,71,76,76,76,76,76,76,76,76,76,76,76,76,76],"card_choices":[{"not_picked":["Beam Cell","Redo"],"picked":"Gash","floor":1},{"not_picked":["Turbo","Lockon","Steam Power"],"picked":"SKIP","floor":5},{"not_picked":["Barrage","Consume"],"picked":"Sweeping Beam","floor":7},{"not_picked":["Double Energy","Skim"],"picked":"Leap","floor":8},{"not_picked":["Redo","Conserve Battery"],"picked":"Capacitor","floor":10},{"not_picked":["Rebound","Turbo","Steam Power"],"picked":"SKIP","floor":11},{"not_picked":["Force Field","Beam Cell","Double Energy"],"picked":"SKIP","floor":12},{"not_picked":["Steam Power","Hyperbeam"],"picked":"Rip and Tear","floor":14},{"not_picked":["Fission","Multi-Cast"],"picked":"Core Surge","floor":16},{"not_picked":["Redo","White Noise"],"picked":"Ball Lightning","floor":18}],"player_experience":1077714,"relics_obtained":[{"floor":7,"key":"Art of War"},{"floor":9,"key":"Sundial"},{"floor":10,"key":"Mummified Hand"},{"floor":14,"key":"Oddly Smooth Stone"}],"event_choices":[{"damage_healed":0,"gold_gain":275,"player_choice":"Desecrate","damage_taken":0,"max_hp_gain":0,"max_hp_loss":0,"event_name":"Golden Shrine","floor":2,"gold_loss":0,"cards_obtained":["Regret"]},{"damage_healed":0,"gold_gain":0,"player_choice":"Ignored","damage_taken":0,"max_hp_gain":0,"max_hp_loss":0,"event_name":"Golden Idol","floor":4,"gold_loss":0},{"damage_healed":25,"gold_gain":0,"player_choice":"Banana","damage_taken":0,"max_hp_gain":0,"max_hp_loss":0,"event_name":"Big Fish","floor":13,"gold_loss":0}],"is_beta":false,"boss_relics":[{"not_picked":["Sozu","Velvet Choker"],"picked":"Philosopher\u0027s Stone"}],"items_purged_floors":[3],"is_endless":false,"potions_floor_spawned":[5,7,11,14],"killed_by":"Chosen","ascension_level":20}