{"gold_per_floor":[109,124,141,157,167,201,201,201,226,258,258,277,277,157,157,157],"floor_reached":16,"playtime":654,"items_purged":["Strike_R"],"score":170,"play_id":"454a5e70-32db-4321-964d-b92b79c1566a","local_time":"20190310162515","is_ascension_mode":true,"campfire_choices":[{"data":"Body Slam","floor":7,"key":"SMITH"},{"data":"Whirlwind","floor":13,"key":"SMITH"},{"data":"True Grit","floor":15,"key":"SMITH"}],"neow_cost":"NONE","seed_source_timestamp":0,"circlet_count":0,"master_deck":["Strike_R","Strike_R","Defend_R","Defend_R","Defend_R","Defend_R","Bash","Clothesline","Shrug It Off","Shrug It Off","Body Slam+1","Whirlwind+1","True Grit+1"],"special_seed":0,"relics":["Burning Blood","Question Card","PreservedInsect","Vajra"],"potions_floor_usage":[5,10,16],"damage_taken":[{"damage":5,"enemies":"Small Slimes","floor":1,"turns":3},{"damage":1,"enemies":"Jaw Worm","floor":2,"turns":6},{"damage":6,"enemies":"2 Louse","floor":3,"turns":4},{"damage":5,"enemies":"Large Slime","floor":4,"turns":9},{"damage":7,"enemies":"2 Fungi Beasts","floor":5,"turns":4},{"damage":52,"enemies":"Lagavulin","floor":6,"turns":15},{"damage":10,"enemies":"Gremlin Nob","floor":10,"turns":3},{"damage":0,"enemies":"Blue Slaver","floor":12,"turns":5},{"damage":39,"enemies":"Slime Boss","floor":16,"turns":6}],"seed_played":"-4738718333052693679","potions_obtained":[{"floor":2,"key":"Energy Potion"},{"floor":5,"key":"Swift Potion"},{"floor":6,"key":"Explosive Potion"}],"is_trial":false,"path_per_floor":["M","M","M","M","M","E","R","?","T","E","$","M","R","$","R","B"],"character_chosen":"IRONCLAD","items_purchased":["True Grit"],"campfire_rested":0,"item_purchase_floors":[14],"current_hp_per_floor":[80,80,80,80,79,33,33,33,33,29,29,35,35,35,35,0],"gold":157,"neow_bonus":"TRANSFORM_CARD","is_prod":false,"is_daily":false,"chose_seed":false,"campfire_upgraded":3,"win_rate":0,"timestamp":1552260315,"path_taken":["M","M","M","M","M","E","R","?","T","E","$","M","R","$","R","BOSS"],"build_version":"2019-01-23","purchased_purges":1,"victory":false,"max_hp_per_floor":[80,80,80,80,80,80,80,80,80,80,80,80,80,80,80,80],"card_choices":[{"not_picked":["Headbutt","Ghostly Armor","Perfected Strike"],"picked":"SKIP","floor":1},{"not_picked":["Second Wind","Intimidate"],"picked":"Clothesline","floor":2},{"not_picked":["Clothesline","Metallicize"],"picked":"Shrug It Off","floor":3},{"not_picked":["Rage","Feed"],"picked":"Shrug It Off","floor":4},{"not_picked":["Evolve","Clothesline"],"picked":"Body Slam","floor":5},{"not_picked":["Uppercut","Sever Soul","Combust"],"picked":"SKIP","floor":6},{"not_picked":["Anger","Heavy Blade","Clash"],"picked":"Whirlwind","floor":10},{"not_picked":["Reckless Charge","Corruption","Searing Blow","Sentinel"],"picked":"SKIP","floor":12}],"player_experience":798244,"relics_obtained":[{"floor":6,"key":"Question Card"},{"floor":9,"key":"PreservedInsect"},{"floor":10,"key":"Vajra"}],"event_choices":[{"cards_removed":["Strike_R"],"damage_healed":0,"gold_gain":0,"player_choice":"Forget","damage_taken":0,"max_hp_gain":0,"max_hp_loss":0,"event_name":"Living Wall","floor":8,"gold_loss":0}],"is_beta":false,"boss_relics":[],"items_purged_floors":[14],"is_endless":false,"potions_floor_spawned":[2,5,6],"killed_by":"Slime Boss","ascension_level":1}