{"gold_per_floor":[118,134,59,70,85,111,111,138,138,138,104,115,115,132,132,132],"floor_reached":16,"playtime":701,"items_purged":["Normality"],"score":174,"play_id":"5f8fc393-c32c-453f-a089-849de1d9c2ee","local_time":"20181017064735","is_ascension_mode":true,"campfire_choices":[{"data":"True Grit","floor":7,"key":"SMITH"},{"data":"Shrug It Off","floor":10,"key":"SMITH"},{"floor":13,"key":"REST"},{"floor":15,"key":"REST"}],"neow_cost":"CURSE","seed_source_timestamp":398792554574054,"circlet_count":0,"master_deck":["Strike_R","Strike_R","Strike_R","Strike_R","Strike_R","Defend_R","Defend_R","Defend_R","Defend_R","Bash","AscendersBane","Bludgeon","True Grit+1","Spot Weakness","Twin Strike","Ghostly Armor","Shrug It Off+1","Disarm"],"relics":["Burning Blood","Ginger","Oddly Smooth Stone","Paper Frog"],"potions_floor_usage":[12,12],"damage_taken":[{"damage":6,"enemies":"Cultist","floor":1,"turns":3},{"damage":9,"enemies":"Jaw Worm","floor":2,"turns":3},{"damage":0,"enemies":"Small Slimes","floor":4,"turns":3},{"damage":12,"enemies":"Blue Slaver","floor":5,"turns":4},{"damage":32,"enemies":"Gremlin Nob","floor":6,"turns":5},{"damage":26,"enemies":"3 Sentries","floor":8,"turns":11},{"damage":0,"enemies":"Exordium Thugs","floor":12,"turns":5},{"damage":12,"enemies":"2 Fungi Beasts","floor":14,"turns":5},{"damage":71,"enemies":"Slime Boss","floor":16,"turns":11}],"seed_played":"2657136142603871973","potions_obtained":[{"floor":1,"key":"Strength Potion"},{"floor":4,"key":"Poison Potion"},{"floor":5,"key":"SkillPotion"},{"floor":12,"key":"Weak Potion"}],"is_trial":false,"path_per_floor":["M","M","$","M","M","E","R","E","T","R","?","M","R","M","R"],"character_chosen":"IRONCLAD","items_purchased":[],"campfire_rested":2,"item_purchase_floors":[],"current_hp_per_floor":[72,69,69,75,69,43,43,23,23,23,23,29,53,47,71,0],"gold":132,"neow_bonus":"THREE_RARE_CARDS","is_prod":false,"is_daily":false,"chose_seed":false,"campfire_upgraded":2,"win_rate":0,"timestamp":1539751655,"path_taken":["M","M","?","M","M","E","R","E","T","R","?","M","R","M","R","BOSS"],"build_version":"2018-10-11","purchased_purges":1,"victory":false,"max_hp_per_floor":[80,80,80,80,80,80,80,80,80,80,80,80,80,80,80,80],"card_choices":[{"not_picked":["Feed","Exhume"],"picked":"Bludgeon","floor":0},{"not_picked":["Power Through","Combust"],"picked":"True Grit","floor":1},{"not_picked":["Hemokinesis","Entrench"],"picked":"Spot Weakness","floor":2},{"not_picked":["Whirlwind","Sever Soul"],"picked":"Twin Strike","floor":4},{"not_picked":["Dual Wield","Havoc"],"picked":"Ghostly Armor","floor":5},{"not_picked":["Dual Wield","Cleave"],"picked":"Shrug It Off","floor":6},{"not_picked":["Pommel Strike","Wild Strike","Flex"],"picked":"SKIP","floor":8},{"not_picked":["Twin Strike","Pommel Strike","Evolve"],"picked":"SKIP","floor":12},{"not_picked":["Feel No Pain","Searing Blow"],"picked":"Disarm","floor":14}],"player_experience":570773,"relics_obtained":[{"floor":6,"key":"Ginger"},{"floor":8,"key":"Oddly Smooth Stone"},{"floor":9,"key":"Paper Frog"}],"event_choices":[{"event_name":"World of Goop","player_choice":"Left","floor":11,"damage_taken":0}],"is_beta":false,"boss_relics":[],"items_purged_floors":[3],"is_endless":false,"potions_floor_spawned":[1,4,5,12],"killed_by":"Slime Boss","ascension_level":11}