{"gold_per_floor":[111,123,136,136,136,168,168,180,254,175,175,187,205,238,238,336,336,346,346,149,162,162,187,187,204,204,204,6,6],"floor_reached":29,"playtime":1550,"items_purged":[],"score":253,"play_id":"036b783c-75c5-4315-b7c6-31586ae9ba75","local_time":"20180717163348","is_ascension_mode":false,"campfire_choices":[{"data":"Zap","floor":15,"key":"SMITH"},{"data":"Self Repair","floor":24,"key":"SMITH"},{"data":"Redo","floor":27,"key":"SMITH"}],"neow_cost":"NONE","seed_source_timestamp":88216113570132,"circlet_count":0,"master_deck":["Strike_B+1","Strike_B","Strike_B","Defend_B","Defend_B","Defend_B","Zap+1","Dualcast","Redo","Ball Lightning+1","Auto Shields","Self Repair+1","Flash of Steel","Redo+1","Tempest","Machine Learning","White Noise","Redo+1","Ball Lightning+1","Steam+1"],"relics":["Cracked Core","NeowsBlessing","Turnip","Kunai","Whetstone","White Beast Statue","Orichalcum","Toy Ornithopter","Boot","Smiling Mask","Runic Capacitor"],"potions_floor_usage":[13,16,16,21,23,25,25,29],"damage_taken":[{"damage":0,"enemies":"Jaw Worm","floor":1,"turns":1},{"damage":0,"enemies":"Cultist","floor":2,"turns":1},{"damage":0,"enemies":"Small Slimes","floor":3,"turns":1},{"damage":25,"enemies":"Gremlin Nob","floor":6,"turns":4},{"damage":6,"enemies":"Exordium Wildlife","floor":8,"turns":4},{"damage":4,"enemies":"Exordium Thugs","floor":12,"turns":4},{"damage":7,"enemies":"3 Louse","floor":13,"turns":2},{"damage":19,"enemies":"3 Sentries","floor":14,"turns":7},{"damage":21,"enemies":"The Guardian","floor":16,"turns":10},{"damage":10,"enemies":"Chosen","floor":18,"turns":4},{"damage":13,"enemies":"Spheric Guardian","floor":21,"turns":4},{"damage":56,"enemies":"Slavers","floor":23,"turns":6},{"damage":15,"enemies":"Cultist and Chosen","floor":25,"turns":5},{"damage":27,"enemies":"Snecko","floor":29,"turns":4}],"seed_played":"-1204623646598499782","potions_obtained":[{"floor":8,"key":"Energy Potion"},{"floor":12,"key":"Weak Potion"},{"floor":13,"key":"GamblersBrew"},{"floor":16,"key":"SteroidPotion"},{"floor":18,"key":"Poison Potion"},{"floor":21,"key":"Poison Potion"},{"floor":23,"key":"SteroidPotion"},{"floor":25,"key":"SkillPotion"}],"is_trial":false,"path_per_floor":["M","M","M","$","?","E","?","M","T","$","?","M","M","E","R","B",null,"M","?","$","M","?","E","R","M","T","R","$"],"character_chosen":"DEFECT","items_purchased":["Self Repair","Toy Ornithopter","Runic Capacitor"],"campfire_rested":0,"item_purchase_floors":[10,20,28],"current_hp_per_floor":[75,75,75,75,75,50,50,44,44,44,44,47,47,35,35,21,75,72,72,72,69,69,23,23,24,24,24,24,0],"gold":6,"neow_bonus":"THREE_ENEMY_KILL","is_prod":false,"is_daily":false,"chose_seed":false,"campfire_upgraded":3,"win_rate":0,"timestamp":1531838028,"path_taken":["M","M","M","$","?","E","?","M","T","?","?","M","?","E","R","BOSS","M","?","$","M","?","E","R","?","T","R","$","M"],"build_version":"2018-07-12","purchased_purges":0,"victory":false,"max_hp_per_floor":[75,75,75,75,75,75,75,75,75,75,75,75,75,75,75,75,75,75,75,75,75,75,75,75,75,75,75,75,75],"card_choices":[{"not_picked":["Cold Snap","Go for the Eyes"],"picked":"Redo","floor":1},{"not_picked":["Biased Cognition","Double Energy","Rip and Tear"],"picked":"SKIP","floor":2},{"not_picked":["Stack","Barrage"],"picked":"Ball Lightning","floor":3},{"not_picked":["Steam Power","Rebound"],"picked":"Auto Shields","floor":6},{"not_picked":["Beam Cell","Stack","Sunder"],"picked":"SKIP","floor":8},{"not_picked":["Static Discharge","Reinforced Body"],"picked":"Redo","floor":12},{"not_picked":["Consume","Melter","Glacier"],"picked":"SKIP","floor":13},{"not_picked":["Leap","Rebound"],"picked":"Tempest","floor":14},{"not_picked":["Rainbow","Core Surge"],"picked":"Machine Learning","floor":16},{"not_picked":["Rebound","Cold Snap"],"picked":"White Noise","floor":18},{"not_picked":["Gash","Stack"],"picked":"Redo+1","floor":21},{"not_picked":["Hologram","Doom and Gloom"],"picked":"Ball Lightning+1","floor":23},{"not_picked":["Leap","Compile Driver+1"],"picked":"Steam+1","floor":25}],"player_experience":119134,"relics_obtained":[{"floor":6,"key":"Turnip"},{"floor":9,"key":"Kunai"},{"floor":14,"key":"Whetstone"},{"floor":23,"key":"Boot"},{"floor":26,"key":"Smiling Mask"}],"event_choices":[{"event_name":"Purifier","player_choice":"One Purge","floor":5,"damage_taken":0},{"event_name":"Golden Wing","player_choice":"Ignored","floor":7,"damage_taken":0},{"event_name":"Match and Keep!","player_choice":"1 cards matched","floor":11,"damage_taken":0},{"event_name":"The Mausoleum","player_choice":"Yes","floor":19,"damage_taken":0},{"event_name":"Back to Basics","player_choice":"Elegance","floor":22,"damage_taken":0}],"boss_relics":[{"not_picked":["Tiny House","Eternal Feather"],"picked":"White Beast Statue"}],"items_purged_floors":[],"is_endless":false,"potions_floor_spawned":[8,12,13,16,18,21,23,25],"killed_by":"Snecko","ascension_level":0}