{"path_per_floor":["M","M","?","$","M","E","M","?","T","$","M","$","M","M","R","B",null,"M","M","M","M","M","R","E","R","T","R","M","M","M","M","R","B",null,"M","M","M","$","M","R","E","R","T","M","R","M","M","?","R"],"character_chosen":"THE_SILENT","items_purchased":["Infinite Blades","Dagger Throw","Trip","Finisher","Blood Vial","Ginger","Deadly Poison"],"gold_per_floor":[113,128,303,43,57,87,99,99,126,26,47,13,34,49,49,174,174,188,207,226,251,272,272,311,311,338,338,362,382,403,427,427,552,552,566,584,599,3,19,19,62,62,85,105,105,124,147,215,215],"floor_reached":50,"campfire_rested":7,"playtime":46908,"current_hp_per_floor":[49,39,39,39,39,28,22,22,22,22,18,18,18,18,39,24,70,56,53,53,36,33,54,46,67,67,67,64,64,64,64,64,9,70,68,68,22,22,18,39,9,30,30,31,52,43,38,31,52],"items_purged":["Pain","Doubt","Injury"],"gold":215,"score":531,"play_id":"aa87c9de-cd90-45e8-a5de-11bf2ce3d936","is_prod":false,"is_daily":false,"is_ascension_mode":false,"campfire_upgraded":2,"path_taken":["M","M","?","$","?","E","M","?","T","$","M","?","M","M","R","BOSS","M","?","M","M","M","R","E","R","T","R","M","M","M","M","R","BOSS","M","?","M","$","M","R","E","R","T","M","R","M","M","?","R","BOSS"],"build_version":"2018-02-12-PROD1","purchased_purges":3,"victory":false,"master_deck":["Defend_G","Defend_G","Defend_G","Defend_G","Defend_G","Strike_G","Strike_G","Strike_G","Strike_G","Strike_G","Survivor","Neutralize","Escape Plan","Dash","Infinite Blades+1","Dagger Throw","Trip","Well Laid Plans","Deadly Poison","Noxious Fumes","Flying Knee","Finisher","Backstab+1","Leg Sweep","Die Die Die","Quick Slash","Sucker Punch+1","Deadly Poison+1","Deflect+1","Acrobatics+1","Choke","Poisoned Stab","PiercingWail+1","Dagger Spray+1","Dagger Spray","After Image","Flechettes+1","Blur+1","Poisoned Stab+1","Deadly Poison","Backstab+1","Blur+1","A Thousand Cuts","Sucker Punch+1","Escape Plan","Bane+1","Calculated Gamble+1","Heel Hook+1","Glass Knife","Dagger Spray+1"],"max_hp_per_floor":[70,70,70,70,70,70,70,70,70,70,70,70,70,70,70,70,70,70,70,70,70,70,70,70,70,70,70,70,70,70,70,70,70,70,70,70,70,70,70,70,70,70,70,70,70,70,70,70,70],"relics":["Ring of the Snake","Sundial","Oddly Smooth Stone","Golden Idol","Ancient Tea Set","White Beast Statue","Matryoshka","Vajra","Dream Catcher","Velvet Choker","Blood Vial","Ginger","Anchor","Bag of Marbles","Orichalcum","Thread and Needle"],"card_choices":[{"not_picked":["Heel Hook","Calculated Gamble"],"picked":"Escape Plan"},{"not_picked":["Deflect","Blur"],"picked":"Dash"},{"not_picked":["Crippling Poison","Dodge and Roll"],"picked":"Well Laid Plans"},{"not_picked":["All Out Attack","Flechettes"],"picked":"Deadly Poison"},{"not_picked":["Deflect","Prepared"],"picked":"Noxious Fumes"},{"not_picked":["Well Laid Plans","Deadly Poison"],"picked":"Flying Knee"},{"not_picked":["Calculated Gamble","Predator"],"picked":"Backstab"},{"not_picked":["Outmaneuver","Flying Knee"],"picked":"Leg Sweep"},{"not_picked":["Burst","Glass Knife"],"picked":"Die Die Die"},{"not_picked":["Flechettes","Catalyst"],"picked":"Quick Slash"},{"not_picked":["Dodge and Roll","Outmaneuver"],"picked":"Sucker Punch"},{"not_picked":["Poisoned Stab","Masterful Stab"],"picked":"Deadly Poison"},{"not_picked":["Bane","Caltrops"],"picked":"Deflect"},{"not_picked":["Riddle With Holes","Venomology"],"picked":"Acrobatics"},{"not_picked":["Expertise","Well Laid Plans"],"picked":"Choke"},{"not_picked":["Prepared","Leg Sweep"],"picked":"Poisoned Stab"},{"not_picked":["All Out Attack","Deadly Poison"],"picked":"PiercingWail"},{"not_picked":["Dagger Throw","Leg Sweep"],"picked":"Dagger Spray"},{"not_picked":["Dodge and Roll","Infinite Blades"],"picked":"Dagger Spray"},{"not_picked":["Night Terror","Tactician"],"picked":"After Image"},{"not_picked":["Acrobatics","Sucker Punch"],"picked":"Flechettes"},{"not_picked":["Deadly Poison","Leg Sweep"],"picked":"Blur"},{"not_picked":["Skewer","Dodge and Roll"],"picked":"Poisoned Stab"},{"not_picked":["Tools of the Trade","Blur"],"picked":"Backstab"},{"not_picked":["Endless Agony","Bane"],"picked":"Blur"},{"not_picked":["Endless Agony","Quick Slash"],"picked":"A Thousand Cuts"},{"not_picked":["Well Laid Plans","Malaise"],"picked":"Sucker Punch"},{"not_picked":["Prepared","Riddle With Holes"],"picked":"Escape Plan"},{"not_picked":["Poisoned Stab","Blur"],"picked":"Bane"},{"not_picked":["Blur","Slice"],"picked":"Calculated Gamble"},{"not_picked":["Acrobatics","Underhanded Strike"],"picked":"Heel Hook"},{"not_picked":["Caltrops","Quick Slash"],"picked":"Glass Knife"},{"not_picked":["Reflex","Caltrops"],"picked":"Dagger Spray"}],"player_experience":38433,"potions_floor_usage":[6,13,14,16,18,19,22,24,24,24,28,29,33,33,33,35,37,37,41,41,44,46,48,48],"damage_taken":[{"damage":21,"enemies":"Cultist","floor":1,"turns":8},{"damage":10,"enemies":"Small Slimes","floor":2,"turns":5},{"damage":0,"enemies":"Blue Slaver","floor":5,"turns":3},{"damage":11,"enemies":"Lagavulin","floor":6,"turns":8},{"damage":6,"enemies":"Lots of Slimes","floor":7,"turns":5},{"damage":4,"enemies":"Looter","floor":11,"turns":3},{"damage":0,"enemies":"Large Slime","floor":13,"turns":5},{"damage":0,"enemies":"Lots of Slimes","floor":14,"turns":2},{"damage":15,"enemies":"Hexaghost","floor":16,"turns":10},{"damage":14,"enemies":"Shell Parasite","floor":18,"turns":4},{"damage":15,"enemies":"Spheric Guardian","floor":19,"turns":7},{"damage":0,"enemies":"Snecko","floor":20,"turns":4},{"damage":17,"enemies":"Centurion and Healer","floor":21,"turns":10},{"damage":18,"enemies":"Snake Plant","floor":22,"turns":5},{"damage":8,"enemies":"Slavers","floor":24,"turns":6},{"damage":3,"enemies":"Chosen and Byrds","floor":28,"turns":5},{"damage":0,"enemies":"Slaver and Parasite","floor":29,"turns":7},{"damage":0,"enemies":"Cultist and Chosen","floor":30,"turns":5},{"damage":0,"enemies":"Snake Plant","floor":31,"turns":4},{"damage":55,"enemies":"Automaton","floor":33,"turns":11},{"damage":14,"enemies":"3 Darklings","floor":35,"turns":5},{"damage":0,"enemies":"Orb Walker","floor":36,"turns":3},{"damage":46,"enemies":"4 Shapes","floor":37,"turns":5},{"damage":6,"enemies":"Maw","floor":39,"turns":8},{"damage":32,"enemies":"Giant Head","floor":41,"turns":9},{"damage":1,"enemies":"3 Darklings","floor":44,"turns":4},{"damage":20,"enemies":"4 Shapes","floor":46,"turns":4},{"damage":7,"enemies":"Sphere and 2 Shapes","floor":47,"turns":7},{"damage":9,"enemies":"Mysterious Sphere","floor":48,"turns":3},{"damage":58,"enemies":"Time Eater","floor":50,"turns":11}],"event_choices":[{"event_name":"Liars Game","player_choice":"agreed","floor":3,"damage_taken":0},{"event_name":"Golden Idol","player_choice":"Take Wound","floor":8,"damage_taken":0},{"event_name":"Mysterious Sphere","player_choice":"Fight","floor":48,"damage_taken":0}],"boss_relics":[{"not_picked":["Tiny House","Philosopher\u0027s Stone"],"picked":"White Beast Statue"},{"not_picked":["Question Card","Calling Bell"],"picked":"Velvet Choker"}],"potions_floor_spawned":[1,6,7,14,16,18,19,20,21,22,24,28,29,30,31,33,35,36,37,39,41,44,46,47,48],"seed_played":"8334193005727684589","killed_by":"Time Eater","ascension_level":0,"is_trial":false}