{"gold_per_floor":[111,127,102,52,3,3,32,32,58,90,113,142,142,217,217,319,319,338,28,45,45,45,45,45,45,45,75,24,24,50,66,66,161,161,173,518,104,117,1116,1142,1142,1153,1200,1212,1223,1239,548,548,548,548],"floor_reached":51,"playtime":2952,"items_purged":["Strike_G","Normality"],"score":802,"play_id":"76e7600d-12ab-4699-aec8-7b2a1100c686","local_time":"20190326030952","is_ascension_mode":false,"campfire_choices":[{"data":"Footwork","floor":6,"key":"SMITH"},{"data":"Neutralize","floor":8,"key":"SMITH"},{"data":"Cloak And Dagger","floor":13,"key":"SMITH"},{"data":"All Out Attack","floor":15,"key":"SMITH"},{"data":"After Image","floor":23,"key":"SMITH"},{"data":"A Thousand Cuts","floor":25,"key":"SMITH"},{"data":"Malaise","floor":29,"key":"SMITH"},{"data":"Dash","floor":32,"key":"SMITH"},{"floor":41,"key":"REST"},{"floor":49,"key":"REST"}],"neow_cost":"NONE","seed_source_timestamp":37273430913614,"circlet_count":0,"master_deck":["Defend_G","Defend_G","Defend_G","Defend_G","Defend_G","Strike_G","Strike_G","Strike_G","Survivor","Neutralize+1","All Out Attack+1","Footwork+1","Dagger Spray+1","Quick Slash+1","Dash+1","Escape Plan+1","Cloak And Dagger+1","A Thousand Cuts+1","PiercingWail","PiercingWail","Dagger Throw","Malaise+1","Escape Plan","PiercingWail+1","Die Die Die","Well Laid Plans","Flying Knee+1","After Image+1","Dagger Throw","Backflip","Burst","Bouncing Flask+1","Catalyst","PiercingWail+1","Normality","Adrenaline","Caltrops","Flying Knee+1","Cloak And Dagger","Noxious Fumes","Backflip"],"relics":["Ring of the Snake","Whetstone","Potion Belt","Mercury Hourglass","Bag of Marbles","Pen Nib","Orrery","Oddly Smooth Stone","Tough Bandages","Anchor","Bronze Scales","White Beast Statue","Old Coin","FossilizedHelix","Art of War","StoneCalendar","War Paint"],"potions_floor_usage":[36,40,50,50],"damage_taken":[{"damage":0,"enemies":"2 Louse","floor":1,"turns":3},{"damage":3,"enemies":"Jaw Worm","floor":2,"turns":5},{"damage":21,"enemies":"Lagavulin","floor":7,"turns":12},{"damage":13,"enemies":"Gremlin Nob","floor":10,"turns":4},{"damage":1,"enemies":"3 Sentries","floor":12,"turns":5},{"damage":19,"enemies":"Hexaghost","floor":16,"turns":11},{"damage":17,"enemies":"Spheric Guardian","floor":18,"turns":5},{"damage":0,"enemies":"2 Thieves","floor":20,"turns":4},{"damage":9,"enemies":"Slavers","floor":27,"turns":4},{"damage":1,"enemies":"Book of Stabbing","floor":30,"turns":6},{"damage":3,"enemies":"Sentry and Sphere","floor":31,"turns":6},{"damage":25,"enemies":"Automaton","floor":33,"turns":12},{"damage":2,"enemies":"Orb Walker","floor":35,"turns":4},{"damage":22,"enemies":"2 Orb Walkers","floor":36,"turns":6},{"damage":0,"enemies":"3 Shapes","floor":38,"turns":5},{"damage":38,"enemies":"Nemesis","floor":40,"turns":13},{"damage":5,"enemies":"Writhing Mass","floor":42,"turns":7},{"damage":0,"enemies":"3 Darklings","floor":44,"turns":4},{"damage":13,"enemies":"Sphere and 2 Shapes","floor":45,"turns":4},{"damage":0,"enemies":"4 Shapes","floor":46,"turns":7},{"damage":36,"enemies":"Time Eater","floor":50,"turns":13}],"seed_played":"-254299431831499623","potions_obtained":[{"floor":12,"key":"Ancient Potion"},{"floor":20,"key":"PowerPotion"},{"floor":30,"key":"Ancient Potion"},{"floor":33,"key":"Block Potion"},{"floor":35,"key":"Weak Potion"},{"floor":36,"key":"Explosive Potion"},{"floor":40,"key":"SteroidPotion"},{"floor":42,"key":"SpeedPotion"},{"floor":45,"key":"Block Potion"},{"floor":48,"key":"Block Potion"}],"is_trial":false,"path_per_floor":["M","M","$","?","$","R","E","R","T","E","T","E","R","?","R","B",null,"M","$","M","?","?","R","$","R","T","E","$","R","E","M","R","B",null,"M","?","$","M","?","E","R","M","T","M","M","M","$","?","R","B",null],"character_chosen":"THE_SILENT","items_purchased":["Dagger Spray","Quick Slash","Die Die Die","Well Laid Plans","Oddly Smooth Stone","Dagger Throw","FossilizedHelix","Catalyst","StoneCalendar","Noxious Fumes","Backflip","War Paint","Dexterity Potion"],"campfire_rested":2,"item_purchase_floors":[3,5,19,19,19,28,37,37,47,47,47,47,47],"current_hp_per_floor":[77,74,74,74,74,74,53,53,53,40,40,39,39,32,32,13,77,60,60,60,60,60,60,60,60,60,51,51,51,50,47,47,22,77,75,53,53,53,53,15,38,33,33,33,20,20,20,20,43,7],"gold":548,"neow_bonus":"TEN_PERCENT_HP_BONUS","is_prod":false,"is_daily":false,"chose_seed":false,"campfire_upgraded":8,"win_rate":0,"timestamp":1553580592,"path_taken":["M","M","$","?","$","R","E","R","T","E","?","E","R","?","R","BOSS","M","?","M","?","?","R","$","R","T","E","$","R","E","M","R","BOSS","M","?","$","M","?","E","R","M","T","M","M","M","$","?","R","BOSS"],"build_version":"2019-01-23","purchased_purges":2,"victory":true,"max_hp_per_floor":[77,77,77,77,77,77,77,77,77,77,77,77,77,77,77,77,77,77,77,77,77,77,77,77,77,77,77,77,77,77,77,77,77,77,77,77,77,77,77,77,77,77,77,77,77,77,77,77,77,77],"card_choices":[{"not_picked":["Blade Dance","Poisoned Stab"],"picked":"All Out Attack","floor":1},{"not_picked":["Underhanded Strike","Cloak And Dagger"],"picked":"Footwork","floor":2},{"not_picked":["Tactician","Terror"],"picked":"Dash","floor":7},{"not_picked":["Terror","Burst"],"picked":"Escape Plan","floor":10},{"not_picked":["Concentrate","Dagger Throw"],"picked":"Cloak And Dagger","floor":12},{"not_picked":["Night Terror","Envenom"],"picked":"A Thousand Cuts","floor":16},{"not_picked":["Dodge and Roll","Quick Slash"],"picked":"PiercingWail","floor":17},{"not_picked":["Endless Agony","Outmaneuver"],"picked":"PiercingWail","floor":17},{"not_picked":["Eviscerate","Deadly Poison"],"picked":"Dagger Throw","floor":17},{"not_picked":["Dagger Throw","Endless Agony"],"picked":"Malaise","floor":17},{"not_picked":["Eviscerate","Sucker Punch"],"picked":"Escape Plan","floor":17},{"not_picked":["Outmaneuver","Underhanded Strike"],"picked":"PiercingWail","floor":18},{"not_picked":["Underhanded Strike","Sucker Punch"],"picked":"Flying Knee+1","floor":20},{"not_picked":["Catalyst","Bane","Phantasmal Killer"],"picked":"SKIP","floor":27},{"not_picked":["Quick Slash","Eviscerate","Dagger Spray"],"picked":"SKIP","floor":30},{"not_picked":["Blur","Eviscerate"],"picked":"Backflip","floor":31},{"not_picked":["Wraith Form v2","Unload"],"picked":"Burst","floor":33},{"not_picked":["Deadly Poison","Dagger Spray","Underhanded Strike+1"],"picked":"SKIP","floor":35},{"not_picked":["Prepared","Setup"],"picked":"Bouncing Flask+1","floor":36},{"not_picked":["Poisoned Stab","Acrobatics+1"],"picked":"PiercingWail+1","floor":38},{"not_picked":["Slice","Backflip"],"picked":"Adrenaline","floor":40},{"not_picked":["Escape Plan","Sucker Punch"],"picked":"Caltrops","floor":42},{"not_picked":["Dagger Spray+1","Endless Agony"],"picked":"Flying Knee+1","floor":44},{"not_picked":["Flying Knee","Dodge and Roll"],"picked":"Cloak And Dagger","floor":45},{"not_picked":["Concentrate","Blade Dance","Backstab+1"],"picked":"SKIP","floor":46}],"player_experience":382984,"relics_obtained":[{"floor":7,"key":"Whetstone"},{"floor":9,"key":"Potion Belt"},{"floor":10,"key":"Mercury Hourglass"},{"floor":11,"key":"Bag of Marbles"},{"floor":12,"key":"Pen Nib"},{"floor":26,"key":"Tough Bandages"},{"floor":27,"key":"Anchor"},{"floor":30,"key":"Bronze Scales"},{"floor":36,"key":"Old Coin"},{"floor":40,"key":"Art of War"}],"event_choices":[{"cards_removed":["Strike_G"],"damage_healed":0,"gold_gain":0,"player_choice":"Card Removal","damage_taken":0,"max_hp_gain":0,"max_hp_loss":0,"event_name":"The Cleric","floor":4,"gold_loss":50},{"damage_healed":0,"gold_gain":75,"player_choice":"Touch","damage_taken":7,"max_hp_gain":0,"max_hp_loss":0,"event_name":"FaceTrader","floor":14,"gold_loss":0},{"damage_healed":0,"gold_gain":0,"player_choice":"Ignored","damage_taken":0,"max_hp_gain":0,"max_hp_loss":0,"event_name":"Vampires","floor":21,"gold_loss":0},{"damage_healed":0,"gold_gain":0,"player_choice":"Read","damage_taken":0,"max_hp_gain":0,"max_hp_loss":0,"event_name":"The Library","floor":22,"gold_loss":0,"cards_obtained":["After Image"]},{"damage_healed":0,"gold_gain":0,"player_choice":"Fight","damage_taken":0,"max_hp_gain":0,"max_hp_loss":0,"event_name":"Mysterious Sphere","floor":36,"gold_loss":0},{"damage_healed":0,"gold_gain":999,"player_choice":"Gold","damage_taken":0,"max_hp_gain":0,"max_hp_loss":0,"event_name":"MindBloom","floor":39,"gold_loss":0,"cards_obtained":["Normality","Normality"]},{"damage_healed":0,"gold_gain":0,"player_choice":"Got Potions","damage_taken":0,"max_hp_gain":0,"max_hp_loss":0,"event_name":"Lab","floor":48,"gold_loss":0}],"is_beta":false,"boss_relics":[{"not_picked":["Fusion Hammer","Runic Dome"],"picked":"Orrery"},{"not_picked":["Lizard Tail","WristBlade"],"picked":"White Beast Statue"}],"items_purged_floors":[37,47],"is_endless":false,"potions_floor_spawned":[12,20,30,33,35,36,38,40,42,44,45,46],"ascension_level":0}