{"gold_per_floor":[110,127,127,139,214,214,225,8,8,8,25,25,54,54,54,126,126,143,14,26,26,39,39,57,57],"floor_reached":25,"playtime":650,"items_purged":["Strike_B"],"score":396,"play_id":"e600b6e5-fe11-4f05-b947-eb5660039705","local_time":"20181217134826","is_ascension_mode":true,"campfire_choices":[{"floor":6,"key":"REST"},{"data":"Go for the Eyes","floor":10,"key":"SMITH"},{"data":"Zap","floor":15,"key":"SMITH"},{"data":"Sweeping Beam","floor":23,"key":"SMITH"}],"neow_cost":"NONE","seed_source_timestamp":12322740339400,"circlet_count":0,"master_deck":["AscendersBane","Strike_B","Strike_B","Strike_B","Defend_B","Defend_B","Defend_B","Defend_B","Zap+1","Dualcast","Sunder","Coolheaded","Melter","Hologram+1","Go for the Eyes+1","Amplify","Echo Form","Barrage+1","Sweeping Beam+1","Loop"],"relics":["Cracked Core","NeowsBlessing","Question Card","Bronze Scales","Mummified Hand","Pantograph","Busted Crown","Blood Vial"],"potions_floor_usage":[18,20,22,25],"damage_taken":[{"damage":0,"enemies":"2 Louse","floor":1,"turns":1},{"damage":0,"enemies":"Jaw Worm","floor":2,"turns":1},{"damage":0,"enemies":"Small Slimes","floor":4,"turns":1},{"damage":0,"enemies":"2 Fungi Beasts","floor":7,"turns":2},{"damage":1,"enemies":"Red Slaver","floor":11,"turns":3},{"damage":20,"enemies":"Gremlin Nob","floor":13,"turns":4},{"damage":13,"enemies":"The Guardian","floor":16,"turns":12},{"damage":7,"enemies":"Chosen","floor":18,"turns":3},{"damage":9,"enemies":"2 Thieves","floor":20,"turns":3},{"damage":9,"enemies":"Snake Plant","floor":22,"turns":2},{"damage":18,"enemies":"Snecko","floor":24,"turns":4},{"damage":32,"enemies":"Slavers","floor":25,"turns":2}],"seed_played":"-5927672220469425841","potions_obtained":[{"floor":1,"key":"SteroidPotion"},{"floor":4,"key":"LiquidBronze"},{"floor":20,"key":"FearPotion"}],"is_trial":false,"path_per_floor":["M","M","?","M","?","R","M","$","T","R","M","?","E","?","R","B",null,"M","$","M","T","M","R","M","E"],"character_chosen":"DEFECT","items_purchased":["Bronze Scales","Go for the Eyes","Fire Potion"],"campfire_rested":1,"item_purchase_floors":[8,8,19],"current_hp_per_floor":[64,64,38,38,27,48,48,48,48,48,47,52,32,32,32,44,68,61,61,52,52,45,45,29,0],"gold":57,"neow_bonus":"THREE_ENEMY_KILL","is_prod":false,"is_daily":false,"chose_seed":false,"campfire_upgraded":3,"win_rate":0,"timestamp":1545050906,"path_taken":["M","M","?","M","?","R","M","$","T","R","M","?","E","?","R","BOSS","M","?","?","?","?","R","M","E"],"build_version":"2018-12-13","purchased_purges":1,"victory":false,"max_hp_per_floor":[71,71,71,71,71,71,71,71,71,71,71,76,76,76,76,76,76,76,76,76,76,76,76,76,76],"card_choices":[{"not_picked":["Force Field","Go for the Eyes"],"picked":"Sunder","floor":1},{"not_picked":["Steam Power","Cold Snap"],"picked":"Coolheaded","floor":2},{"not_picked":["Stack","Steam","Rebound"],"picked":"Melter","floor":4},{"not_picked":["Chaos","Streamline","Cold Snap"],"picked":"Hologram","floor":7},{"not_picked":["Lockon","Turbo","Coolheaded","Streamline"],"picked":"SKIP","floor":11},{"not_picked":["Coolheaded","Darkness","Cold Snap"],"picked":"Amplify","floor":13},{"not_picked":["Seek","Machine Learning","Meteor Strike"],"picked":"Echo Form","floor":16},{"not_picked":["Beam Cell"],"picked":"Barrage+1","floor":18},{"not_picked":["Cold Snap"],"picked":"Sweeping Beam","floor":20},{"not_picked":["Beam Cell","Streamline+1"],"picked":"SKIP","floor":22},{"not_picked":["Streamline"],"picked":"Loop","floor":24}],"player_experience":983758,"relics_obtained":[{"floor":9,"key":"Mummified Hand"},{"floor":13,"key":"Pantograph"},{"floor":21,"key":"Blood Vial"}],"event_choices":[{"damage_healed":0,"gold_gain":0,"player_choice":"Success","damage_taken":26,"relics_obtained":["Question Card"],"max_hp_gain":0,"max_hp_loss":0,"event_name":"Scrap Ooze","floor":3,"gold_loss":0},{"damage_healed":0,"gold_gain":75,"player_choice":"Gather Gold","damage_taken":11,"max_hp_gain":0,"max_hp_loss":0,"event_name":"World of Goop","floor":5,"gold_loss":0},{"damage_healed":0,"gold_gain":0,"player_choice":"Donut","damage_taken":0,"max_hp_gain":5,"max_hp_loss":0,"event_name":"Big Fish","floor":12,"gold_loss":0},{"damage_healed":0,"gold_gain":0,"player_choice":"Upgraded","damage_taken":0,"max_hp_gain":0,"max_hp_loss":0,"event_name":"Upgrade Shrine","floor":14,"gold_loss":0,"cards_upgraded":["Hologram"]}],"is_beta":false,"boss_relics":[{"not_picked":["Eternal Feather","Inserter"],"picked":"Busted Crown"}],"items_purged_floors":[19],"is_endless":false,"potions_floor_spawned":[1,4,13,20],"killed_by":"Slavers","ascension_level":19}