{"gold_per_floor":[109,109,125,200,375,375,65,96,96,127,127,140,140,150,150,253,253,264,294,310,310,324,324,324,351,351,351,363,12,12,12,12,117,117,131,131,145,165,182,182,201,201,201,201,201,301,15,28,28,28],"floor_reached":50,"playtime":2157,"items_purged":["Doubt","Strike_B+1"],"score":717,"play_id":"66699212-5637-4020-9ff1-1dff63194945","local_time":"20190420173636","is_ascension_mode":true,"campfire_choices":[{"floor":6,"key":"REST"},{"floor":11,"key":"DIG"},{"floor":13,"key":"DIG"},{"floor":15,"key":"DIG"},{"data":"Biased Cognition","floor":23,"key":"SMITH"},{"floor":27,"key":"DIG"},{"floor":32,"key":"REST"},{"floor":40,"key":"DIG"},{"floor":45,"key":"DIG"},{"floor":49,"key":"DIG"}],"neow_cost":"NONE","seed_source_timestamp":12657893592672,"circlet_count":0,"master_deck":["AscendersBane","Strike_B+1","Strike_B+1","Strike_B+1","Defend_B+1","Defend_B+1","Defend_B+1","Defend_B+1","Zap+1","Dualcast+1","Ball Lightning","Sweeping Beam","FTL","Undo","Undo+1","Biased Cognition+1","Hologram","Hologram","Skim","Leap","Capacitor+1","White Noise","Doom and Gloom","Parasite"],"relics":["Cracked Core","Shovel","Omamori","PreservedInsect","Gambling Chip","Ancient Tea Set","Bag of Marbles","Oddly Smooth Stone","Pantograph","Busted Crown","Tiny Chest","Bronze Scales","Orichalcum","Art of War","Bag of Preparation","Lantern","War Paint","Sozu","Anchor","Pear","Frozen Egg 2","Girya","Vajra"],"potions_floor_usage":[10,33,33,50],"damage_taken":[{"damage":0,"enemies":"Small Slimes","floor":1,"turns":3},{"damage":1,"enemies":"2 Louse","floor":3,"turns":2},{"damage":24,"enemies":"Gremlin Nob","floor":8,"turns":4},{"damage":10,"enemies":"3 Sentries","floor":10,"turns":4},{"damage":2,"enemies":"Jaw Worm","floor":12,"turns":2},{"damage":0,"enemies":"Large Slime","floor":14,"turns":3},{"damage":34,"enemies":"The Guardian","floor":16,"turns":11},{"damage":0,"enemies":"3 Byrds","floor":18,"turns":3},{"damage":7,"enemies":"Spheric Guardian","floor":20,"turns":3},{"damage":8,"enemies":"Snecko","floor":22,"turns":4},{"damage":2,"enemies":"Snake Plant","floor":28,"turns":4},{"damage":57,"enemies":"Champ","floor":33,"turns":11},{"damage":5,"enemies":"3 Darklings","floor":35,"turns":5},{"damage":3,"enemies":"Orb Walker","floor":37,"turns":2},{"damage":1,"enemies":"Spire Growth","floor":38,"turns":4},{"damage":6,"enemies":"Maw","floor":39,"turns":6},{"damage":0,"enemies":"Sphere and 2 Shapes","floor":41,"turns":4},{"damage":2,"enemies":"Mind Bloom Boss Battle","floor":46,"turns":6},{"damage":13,"enemies":"Writhing Mass","floor":48,"turns":6},{"damage":114,"enemies":"Time Eater","floor":50,"turns":10}],"seed_played":"-7377474190904065573","potions_obtained":[{"floor":8,"key":"Energy Potion"},{"floor":14,"key":"Weak Potion"},{"floor":18,"key":"Explosive Potion"},{"floor":33,"key":"Regen Potion"}],"is_trial":false,"path_per_floor":["M","?","M","?","?","R","$","E","T","E","R","M","R","M","R","B",null,"M","?","M","?","M","R","?","T","T","R","M","$","?","?","R","B",null,"M","?","M","M","M","R","M","$","T","?","R","?","$","M","R","B"],"character_chosen":"DEFECT","items_purchased":["FTL","Omamori","Bag of Preparation","Lantern","Strength Potion","Capacitor+1","White Noise","Doom and Gloom"],"campfire_rested":2,"item_purchase_floors":[7,7,29,29,29,47,47,47],"current_hp_per_floor":[68,56,55,44,44,66,66,42,42,32,32,30,30,30,30,21,62,62,62,55,55,47,47,47,47,47,47,45,45,45,29,51,18,61,56,56,53,52,46,46,46,46,56,56,56,79,79,66,66,0],"gold":28,"neow_bonus":"UPGRADE_CARD","is_prod":false,"is_daily":false,"chose_seed":false,"campfire_upgraded":1,"win_rate":0,"timestamp":1555792596,"path_taken":["M","?","M","?","?","R","$","E","T","E","R","M","R","M","R","BOSS","M","?","M","?","?","R","?","?","T","R","M","$","?","?","R","BOSS","M","?","?","M","M","R","M","$","T","?","R","?","$","M","R","BOSS"],"build_version":"2019-01-23","purchased_purges":2,"victory":false,"max_hp_per_floor":[75,75,75,75,75,75,75,75,75,75,75,75,75,75,75,75,75,75,75,75,75,75,75,75,75,75,75,75,75,75,75,75,75,75,75,75,75,75,75,75,75,75,85,85,85,85,85,85,85,85],"card_choices":[{"not_picked":["Gash","Coolheaded"],"picked":"Ball Lightning","floor":1},{"not_picked":["Tempest","White Noise"],"picked":"Sweeping Beam","floor":3},{"not_picked":["Hello World","Cold Snap"],"picked":"Undo","floor":8},{"not_picked":["Beam Cell","Aggregate","Go for the Eyes"],"picked":"SKIP","floor":10},{"not_picked":["Double Energy","Turbo","Redo"],"picked":"SKIP","floor":12},{"not_picked":["Sweeping Beam","Tempest"],"picked":"Undo","floor":14},{"not_picked":["Fission","Multi-Cast"],"picked":"Biased Cognition","floor":16},{"not_picked":[],"picked":"Hologram","floor":18},{"not_picked":["Rebound"],"picked":"SKIP","floor":20},{"not_picked":[],"picked":"Skim","floor":22},{"not_picked":["Turbo"],"picked":"SKIP","floor":28},{"not_picked":["Streamline"],"picked":"SKIP","floor":35},{"not_picked":[],"picked":"Leap","floor":37},{"not_picked":["Stack"],"picked":"SKIP","floor":38},{"not_picked":["Turbo"],"picked":"SKIP","floor":39},{"not_picked":["Glacier"],"picked":"SKIP","floor":41},{"not_picked":["Turbo+1"],"picked":"SKIP","floor":48}],"player_experience":689808,"relics_obtained":[{"floor":8,"key":"PreservedInsect"},{"floor":9,"key":"Gambling Chip"},{"floor":10,"key":"Ancient Tea Set"},{"floor":11,"key":"Bag of Marbles"},{"floor":13,"key":"Oddly Smooth Stone"},{"floor":15,"key":"Pantograph"},{"floor":25,"key":"Bronze Scales"},{"floor":26,"key":"Orichalcum"},{"floor":27,"key":"Art of War"},{"floor":40,"key":"Anchor"},{"floor":43,"key":"Pear"},{"floor":45,"key":"Frozen Egg 2"},{"floor":46,"key":"Girya"},{"floor":49,"key":"Vajra"}],"event_choices":[{"damage_healed":0,"gold_gain":0,"player_choice":"Success","damage_taken":12,"relics_obtained":["Shovel"],"max_hp_gain":0,"max_hp_loss":0,"event_name":"Scrap Ooze","floor":2,"gold_loss":0},{"damage_healed":0,"gold_gain":75,"player_choice":"Gather Gold","damage_taken":11,"max_hp_gain":0,"max_hp_loss":0,"event_name":"World of Goop","floor":4,"gold_loss":0},{"damage_healed":0,"gold_gain":175,"player_choice":"AGREE","damage_taken":0,"max_hp_gain":0,"max_hp_loss":0,"event_name":"Liars Game","floor":5,"gold_loss":0,"cards_obtained":["Doubt"]},{"damage_healed":0,"gold_gain":0,"player_choice":"Opened","damage_taken":0,"relics_obtained":["Tiny Chest"],"max_hp_gain":0,"max_hp_loss":0,"event_name":"The Mausoleum","floor":19,"gold_loss":0,"cards_obtained":["Writhe"]},{"damage_healed":0,"gold_gain":0,"player_choice":"Read","damage_taken":0,"max_hp_gain":0,"max_hp_loss":0,"event_name":"The Library","floor":21,"gold_loss":0,"cards_obtained":["Hologram"]},{"damage_healed":0,"gold_gain":0,"player_choice":"Simplicity","damage_taken":0,"max_hp_gain":0,"max_hp_loss":0,"event_name":"Back to Basics","floor":24,"gold_loss":0,"cards_upgraded":["Strike_B","Strike_B","Strike_B","Strike_B","Defend_B","Defend_B","Defend_B","Defend_B"]},{"damage_healed":0,"gold_gain":0,"player_choice":"Stole Relic","damage_taken":0,"relics_obtained":["War Paint"],"max_hp_gain":0,"max_hp_loss":0,"event_name":"Addict","floor":30,"gold_loss":0,"cards_obtained":["Shame"]},{"damage_healed":0,"gold_gain":0,"player_choice":"Obtained Book","damage_taken":16,"max_hp_gain":0,"max_hp_loss":0,"event_name":"Cursed Tome","floor":31,"gold_loss":0},{"damage_healed":0,"gold_gain":0,"player_choice":"Bought 0 Potions","damage_taken":0,"max_hp_gain":0,"max_hp_loss":0,"event_name":"The Woman in Blue","floor":36,"gold_loss":0},{"damage_healed":0,"gold_gain":0,"player_choice":"Ignored","damage_taken":0,"max_hp_gain":0,"max_hp_loss":0,"event_name":"Mysterious Sphere","floor":44,"gold_loss":0},{"damage_healed":0,"gold_gain":0,"player_choice":"Fight","damage_taken":0,"max_hp_gain":0,"max_hp_loss":0,"event_name":"MindBloom","floor":46,"gold_loss":0}],"is_beta":false,"boss_relics":[{"not_picked":["Empty Cage","Black Star"],"picked":"Busted Crown"},{"not_picked":["Eternal Feather","Coffee Dripper"],"picked":"Sozu"}],"items_purged_floors":[7,47],"is_endless":false,"potions_floor_spawned":[8,14,18,20,33,35,38,39],"killed_by":"Time Eater","ascension_level":12}