{"gold_per_floor":[115,131,147,162,178,197,197,226,274,424,424,389,407,434,434,508,508,521,521,521,189,201,201,233,233,281,281,308,324,338,51,51,128,128,141,141,159,171,191,191,205,205,228,274,18,18,35,46,46,46],"floor_reached":51,"playtime":4999,"items_purged":["Strike_B","Defend_B"],"score":1323,"play_id":"42814981-852d-40ec-9749-d81556dedbda","local_time":"20181022133548","is_ascension_mode":true,"campfire_choices":[{"floor":7.0,"key":"REST"},{"floor":15.0,"key":"REST"},{"data":"Buffer","floor":23.0,"key":"SMITH"},{"data":"White Noise","floor":25.0,"key":"SMITH"},{"data":"Loop","floor":27.0,"key":"SMITH"},{"data":"Double Energy","floor":32.0,"key":"SMITH"},{"data":"Rainbow","floor":40,"key":"SMITH"},{"data":"Cold Snap","floor":42,"key":"SMITH"},{"data":"Glacier","floor":49,"key":"SMITH"}],"neow_cost":"TEN_PERCENT_HP_LOSS","seed_source_timestamp":0,"circlet_count":0,"master_deck":["Strike_B+1","Defend_B","Defend_B","Defend_B","Zap","Dualcast","AscendersBane","White Noise+1","Compile Driver+1","Leap","Redo","Self Repair","Cold Snap+1","Loop+1","Doubt","Ball Lightning","Glacier+1","Electrodynamics","Force Field","Writhe","Meteor Strike+1","FTL+1","Buffer+1","Coolheaded+1","Cold Snap+1","Streamline+1","Streamline+1","Reinforced Body+1","White Noise+1","Rainbow+1","Ball Lightning+1","Beam Cell+1","Streamline+1","Blizzard+1","Blizzard+1","Ball Lightning+1"],"special_seed":0,"relics":["Cracked Core","Ginger","Oddly Smooth Stone","Bronze Scales","Prayer Wheel","Odd Mushroom","Snecko Eye","Molten Egg 2","Anchor","Bag of Marbles","Pen Nib","Question Card","DollysMirror","Eternal Feather","MawBank","Blood Vial","Whetstone","Ancient Tea Set"],"potions_floor_usage":[33,33,50],"damage_taken":[{"damage":0.0,"enemies":"Small Slimes","floor":1.0,"turns":3.0},{"damage":2.0,"enemies":"Jaw Worm","floor":2.0,"turns":3.0},{"damage":18.0,"enemies":"2 Louse","floor":3.0,"turns":3.0},{"damage":5.0,"enemies":"Exordium Wildlife","floor":4.0,"turns":5.0},{"damage":13.0,"enemies":"Exordium Thugs","floor":5.0,"turns":5.0},{"damage":20.0,"enemies":"Large Slime","floor":6.0,"turns":5.0},{"damage":6.0,"enemies":"3 Sentries","floor":8.0,"turns":6.0},{"damage":6.0,"enemies":"Looter","floor":13.0,"turns":4.0},{"damage":9.0,"enemies":"The Mushroom Lair","floor":14.0,"turns":4.0},{"damage":28.0,"enemies":"Slime Boss","floor":16.0,"turns":8.0},{"damage":22.0,"enemies":"2 Thieves","floor":18.0,"turns":3.0},{"damage":2.0,"enemies":"3 Byrds","floor":22.0,"turns":3.0},{"damage":2.0,"enemies":"Book of Stabbing","floor":24.0,"turns":6.0},{"damage":17.0,"enemies":"Gremlin Leader","floor":28.0,"turns":5.0},{"damage":0.0,"enemies":"Snecko","floor":29.0,"turns":4.0},{"damage":2.0,"enemies":"Cultist and Chosen","floor":30.0,"turns":4.0},{"damage":20,"enemies":"Collector","floor":33,"turns":10},{"damage":6,"enemies":"3 Darklings","floor":35,"turns":3},{"damage":6,"enemies":"Orb Walker","floor":37,"turns":2},{"damage":0,"enemies":"Sphere and 2 Shapes","floor":38,"turns":4},{"damage":28,"enemies":"3 Darklings","floor":39,"turns":7},{"damage":3,"enemies":"Jaw Worm Horde","floor":41,"turns":2},{"damage":29,"enemies":"Giant Head","floor":44,"turns":10},{"damage":0,"enemies":"Sphere and 2 Shapes","floor":47,"turns":2},{"damage":0,"enemies":"Spire Growth","floor":48,"turns":3},{"damage":0,"enemies":"Time Eater","floor":50,"turns":7}],"seed_played":"-6878367610719479109","potions_obtained":[{"floor":1.0,"key":"LiquidBronze"},{"floor":3.0,"key":"Strength Potion"},{"floor":5.0,"key":"AttackPotion"},{"floor":6.0,"key":"AttackPotion"},{"floor":8.0,"key":"Weak Potion"},{"floor":18.0,"key":"FocusPotion"},{"floor":39,"key":"SteroidPotion"},{"floor":41,"key":"Poison Potion"},{"floor":48,"key":"Fire Potion"}],"is_trial":false,"path_per_floor":["M","M","M","M","M","M","R","E","T","?","?","?","M","?","R","B",null,"M","?","?","$","M","R","E","R","T","R","E","M","M","$","R","B",null,"M","?","M","M","M","R","M","R","T","E","$","?","M","M","R","B"],"character_chosen":"DEFECT","items_purchased":["FTL+1","Anchor","Buffer","DollysMirror","Whetstone"],"campfire_rested":2,"item_purchase_floors":[21,21,21,31,45],"current_hp_per_floor":[64,62,44,39,26,13,32,33,33,33,28,44,45,43,62,34,57,42,42,42,42,47,47,52,52,52,52,42,49,54,54,54,41,58,52,52,53,64,43,61,58,64,64,42,42,42,44,53,64,64],"gold":46,"neow_bonus":"ONE_RARE_RELIC","is_prod":false,"is_daily":false,"chose_seed":false,"campfire_upgraded":7,"win_rate":0,"timestamp":1540208148,"path_taken":["M","M","M","M","M","M","R","E","T","?","?","?","?","?","R","BOSS","M","?","?","$","M","R","E","R","T","R","E","M","M","$","R","BOSS","M","?","M","M","?","R","M","R","T","E","$","?","M","M","R","BOSS"],"build_version":"2018-10-18","purchased_purges":2,"victory":true,"max_hp_per_floor":[64,64,64,64,64,64,64,64,64,64,64,64,64,64,64,64,64,64,64,64,64,64,64,64,64,64,64,64,64,64,64,64,64,64,64,64,64,64,64,64,64,64,64,64,64,64,64,64,64,64],"card_choices":[{"not_picked":["Steam Power","Genetic Algorithm"],"picked":"White Noise","floor":1.0},{"not_picked":["Chaos","Heatsinks"],"picked":"Compile Driver","floor":2.0},{"not_picked":["Barrage","Coolheaded"],"picked":"Leap","floor":3.0},{"not_picked":["Static Discharge","Go for the Eyes"],"picked":"Redo","floor":4.0},{"not_picked":["Sunder","BootSequence"],"picked":"Self Repair","floor":5.0},{"not_picked":["Aggregate","Darkness"],"picked":"Cold Snap","floor":6.0},{"not_picked":["Compile Driver","Leap"],"picked":"Loop","floor":8.0},{"not_picked":["Force Field","Coolheaded"],"picked":"Ball Lightning","floor":13.0},{"not_picked":["Capacitor","Self Repair"],"picked":"Glacier","floor":13.0},{"not_picked":["Thunder Strike","Biased Cognition"],"picked":"Electrodynamics","floor":16.0},{"not_picked":["Gash","Beam Cell"],"picked":"Force Field","floor":18.0},{"not_picked":["Sweeping Beam","Auto Shields","Coolheaded"],"picked":"SKIP","floor":18.0},{"not_picked":["Leap","Darkness"],"picked":"Coolheaded+1","floor":22.0},{"not_picked":["Hello World","Reinforced Body","Gash+1"],"picked":"SKIP","floor":22.0},{"not_picked":["Steam","Auto Shields"],"picked":"Cold Snap+1","floor":24.0},{"not_picked":["Steam Power","Go for the Eyes+1"],"picked":"Streamline+1","floor":28.0},{"not_picked":["Coolheaded","Redo+1","Steam"],"picked":"Streamline+1","floor":29.0},{"not_picked":["Heatsinks","Coolheaded","White Noise","Hologram+1"],"picked":"SKIP","floor":29.0},{"not_picked":["Barrage+1","Chill","Cold Snap+1"],"picked":"Reinforced Body+1","floor":30.0},{"not_picked":["Force Field","Conserve Battery","Hologram","Reprogram"],"picked":"SKIP","floor":30.0},{"not_picked":["Seek","Fission","Amplify"],"picked":"Rainbow","floor":33},{"not_picked":["Gash+1","Scrape+1","Turbo+1","Hologram"],"picked":"SKIP","floor":35},{"not_picked":["Compile Driver+1","Conserve Battery","Turbo","Rip and Tear+1"],"picked":"SKIP","floor":35},{"not_picked":["Hologram","Stack+1","Barrage+1"],"picked":"Ball Lightning+1","floor":37},{"not_picked":["Fission","BootSequence","Sweeping Beam+1"],"picked":"Beam Cell+1","floor":37},{"not_picked":["Scrape+1","Gash+1","Force Field"],"picked":"Streamline+1","floor":38},{"not_picked":["Redo","Hologram","Gash+1","Leap+1"],"picked":"SKIP","floor":38},{"not_picked":["Sweeping Beam+1","Coolheaded","BootSequence","Compile Driver+1"],"picked":"SKIP","floor":39},{"not_picked":["Tempest","Undo+1","Chill","Cold Snap+1"],"picked":"SKIP","floor":39},{"not_picked":["Redo+1","Cold Snap+1","Multi-Cast","FTL+1"],"picked":"SKIP","floor":41},{"not_picked":["Double Energy","Storm","Blizzard+1","Doom and Gloom+1"],"picked":"SKIP","floor":41},{"not_picked":["Double Energy","Storm","Doom and Gloom+1"],"picked":"Blizzard+1","floor":41},{"not_picked":["Redo+1","Cold Snap+1","Multi-Cast","FTL+1"],"picked":"SKIP","floor":41},{"not_picked":["Recycle","Ball Lightning+1","Skim+1"],"picked":"Blizzard+1","floor":44},{"not_picked":["Beam Cell+1","Hologram","Aggregate","Ball Lightning+1"],"picked":"SKIP","floor":47},{"not_picked":["Cold Snap+1","White Noise","Redo","Heatsinks"],"picked":"SKIP","floor":47},{"not_picked":["Go for the Eyes+1","Redo+1","Reinforced Body"],"picked":"Ball Lightning+1","floor":48},{"not_picked":["Leap","Conserve Battery","Beam Cell+1","Turbo"],"picked":"SKIP","floor":48}],"player_experience":597524,"relics_obtained":[{"floor":8.0,"key":"Oddly Smooth Stone"},{"floor":9.0,"key":"Bronze Scales"},{"floor":14.0,"key":"Odd Mushroom"},{"floor":24.0,"key":"Bag of Marbles"},{"floor":26.0,"key":"Pen Nib"},{"floor":28.0,"key":"Question Card"},{"floor":43,"key":"MawBank"},{"floor":44,"key":"Blood Vial"}],"event_choices":[{"damage_healed":0.0,"max_hp_gain":0.0,"max_hp_loss":0.0,"gold_gain":150.0,"event_name":"Liars Game","player_choice":"AGREE","floor":10.0,"gold_loss":0.0,"damage_taken":0.0,"cards_obtained":["Doubt"]},{"damage_healed":0.0,"max_hp_gain":0.0,"max_hp_loss":0.0,"gold_gain":0.0,"event_name":"Scrap Ooze","player_choice":"Success","floor":11.0,"gold_loss":0.0,"damage_taken":5.0,"relics_obtained":["Prayer Wheel"]},{"damage_healed":16.0,"max_hp_gain":0.0,"max_hp_loss":0.0,"gold_gain":0.0,"event_name":"The Cleric","player_choice":"Healed","floor":12.0,"gold_loss":35.0,"damage_taken":0.0},{"damage_healed":0.0,"max_hp_gain":0.0,"max_hp_loss":0.0,"gold_gain":0.0,"event_name":"Mushrooms","player_choice":"Fought Mushrooms","floor":14.0,"gold_loss":0.0,"damage_taken":0.0},{"damage_healed":0.0,"max_hp_gain":0.0,"max_hp_loss":0.0,"gold_gain":0.0,"event_name":"The Mausoleum","player_choice":"Opened","floor":19.0,"gold_loss":0.0,"damage_taken":0.0,"relics_obtained":["Molten Egg 2"],"cards_obtained":["Writhe"]},{"damage_healed":0.0,"max_hp_gain":0.0,"max_hp_loss":0.0,"gold_gain":0.0,"cards_transformed":["Strike_B","Strike_B"],"event_name":"Drug Dealer","player_choice":"Became Test Subject","floor":20.0,"gold_loss":0.0,"damage_taken":0.0,"cards_obtained":["Double Energy","Meteor Strike"]},{"cards_removed":["Double Energy"],"damage_healed":0,"gold_gain":0,"player_choice":"Removed Skill","damage_taken":0,"max_hp_gain":0,"max_hp_loss":0,"event_name":"Falling","floor":36,"gold_loss":0},{"damage_healed":0,"gold_gain":0,"player_choice":"Gave Potion","damage_taken":0,"relics_obtained":["Ancient Tea Set"],"max_hp_gain":0,"max_hp_loss":0,"event_name":"WeMeetAgain","floor":46,"gold_loss":0}],"is_beta":false,"boss_relics":[{"not_picked":["Lizard Tail","Calling Bell"],"picked":"Snecko Eye"},{"not_picked":["Philosopher\u0027s Stone","Tiny House"],"picked":"Eternal Feather"}],"items_purged_floors":[31,45],"is_endless":false,"potions_floor_spawned":[1,3,5,6,8,18,24,29,39,41,48],"ascension_level":16}