{"path_per_floor":["M","?","M","?","M","E","M","?","T","$","M","?","E","M","R","B",null,"M","$","?","?","?","E","M","R","T","M","?","M","E","?","R"],"character_chosen":"DEFECT","items_purchased":["Capacitor","Chill","Deep Breath","Finesse"],"gold_per_floor":[110,110,126,126,137,172,182,242,242,7,22,22,48,64,64,165,165,181,85,85,115,115,143,154,154,154,165,165,181,211,211,211,211],"floor_reached":33,"campfire_rested":3,"playtime":2448,"current_hp_per_floor":[70,63,63,63,61,48,48,42,42,42,34,16,10,10,32,27,75,60,60,85,85,69,32,32,59,59,54,54,32,5,5,23,0],"items_purged":[],"gold":211,"score":320,"play_id":"329cceaa-cc54-495b-93a9-6d222dd8dc57","local_time":"20180505110019","is_prod":false,"is_daily":false,"chose_seed":false,"is_ascension_mode":false,"campfire_upgraded":0,"timestamp":1525543219,"path_taken":["M","?","M","?","M","E","M","?","T","?","?","?","E","M","R","BOSS","M","$","?","?","?","E","M","R","T","M","?","M","E","?","R","BOSS"],"build_version":"2018-05-03","seed_source_timestamp":835193791298816,"purchased_purges":0,"victory":false,"master_deck":["Defend_B","Defend_B+1","Defend_B+1","Defend_B","Zap","Dualcast","Leap","Ball Lightning","Glacier","Chaos","Streamline","Rebound","Capacitor","Chill","Deep Breath","Sweeping Beam","Reboot","Coolheaded","Multi-Cast","Impulse+1","Finesse","Axe Kick","Undo","Creative AI","Darkness+1","Go for the Eyes","White Noise","Bite","Bite","Bite","Bite","Bite","Consume"],"max_hp_per_floor":[75,75,75,75,75,75,75,75,75,75,75,75,75,75,75,75,75,75,75,85,85,90,90,90,90,90,90,90,90,90,63,63,63],"relics":["Cracked Core","War Paint","Letter Opener","Centennial Puzzle","Matryoshka","Dodecahedron","Sozu","Red Mask","Calipers","Dream Catcher","Juzu Bracelet","Sundial"],"card_choices":[{"not_picked":["Barrage","Gash"],"picked":"Leap","floor":1},{"not_picked":["Impulse","Beam Cell"],"picked":"Ball Lightning","floor":3},{"not_picked":["Beam Cell","Conserve Battery"],"picked":"Chaos","floor":5},{"not_picked":["Go for the Eyes","Lockon"],"picked":"Streamline","floor":6},{"not_picked":["Go for the Eyes","Hologram"],"picked":"All For One","floor":7},{"not_picked":["Static Discharge","Leap"],"picked":"Rebound","floor":8},{"not_picked":["Steam Power","Streamline"],"picked":"Sweeping Beam","floor":11},{"not_picked":["Thunder Strike","Chaos"],"picked":"Reboot","floor":13},{"not_picked":["Lockon","Barrage"],"picked":"Coolheaded","floor":14},{"not_picked":["Reboot","Thunder Strike"],"picked":"Multi-Cast","floor":16},{"not_picked":["Go for the Eyes","Skim"],"picked":"Impulse","floor":18},{"not_picked":["Ball Lightning","Darkness"],"picked":"Axe Kick","floor":21},{"not_picked":["Beam Cell","Blizzard"],"picked":"Undo","floor":23},{"not_picked":["Heatsinks","Rebound"],"picked":"Creative AI","floor":24},{"not_picked":["Go for the Eyes","Chill"],"picked":"Darkness","floor":27},{"not_picked":["Impulse","Reprogram"],"picked":"Go for the Eyes","floor":29},{"not_picked":["Leap","Multi-Cast"],"picked":"White Noise","floor":30},{"not_picked":["BootSequence","Buffer"],"picked":"Consume","floor":32}],"player_experience":7937,"potions_floor_usage":[6,8,16,16],"damage_taken":[{"damage":5,"enemies":"Jaw Worm","floor":1,"turns":4},{"damage":0,"enemies":"Small Slimes","floor":3,"turns":3},{"damage":2,"enemies":"2 Louse","floor":5,"turns":2},{"damage":13,"enemies":"Gremlin Nob","floor":6,"turns":5},{"damage":0,"enemies":"Exordium Wildlife","floor":7,"turns":5},{"damage":6,"enemies":"Lagavulin Event","floor":8,"turns":5},{"damage":8,"enemies":"3 Louse","floor":11,"turns":2},{"damage":6,"enemies":"Lagavulin","floor":13,"turns":6},{"damage":0,"enemies":"Blue Slaver","floor":14,"turns":2},{"damage":5,"enemies":"The Guardian","floor":16,"turns":13},{"damage":15,"enemies":"2 Thieves","floor":18,"turns":3},{"damage":0,"enemies":"Masked Bandits","floor":21,"turns":3},{"damage":37,"enemies":"Slavers","floor":23,"turns":5},{"damage":0,"enemies":"Spheric Guardian","floor":24,"turns":4},{"damage":5,"enemies":"Snecko","floor":27,"turns":5},{"damage":22,"enemies":"Sentry and Sphere","floor":29,"turns":6},{"damage":27,"enemies":"Gremlin Leader","floor":30,"turns":10},{"damage":44,"enemies":"Automaton","floor":33,"turns":8}],"event_choices":[{"event_name":"Golden Wing","player_choice":"Card Removal","floor":2,"damage_taken":0},{"event_name":"Living Wall","player_choice":"Change","floor":4,"damage_taken":0},{"event_name":"Dead Adventurer","player_choice":"Searched \u00273\u0027 times","floor":8,"damage_taken":0},{"event_name":"Scrap Ooze","player_choice":"success","floor":12,"damage_taken":18},{"event_name":"Bonfire Elementals","player_choice":"RARE","floor":20,"damage_taken":0},{"event_name":"Masked Bandits","player_choice":"Fought over 85 gold","floor":21,"damage_taken":0},{"event_name":"Forgotten Altar","player_choice":"Shed Blood","floor":22,"damage_taken":0},{"event_name":"Match and Keep!","player_choice":"0 cards matched","floor":28,"damage_taken":0},{"event_name":"Vampires","player_choice":"Became a vampire","floor":31,"damage_taken":0}],"boss_relics":[{"not_picked":["Velvet Choker","Orrery"],"picked":"Sozu"}],"potions_floor_spawned":[3,5,6,13,18,21],"seed_played":"2522749839406857296","killed_by":"Automaton","ascension_level":0,"is_trial":false}