{"gold_per_floor":[113,38,38,56,77,77,113,113,113,62,85,108,144,165,165,165],"floor_reached":16,"playtime":430,"items_purged":["Defend_R"],"score":112,"play_id":"3f36fa4b-2c86-4db4-a250-4cc18eeb6a18","local_time":"20190419104134","is_ascension_mode":false,"campfire_choices":[{"data":"Bash","floor":6,"key":"SMITH"},{"floor":8,"key":"REST"},{"data":"Shrug It Off","floor":15,"key":"SMITH"}],"neow_cost":"NONE","seed_source_timestamp":664699428121300,"circlet_count":0,"master_deck":["Strike_R","Strike_R","Strike_R","Strike_R","Strike_R","Defend_R","Defend_R","Defend_R","Bash+1","Clash","Shrug It Off+1"],"relics":["Burning Blood","Golden Idol","FossilizedHelix","Bird Faced Urn","Pantograph"],"potions_floor_usage":[7],"damage_taken":[{"damage":6,"enemies":"Cultist","floor":1,"turns":3},{"damage":15,"enemies":"Jaw Worm","floor":4,"turns":4},{"damage":2,"enemies":"2 Louse","floor":5,"turns":3},{"damage":15,"enemies":"Gremlin Nob","floor":7,"turns":4},{"damage":0,"enemies":"Exordium Thugs","floor":11,"turns":5},{"damage":5,"enemies":"Lots of Slimes","floor":12,"turns":5},{"damage":11,"enemies":"Lagavulin","floor":13,"turns":6},{"damage":0,"enemies":"2 Fungi Beasts","floor":14,"turns":4},{"damage":85,"enemies":"Hexaghost","floor":16,"turns":12}],"seed_played":"-8017448042772399676","potions_obtained":[{"floor":4,"key":"Regen Potion"},{"floor":12,"key":"EssenceOfSteel"},{"floor":14,"key":"GamblersBrew"}],"is_trial":false,"path_per_floor":["M","$","?","M","M","R","E","R","T","$","M","M","E","M","R","B"],"character_chosen":"IRONCLAD","items_purchased":["Shrug It Off"],"campfire_rested":1,"item_purchase_floors":[10],"current_hp_per_floor":[80,80,60,51,55,55,58,80,80,80,80,80,75,80,80,0],"gold":165,"neow_bonus":"THREE_CARDS","is_prod":false,"is_daily":false,"chose_seed":false,"campfire_upgraded":2,"win_rate":0,"timestamp":1555663294,"path_taken":["M","$","?","M","M","R","E","R","T","?","?","M","E","M","R","BOSS"],"build_version":"2019-01-23","purchased_purges":1,"victory":false,"max_hp_per_floor":[80,80,80,80,80,80,80,80,80,80,80,80,80,80,80,80],"card_choices":[{"not_picked":["True Grit","Headbutt","Havoc"],"picked":"SKIP","floor":1},{"not_picked":["Seeing Red","Wild Strike","Spot Weakness"],"picked":"SKIP","floor":4},{"not_picked":["Hemokinesis","Clothesline","Headbutt"],"picked":"SKIP","floor":5},{"not_picked":["Havoc","Fire Breathing"],"picked":"Clash","floor":7},{"not_picked":["Body Slam","Perfected Strike","Cleave"],"picked":"SKIP","floor":11},{"not_picked":["Iron Wave","Headbutt","True Grit"],"picked":"SKIP","floor":12},{"not_picked":["Seeing Red","Headbutt","Rampage"],"picked":"SKIP","floor":13},{"not_picked":["Flame Barrier","Pommel Strike","Uppercut"],"picked":"SKIP","floor":14}],"player_experience":611854,"relics_obtained":[{"floor":7,"key":"FossilizedHelix"},{"floor":9,"key":"Bird Faced Urn"},{"floor":13,"key":"Pantograph"}],"event_choices":[{"damage_healed":0,"gold_gain":0,"player_choice":"Take Damage","damage_taken":20,"relics_obtained":["Golden Idol"],"max_hp_gain":0,"max_hp_loss":0,"event_name":"Golden Idol","floor":3,"gold_loss":0}],"is_beta":false,"boss_relics":[],"items_purged_floors":[2],"is_endless":false,"potions_floor_spawned":[4,12,14],"killed_by":"Hexaghost","ascension_level":0}