{"gold_per_floor":[114,134,144,144,163,198,198,228,251,282,282,307,320,339,339,443,443,453,453,230,244,91,91,126,126,126,126,126,157,72,87,87,191,191,201,101,101,115,131,157,157,157,225,260,274,309,33,43,43,43],"floor_reached":51,"playtime":2859,"items_purged":["Writhe","Meteor Strike+1"],"score":1060,"play_id":"91873b1b-094f-4d88-9514-66181ba8f6aa","local_time":"20180831180751","is_ascension_mode":true,"campfire_choices":[{"floor":15,"key":"REST"},{"data":"Echo Form","floor":23,"key":"SMITH"},{"floor":25,"key":"REST"},{"floor":27,"key":"REST"},{"floor":32,"key":"REST"},{"floor":41,"key":"REST"},{"floor":49,"key":"REST"}],"neow_cost":"NONE","seed_source_timestamp":374389913067495,"circlet_count":0,"master_deck":["Strike_B","Strike_B","Defend_B+1","Defend_B+1","Defend_B","Zap","Dualcast","Storm+1","Biased Cognition+1","Cold Snap","Static Discharge","Buffer","Echo Form+1","Ball Lightning","Thunder Strike","Go for the Eyes+1","Genetic Algorithm+1","Fission","Defragment","Hologram+1","Leap+1","Force Field+1","Double Energy+1","Turbo+1","Conserve Battery+1","Self Repair+1","Cold Snap","Electrodynamics","Apotheosis"],"relics":["Astrolabe","Thread and Needle","Pear","Question Card","Blood Vial","Mango","Boot","War Paint","Inserter","Vajra","Oddly Smooth Stone","Happy Flower","Kunai","Prayer Wheel","Shuriken","Regal Pillow","Runic Pyramid","Emotion Chip","The Courier","Blue Candle","Dodecahedron","Torii","DataDisk"],"potions_floor_usage":[10,10,21,21,29,37,40,40,45,46,46],"damage_taken":[{"damage":9,"enemies":"2 Louse","floor":1,"turns":3},{"damage":2,"enemies":"Small Slimes","floor":2,"turns":5},{"damage":7,"enemies":"Jaw Worm","floor":3,"turns":3},{"damage":19,"enemies":"Exordium Thugs","floor":5,"turns":3},{"damage":15,"enemies":"3 Sentries","floor":6,"turns":5},{"damage":12,"enemies":"Lagavulin","floor":8,"turns":5},{"damage":0,"enemies":"3 Sentries","floor":10,"turns":11},{"damage":0,"enemies":"Gremlin Nob","floor":12,"turns":6},{"damage":0,"enemies":"3 Louse","floor":13,"turns":3},{"damage":8,"enemies":"Red Slaver","floor":14,"turns":4},{"damage":0,"enemies":"Slime Boss","floor":16,"turns":11},{"damage":0,"enemies":"Chosen","floor":18,"turns":3},{"damage":22,"enemies":"3 Byrds","floor":21,"turns":4},{"damage":65,"enemies":"Slavers","floor":24,"turns":5},{"damage":26,"enemies":"Gremlin Leader","floor":29,"turns":6},{"damage":24,"enemies":"3 Cultists","floor":31,"turns":4},{"damage":55,"enemies":"Automaton","floor":33,"turns":11},{"damage":11,"enemies":"Orb Walker","floor":35,"turns":5},{"damage":0,"enemies":"Mind Bloom Boss Battle","floor":37,"turns":5},{"damage":11,"enemies":"3 Shapes","floor":38,"turns":7},{"damage":18,"enemies":"Spire Growth","floor":39,"turns":4},{"damage":0,"enemies":"Giant Head","floor":40,"turns":9},{"damage":14,"enemies":"Nemesis","floor":44,"turns":7},{"damage":41,"enemies":"4 Shapes","floor":45,"turns":3},{"damage":13,"enemies":"2 Orb Walkers","floor":46,"turns":5},{"damage":13,"enemies":"Sphere and 2 Shapes","floor":48,"turns":4},{"damage":63,"enemies":"Awakened One","floor":50,"turns":13}],"seed_played":"-5695779761182379509","potions_obtained":[{"floor":2,"key":"FocusPotion"},{"floor":5,"key":"SkillPotion"},{"floor":10,"key":"Ancient Potion"},{"floor":12,"key":"Swift Potion"},{"floor":14,"key":"FocusPotion"},{"floor":16,"key":"Strength Potion"},{"floor":24,"key":"FearPotion"},{"floor":29,"key":"Dexterity Potion"},{"floor":31,"key":"Weak Potion"},{"floor":33,"key":"Fruit Juice"},{"floor":37,"key":"AttackPotion"},{"floor":38,"key":"Block Potion"},{"floor":40,"key":"Explosive Potion"},{"floor":45,"key":"Regen Potion"}],"is_trial":false,"path_per_floor":["M","M","M","?","M","E","T","E","T","E","?","E","M","M","R","B",null,"M","?","$","M","$","R","E","R","T","R","?","E","?","M","R","B",null,"M","$","?","M","M","E","R","?","T","E","M","E","$","M","R","B"],"character_chosen":"DEFECT","items_purchased":["Oddly Smooth Stone","Happy Flower","DataDisk","Apotheosis"],"campfire_rested":6,"item_purchase_floors":[20,22,47,47],"current_hp_per_floor":[66,64,57,57,38,23,33,21,21,37,37,39,41,35,64,66,99,99,99,99,77,77,77,14,43,43,72,72,48,48,26,70,17,99,88,88,95,86,70,72,104,104,104,100,61,62,62,61,104,41],"gold":43,"neow_bonus":"BOSS_RELIC","is_prod":false,"is_daily":false,"chose_seed":false,"campfire_upgraded":1,"win_rate":0,"timestamp":1535731671,"path_taken":["M","M","M","?","M","E","?","E","T","E","?","E","M","M","R","BOSS","M","?","$","M","$","R","E","R","T","R","?","E","?","M","R","BOSS","M","$","?","M","M","E","R","?","T","E","M","E","$","M","R","BOSS"],"build_version":"2018-08-30","purchased_purges":2,"victory":true,"max_hp_per_floor":[75,75,75,75,75,75,85,85,85,99,99,99,99,99,99,99,99,99,99,99,99,99,99,99,99,99,99,99,99,99,99,99,99,99,99,99,104,104,104,104,104,104,104,104,104,104,104,104,104,104],"card_choices":[{"not_picked":["Streamline","Hologram"],"picked":"Cold Snap","floor":1},{"not_picked":["Glacier","Compile Driver"],"picked":"Static Discharge","floor":2},{"not_picked":["Hologram","Darkness","Redo"],"picked":"SKIP","floor":3},{"not_picked":["Tempest","Streamline"],"picked":"Buffer","floor":5},{"not_picked":["Streamline","Coolheaded","Blizzard"],"picked":"SKIP","floor":6},{"not_picked":["Sweeping Beam","Redo","Loop"],"picked":"SKIP","floor":8},{"not_picked":["Sweeping Beam","Redo","Cold Snap"],"picked":"Echo Form","floor":10},{"not_picked":["Doom and Gloom","Darkness","Streamline"],"picked":"Go for the Eyes","floor":12},{"not_picked":["Coolheaded","Darkness","Beam Cell","Go for the Eyes"],"picked":"SKIP","floor":13},{"not_picked":["BootSequence","Coolheaded","Rebound"],"picked":"Ball Lightning","floor":14},{"not_picked":["Seek","Creative AI","Reboot"],"picked":"Thunder Strike","floor":16},{"not_picked":["Cold Snap","Glacier","Beam Cell","Static Discharge"],"picked":"SKIP","floor":18},{"not_picked":["Hologram","Rebound","Heatsinks"],"picked":"Go for the Eyes+1","floor":21},{"not_picked":["Multi-Cast","Turbo","Buffer"],"picked":"Genetic Algorithm+1","floor":24},{"not_picked":["Blizzard","Loop","Sunder"],"picked":"Defragment","floor":29},{"not_picked":["Steam","Beam Cell","Redo"],"picked":"Hologram+1","floor":31},{"not_picked":["Cold Snap","Rainbow","Rebound"],"picked":"Leap+1","floor":31},{"not_picked":["Go for the Eyes","Beam Cell","Compile Driver+1"],"picked":"Force Field+1","floor":35},{"not_picked":["Coolheaded+1","Recycle","Redo"],"picked":"Double Energy+1","floor":35},{"not_picked":["Coolheaded+1","Aggregate","Tempest+1"],"picked":"Turbo+1","floor":38},{"not_picked":["Barrage+1","Aggregate","Undo+1","Hologram"],"picked":"SKIP","floor":38},{"not_picked":["Rebound","Cold Snap+1","Turbo"],"picked":"Conserve Battery+1","floor":39},{"not_picked":["Glacier","Fusion+1","Go for the Eyes"],"picked":"Seek","floor":39},{"not_picked":["Consume+1","Reprogram+1","Defragment"],"picked":"Self Repair+1","floor":40},{"not_picked":["Turbo+1","Genetic Algorithm+1","Streamline+1"],"picked":"Electrodynamics","floor":44},{"not_picked":["Sweeping Beam+1","Streamline+1","Scrape+1","Gash"],"picked":"SKIP","floor":45},{"not_picked":["Steam","BootSequence","Beam Cell+1","Ball Lightning"],"picked":"SKIP","floor":45},{"not_picked":["Thunder Strike","White Noise","All For One","Leap"],"picked":"SKIP","floor":46},{"not_picked":["Skim","Conserve Battery+1","Stack+1","Rebound+1"],"picked":"SKIP","floor":48},{"not_picked":["Cold Snap+1","Redo","Hologram+1","Capacitor+1"],"picked":"SKIP","floor":48}],"player_experience":295543,"relics_obtained":[{"floor":6,"key":"Thread and Needle"},{"floor":7,"key":"Pear"},{"floor":8,"key":"Question Card"},{"floor":9,"key":"Blood Vial"},{"floor":10,"key":"Mango"},{"floor":12,"key":"War Paint"},{"floor":24,"key":"Kunai"},{"floor":26,"key":"Prayer Wheel"},{"floor":29,"key":"Shuriken"},{"floor":37,"key":"Emotion Chip"},{"floor":40,"key":"The Courier"},{"floor":43,"key":"Blue Candle"},{"floor":44,"key":"Dodecahedron"},{"floor":46,"key":"Torii"}],"event_choices":[{"event_name":"Liars Game","player_choice":"disagreed","floor":4,"damage_taken":0},{"event_name":"WeMeetAgain","player_choice":"Potion","floor":11,"damage_taken":0},{"event_name":"The Mausoleum","player_choice":"Yes","floor":19,"damage_taken":0},{"event_name":"Transmorgrifier","player_choice":"Transform","floor":28,"damage_taken":0},{"event_name":"Addict","player_choice":"Obtained Relic","floor":30,"damage_taken":0},{"event_name":"MindBloom","player_choice":"Fight","floor":37,"damage_taken":0},{"event_name":"Transmorgrifier","player_choice":"Transform","floor":42,"damage_taken":0}],"is_beta":false,"boss_relics":[{"not_picked":["Pandora\u0027s Box","Philosopher\u0027s Stone"],"picked":"Inserter"},{"not_picked":["Velvet Choker","Eternal Feather"],"picked":"Runic Pyramid"}],"items_purged_floors":[20,36],"is_endless":false,"potions_floor_spawned":[2,5,10,12,14,16,24,29,31,33,37,38,40,45],"ascension_level":3}