{"gold_per_floor":[118,129,129,129,27,27,65,65,65,103,124,124,51,51,51,172,172,190,190,210,230,244,244],"floor_reached":23,"playtime":1325,"items_purged":[],"score":224,"play_id":"23a02648-1b87-43d0-8193-6608e438f216","local_time":"20180712225948","is_ascension_mode":false,"campfire_choices":[{"floor":6,"key":"REST"},{"data":"True Grit","floor":8,"key":"SMITH"},{"floor":12,"key":"REST"},{"data":"Shockwave","floor":15,"key":"SMITH"}],"neow_cost":"CURSE","seed_source_timestamp":2382941904996163,"circlet_count":0,"master_deck":["Defend_R","Defend_R","Defend_R","Defend_R","Bash","Feel No Pain","Sentinel","True Grit+1","Intimidate","Injury","Corruption","Havoc","Shockwave+1","Warcry+1","Spot Weakness","Feed","Demon Form","Feel No Pain+1","Bite","Bite","Bite","Bite","Bite","Battle Trance+1","Entrench","Disarm"],"relics":["Burning Blood","Golden Idol","Oddly Smooth Stone","Whetstone","Lantern","Coffee Dripper"],"potions_floor_usage":[7,10,16,21,22],"damage_taken":[{"damage":22,"enemies":"Small Slimes","floor":1,"turns":6},{"damage":35,"enemies":"Jaw Worm","floor":2,"turns":6},{"damage":4,"enemies":"3 Sentries","floor":7,"turns":13},{"damage":48,"enemies":"Gremlin Nob","floor":10,"turns":6},{"damage":0,"enemies":"2 Louse","floor":11,"turns":1},{"damage":37,"enemies":"Slime Boss","floor":16,"turns":16},{"damage":6,"enemies":"Chosen","floor":18,"turns":3},{"damage":17,"enemies":"Shell Parasite","floor":20,"turns":6},{"damage":8,"enemies":"Centurion and Healer","floor":21,"turns":5},{"damage":24,"enemies":"Slaver and Parasite","floor":22,"turns":6},{"damage":67,"enemies":"Slavers","floor":23,"turns":4}],"seed_played":"6868970044773487241","potions_obtained":[{"floor":2,"key":"LiquidBronze"},{"floor":7,"key":"SpeedPotion"},{"floor":11,"key":"Strength Potion"},{"floor":18,"key":"Weak Potion"},{"floor":20,"key":"Energy Potion"}],"is_trial":false,"path_per_floor":["M","M","?","?","$","R","E","R","T","E","M","R","$","?","R","B",null,"M","?","M","M","M"],"character_chosen":"IRONCLAD","items_purchased":["Corruption","Havoc","Feed"],"campfire_rested":2,"item_purchase_floors":[5,5,13],"current_hp_per_floor":[64,35,35,35,35,59,61,61,61,19,25,49,49,49,49,18,80,83,58,56,64,54,0],"gold":244,"neow_bonus":"TRANSFORM_TWO_CARDS","is_prod":false,"is_daily":false,"chose_seed":false,"campfire_upgraded":2,"win_rate":0,"timestamp":1531461588,"path_taken":["M","M","?","?","$","R","E","R","T","E","M","R","$","?","R","BOSS","M","?","?","M","M","E"],"build_version":"2018-07-12","purchased_purges":0,"victory":false,"max_hp_per_floor":[80,80,80,80,80,80,80,80,80,80,80,80,80,80,80,80,80,83,58,61,64,64,67],"card_choices":[{"not_picked":["Clash","Reckless Charge"],"picked":"True Grit","floor":1},{"not_picked":["Burning Pact","Battle Trance"],"picked":"Intimidate","floor":2},{"not_picked":["Bloodletting","Body Slam"],"picked":"Shockwave","floor":7},{"not_picked":["Clash","Sword Boomerang"],"picked":"Warcry","floor":10},{"not_picked":["Iron Wave","Sword Boomerang"],"picked":"Spot Weakness","floor":11},{"not_picked":["Fiend Fire","Immolate"],"picked":"Demon Form","floor":16},{"not_picked":["Headbutt","Havoc"],"picked":"Feel No Pain+1","floor":18},{"not_picked":["Warcry","Clothesline"],"picked":"Battle Trance+1","floor":20},{"not_picked":["Rampage+1","Corruption"],"picked":"Entrench","floor":21},{"not_picked":["Searing Blow","Evolve"],"picked":"Disarm","floor":22}],"player_experience":355329,"relics_obtained":[{"floor":7,"key":"Oddly Smooth Stone"},{"floor":9,"key":"Whetstone"},{"floor":10,"key":"Lantern"}],"event_choices":[{"event_name":"Living Wall","player_choice":"Forget","floor":3,"damage_taken":0},{"event_name":"Golden Idol","player_choice":"Take Wound","floor":4,"damage_taken":0},{"event_name":"Upgrade Shrine","player_choice":"Upgraded","floor":14,"damage_taken":0},{"event_name":"Vampires","player_choice":"Became a vampire","floor":19,"damage_taken":0}],"boss_relics":[{"not_picked":["Runic Pyramid","Busted Crown"],"picked":"Coffee Dripper"}],"items_purged_floors":[],"is_endless":false,"potions_floor_spawned":[2,7,11,18,20],"killed_by":"Slavers","ascension_level":0}