{"gold_per_floor":[119,138,0,25,44,44,55,86,86,97,128,128,144,160,160,160],"floor_reached":16,"playtime":658,"items_purged":[],"score":148,"play_id":"d7503c2b-0332-4dc4-a17a-db209097569b","local_time":"20190424222645","is_ascension_mode":true,"campfire_choices":[{"data":"Glass Knife","floor":6,"key":"SMITH"},{"floor":15,"key":"REST"}],"neow_cost":"NONE","seed_source_timestamp":335732999692400,"circlet_count":0,"master_deck":["Defend_G","Defend_G","Defend_G","Defend_G","Defend_G","Strike_G","Strike_G","Strike_G","Strike_G","Survivor","Neutralize","All Out Attack","Deadly Poison","Glass Knife+1","PiercingWail","Deadly Poison","All Out Attack","All Out Attack","Glass Knife","Catalyst","Deflect","Well Laid Plans"],"relics":["Black Star","Omamori","Dodecahedron","Matryoshka","Darkstone Periapt","Bird Faced Urn","Ginger","Pear"],"potions_floor_usage":[8,11,14],"damage_taken":[{"damage":8,"enemies":"Cultist","floor":1,"turns":6},{"damage":0,"enemies":"Small Slimes","floor":2,"turns":3},{"damage":1,"enemies":"Jaw Worm","floor":5,"turns":2},{"damage":3,"enemies":"Looter","floor":7,"turns":3},{"damage":17,"enemies":"3 Sentries","floor":8,"turns":6},{"damage":0,"enemies":"3 Louse","floor":10,"turns":2},{"damage":29,"enemies":"Lagavulin","floor":11,"turns":5},{"damage":0,"enemies":"Gremlin Gang","floor":13,"turns":1},{"damage":6,"enemies":"Lots of Slimes","floor":14,"turns":2},{"damage":38,"enemies":"Slime Boss","floor":16,"turns":3}],"seed_played":"-171134628710045463","potions_obtained":[{"floor":1,"key":"FearPotion"},{"floor":2,"key":"PowerPotion"},{"floor":8,"key":"SpeedPotion"},{"floor":11,"key":"GamblersBrew"}],"is_trial":false,"path_per_floor":["M","M","$","T","M","R","M","E","T","M","E","?","M","M","R","B"],"character_chosen":"THE_SILENT","items_purchased":["Glass Knife"],"campfire_rested":1,"item_purchase_floors":[3],"current_hp_per_floor":[55,55,55,55,54,54,51,34,34,34,15,15,15,9,33,0],"gold":160,"neow_bonus":"BOSS_RELIC","is_prod":false,"is_daily":false,"chose_seed":false,"campfire_upgraded":1,"win_rate":0,"timestamp":1556170005,"path_taken":["M","?","$","?","M","R","M","E","T","M","E","?","?","M","R","BOSS"],"build_version":"2019-04-23","purchased_purges":0,"victory":false,"max_hp_per_floor":[70,70,70,70,70,70,70,70,70,70,80,80,80,80,80,80],"card_choices":[{"not_picked":["Distraction","Endless Agony"],"picked":"All Out Attack","floor":1},{"not_picked":["Prepared","Tactician"],"picked":"Deadly Poison","floor":2},{"not_picked":["Prepared","Sucker Punch"],"picked":"PiercingWail","floor":5},{"not_picked":["Cloak And Dagger","Burst"],"picked":"Deadly Poison","floor":7},{"not_picked":["Quick Slash","PiercingWail"],"picked":"All Out Attack","floor":8},{"not_picked":["Backstab","Prepared"],"picked":"All Out Attack","floor":10},{"not_picked":["Acrobatics","Dagger Spray"],"picked":"Glass Knife","floor":11},{"not_picked":["Eviscerate","Heel Hook"],"picked":"Deflect","floor":13},{"not_picked":["Quick Slash","Dagger Throw"],"picked":"Well Laid Plans","floor":14}],"player_experience":687493,"relics_obtained":[{"floor":4,"key":"Omamori"},{"floor":8,"key":"Dodecahedron"},{"floor":8,"key":"Matryoshka"},{"floor":9,"key":"Darkstone Periapt"},{"floor":9,"key":"Bird Faced Urn"},{"floor":11,"key":"Ginger"},{"floor":11,"key":"Pear"}],"event_choices":[{"damage_healed":0,"gold_gain":0,"cards_transformed":["Strike_G"],"player_choice":"Transformed","damage_taken":0,"max_hp_gain":0,"max_hp_loss":0,"event_name":"Transmorgrifier","floor":12,"gold_loss":0,"cards_obtained":["Catalyst"]}],"is_beta":true,"boss_relics":[],"items_purged_floors":[],"is_endless":false,"potions_floor_spawned":[1,2,8,11],"killed_by":"Slime Boss","ascension_level":6}