{"gold_per_floor":[111,131,131,151,151,151,178,178,259,259,5,26,49,67,67,192,192,206,206,206,229,229,229,262,262,289,308,51,87,87,87,87,208,208,223,287,287,311,311,311,350,350,350,475,495,515,24,39,39,39,39,39,39,72,72],"floor_reached":55,"playtime":7461,"items_purged":["Injury","Strike_R"],"score":768,"play_id":"89060e9b-3d72-4136-ac0b-e57fb09e0761","local_time":"20181223124301","is_ascension_mode":false,"campfire_choices":[{"data":"True Grit","floor":6,"key":"SMITH"},{"data":"Clothesline","floor":10,"key":"SMITH"},{"floor":15,"key":"REST"},{"floor":23,"key":"REST"},{"floor":25,"key":"RECALL"},{"data":"Armaments","floor":30,"key":"SMITH"},{"floor":32,"key":"REST"},{"data":"Metamorphosis","floor":40,"key":"SMITH"},{"data":"Dark Embrace","floor":42,"key":"SMITH"},{"data":"Warcry","floor":49,"key":"SMITH"},{"data":"Demon Form","floor":52,"key":"SMITH"}],"neow_cost":"NONE","seed_source_timestamp":681279208102158,"circlet_count":0,"master_deck":["Strike_R","Strike_R+1","Defend_R","Defend_R","Defend_R","Defend_R","Bash+1","Clothesline+1","Pummel","True Grit+1","Pommel Strike","Metallicize","Battle Trance","Armaments+1","Warcry+1","Headbutt","True Grit","Offering","Sword Boomerang","Corruption","Entrench+1","Fire Breathing+1","Reaper","Dark Embrace+1","Shrug It Off+1","Flame Barrier+1","Metamorphosis+1","Finesse","Finesse","Shockwave+1","Sentinel","Armaments+1","Demon Form+1","Spot Weakness+1","Metallicize","Twin Strike+1","Flame Barrier"],"relics":["Burning Blood","NeowsBlessing","Oddly Smooth Stone","Golden Idol","Sozu","Dodecahedron","Enchiridion","Bag of Marbles","Blood Vial","Letter Opener","Red Mask","MutagenicStrength","Empty Cage","Pocketwatch","Thread and Needle","Nunchaku","Peace Pipe","Ice Cream","Pen Nib"],"potions_floor_usage":[7,12,16,18],"damage_taken":[{"damage":0,"enemies":"Small Slimes","floor":1,"turns":1},{"damage":0,"enemies":"Cultist","floor":2,"turns":1},{"damage":0,"enemies":"2 Louse","floor":4,"turns":1},{"damage":12,"enemies":"Gremlin Nob","floor":7,"turns":3},{"damage":14,"enemies":"Exordium Wildlife","floor":12,"turns":4},{"damage":0,"enemies":"Large Slime","floor":13,"turns":3},{"damage":1,"enemies":"3 Louse","floor":14,"turns":3},{"damage":48,"enemies":"The Guardian","floor":16,"turns":14},{"damage":10,"enemies":"2 Thieves","floor":18,"turns":4},{"damage":22,"enemies":"Spheric Guardian","floor":21,"turns":6},{"damage":17,"enemies":"Book of Stabbing","floor":24,"turns":5},{"damage":14,"enemies":"Snake Plant","floor":27,"turns":4},{"damage":1,"enemies":"Masked Bandits","floor":29,"turns":4},{"damage":38,"enemies":"Automaton","floor":33,"turns":11},{"damage":8,"enemies":"Orb Walker","floor":35,"turns":2},{"damage":42,"enemies":"2 Orb Walkers","floor":36,"turns":5},{"damage":2,"enemies":"3 Shapes","floor":38,"turns":3},{"damage":21,"enemies":"Giant Head","floor":41,"turns":9},{"damage":15,"enemies":"Mind Bloom Boss Battle","floor":44,"turns":8},{"damage":19,"enemies":"Sphere and 2 Shapes","floor":45,"turns":7},{"damage":24,"enemies":"Maw","floor":46,"turns":9},{"damage":7,"enemies":"3 Darklings","floor":48,"turns":4},{"damage":75,"enemies":"Awakened One","floor":50,"turns":13},{"damage":41,"enemies":"Shield and Spear","floor":54,"turns":6},{"damage":88,"enemies":"The Heart","floor":55,"turns":5}],"seed_played":"5289608896870765538","potions_obtained":[{"floor":2,"key":"Poison Potion"},{"floor":7,"key":"SkillPotion"},{"floor":13,"key":"FearPotion"},{"floor":16,"key":"AttackPotion"}],"is_trial":false,"path_per_floor":["M","M","?","M","?","R","E","?","T","R","$","M","M","M","R","B",null,"M","?","?","M","?","R","E","R","T","M","$","?","R","?","R","B",null,"M","?","?","M","?","R","E","R","T","?","M","M","$","M","R","B",null,"R","$","E","B"],"character_chosen":"IRONCLAD","items_purchased":["Metallicize","Battle Trance","Armaments","Letter Opener","Ice Cream","Metallicize"],"campfire_rested":3,"item_purchase_floors":[11,11,11,28,47,47],"current_hp_per_floor":[80,80,80,80,64,64,58,58,58,58,58,50,56,61,80,38,80,76,76,76,60,44,68,57,57,57,51,51,58,58,58,80,56,80,78,50,40,80,80,80,65,65,65,64,65,55,55,56,56,23,80,80,80,45,0],"gold":72,"neow_bonus":"THREE_ENEMY_KILL","is_prod":false,"is_daily":false,"chose_seed":false,"campfire_upgraded":7,"win_rate":0,"timestamp":1545594181,"path_taken":["M","M","?","?","?","R","E","?","T","R","?","M","M","M","R","BOSS","M","?","?","M","?","R","E","R","T","M","$","?","R","?","R","BOSS","M","?","?","M","?","R","E","R","T","?","M","?","$","M","R","BOSS","R","$","E","BOSS"],"build_version":"2018-12-20","purchased_purges":2,"victory":false,"max_hp_per_floor":[80,80,80,80,80,80,80,80,80,80,80,80,80,80,80,80,80,80,80,80,80,80,80,80,80,80,80,80,80,80,80,80,80,80,80,80,80,80,80,80,80,80,80,80,80,80,80,80,80,80,80,80,80,80,80],"card_choices":[{"not_picked":["Flex","Armaments"],"picked":"Clothesline","floor":1},{"not_picked":["Thunderclap","Sever Soul"],"picked":"Pummel","floor":2},{"not_picked":["Evolve","Perfected Strike"],"picked":"True Grit","floor":4},{"not_picked":["Heavy Blade","Fire Breathing"],"picked":"Pommel Strike","floor":7},{"not_picked":["Reckless Charge","Power Through"],"picked":"Warcry","floor":12},{"not_picked":["Sword Boomerang","Cleave"],"picked":"Headbutt","floor":13},{"not_picked":["Reckless Charge","Thunderclap"],"picked":"True Grit","floor":14},{"not_picked":["Berserk","Double Tap"],"picked":"Offering","floor":16},{"not_picked":["Clash","Headbutt"],"picked":"Sword Boomerang","floor":18},{"not_picked":["Sword Boomerang","Shrug It Off"],"picked":"Corruption","floor":21},{"not_picked":["Perfected Strike","Warcry"],"picked":"Entrench+1","floor":24},{"not_picked":["Clothesline","Warcry"],"picked":"Fire Breathing+1","floor":27},{"not_picked":["Shrug It Off","Clash"],"picked":"Reaper","floor":29},{"not_picked":["Demon Form","Immolate"],"picked":"Dark Embrace","floor":33},{"not_picked":["Havoc","Cleave"],"picked":"Shrug It Off+1","floor":35},{"not_picked":["Warcry+1","Combust+1"],"picked":"Flame Barrier+1","floor":36},{"not_picked":["Secret Weapon","Discovery"],"picked":"Metamorphosis","floor":37},{"not_picked":["Sadistic Nature","Transmutation"],"picked":"Finesse","floor":37},{"not_picked":["Jack Of All Trades","Mayhem"],"picked":"Finesse","floor":37},{"not_picked":["Perfected Strike","Thunderclap+1"],"picked":"Shockwave+1","floor":38},{"not_picked":["Clash","Berserk"],"picked":"Sentinel","floor":41},{"not_picked":["Body Slam","Clash+1"],"picked":"Armaments+1","floor":44},{"not_picked":["Shrug It Off+1","Flex+1"],"picked":"Demon Form","floor":45},{"not_picked":["Ghostly Armor","Intimidate"],"picked":"Spot Weakness+1","floor":46},{"not_picked":["Heavy Blade","Armaments"],"picked":"Twin Strike+1","floor":48},{"not_picked":["Anger+1","Pommel Strike+1"],"picked":"Flame Barrier","floor":54}],"player_experience":273310,"relics_obtained":[{"floor":7,"key":"Oddly Smooth Stone"},{"floor":22,"key":"Enchiridion"},{"floor":24,"key":"Bag of Marbles"},{"floor":26,"key":"Blood Vial"},{"floor":29,"key":"Red Mask"},{"floor":36,"key":"Pocketwatch"},{"floor":41,"key":"Thread and Needle"},{"floor":43,"key":"Nunchaku"},{"floor":44,"key":"Peace Pipe"},{"floor":54,"key":"Pen Nib"}],"event_choices":[{"cards_removed":["Dualcast"],"damage_healed":0,"gold_gain":0,"player_choice":"Took Card","damage_taken":0,"max_hp_gain":0,"max_hp_loss":0,"event_name":"NoteForYourself","floor":3,"gold_loss":0,"cards_obtained":["Dualcast"]},{"damage_healed":0,"gold_gain":0,"player_choice":"Entered Light","damage_taken":16,"max_hp_gain":0,"max_hp_loss":0,"event_name":"Shining Light","floor":5,"gold_loss":0,"cards_upgraded":["Strike_R","Bash"]},{"damage_healed":0,"gold_gain":0,"player_choice":"Take Wound","damage_taken":0,"relics_obtained":["Golden Idol"],"max_hp_gain":0,"max_hp_loss":0,"event_name":"Golden Idol","floor":8,"gold_loss":0,"cards_obtained":["Injury"]},{"damage_healed":0,"gold_gain":0,"player_choice":"Opened","damage_taken":0,"relics_obtained":["Dodecahedron"],"max_hp_gain":0,"max_hp_loss":0,"event_name":"The Mausoleum","floor":19,"gold_loss":0,"cards_obtained":["Writhe"]},{"damage_healed":0,"gold_gain":0,"player_choice":"Ignored","damage_taken":0,"max_hp_gain":0,"max_hp_loss":0,"event_name":"Ghosts","floor":20,"gold_loss":0},{"damage_healed":0,"gold_gain":0,"player_choice":"Obtained Book","damage_taken":16,"max_hp_gain":0,"max_hp_loss":0,"event_name":"Cursed Tome","floor":22,"gold_loss":0},{"damage_healed":0,"gold_gain":0,"player_choice":"Fought Bandits","damage_taken":0,"max_hp_gain":0,"max_hp_loss":0,"event_name":"Masked Bandits","floor":29,"gold_loss":0},{"damage_healed":0,"gold_gain":0,"player_choice":"Inject Mutagens","damage_taken":0,"relics_obtained":["MutagenicStrength"],"max_hp_gain":0,"max_hp_loss":0,"event_name":"Drug Dealer","floor":31,"gold_loss":0},{"damage_healed":0,"gold_gain":0,"player_choice":"Fight","damage_taken":0,"max_hp_gain":0,"max_hp_loss":0,"event_name":"Mysterious Sphere","floor":36,"gold_loss":0},{"damage_healed":0,"gold_gain":0,"player_choice":"Memory 3","damage_taken":10,"max_hp_gain":0,"max_hp_loss":0,"event_name":"SensoryStone","floor":37,"gold_loss":0},{"cards_removed":["Strike_R"],"damage_healed":0,"gold_gain":0,"player_choice":"Removed Attack","damage_taken":0,"max_hp_gain":0,"max_hp_loss":0,"event_name":"Falling","floor":39,"gold_loss":0},{"damage_healed":0,"gold_gain":0,"player_choice":"Fight","damage_taken":0,"max_hp_gain":0,"max_hp_loss":0,"event_name":"MindBloom","floor":44,"gold_loss":0}],"is_beta":true,"boss_relics":[{"not_picked":["Velvet Choker","Philosopher\u0027s Stone"],"picked":"Sozu"},{"not_picked":["White Beast Statue","Runic Dome"],"picked":"Empty Cage"}],"items_purged_floors":[11,47],"is_endless":false,"potions_floor_spawned":[2,7,13,16,21,29,33,38,44,45,46,48],"killed_by":"The Heart","ascension_level":0}