{"gold_per_floor":[213,213,159,159,169,181,181,216,216,247,262,262,262,31,31,107,107,126,126,126,126,144,144,157,175,175,175,175],"floor_reached":28,"playtime":1155,"items_purged":["Pain"],"score":511,"play_id":"4e492718-aad8-4b99-8a70-4134b9fef41e","local_time":"20190412161810","is_ascension_mode":true,"campfire_choices":[{"data":"Bash","floor":7,"key":"SMITH"},{"data":"Perfected Strike","floor":13,"key":"SMITH"},{"data":"Pommel Strike","floor":15,"key":"SMITH"},{"data":"Demon Form","floor":23,"key":"SMITH"},{"floor":27,"key":"REST"}],"neow_cost":"NONE","seed_source_timestamp":2872627036815,"circlet_count":0,"master_deck":["AscendersBane","Strike_R","Strike_R","Strike_R","Strike_R","Strike_R","Defend_R","Defend_R","Defend_R","Defend_R","Bash+1","Iron Wave","Headbutt","Iron Wave","Perfected Strike+1","Shrug It Off","Pommel Strike+1","Demon Form+1","Heavy Blade+1","Offering"],"relics":["Burning Blood","Singing Bowl","Magic Flower","Ancient Tea Set","Gremlin Horn","WarpedTongs","Velvet Choker","Molten Egg 2"],"potions_floor_usage":[16],"damage_taken":[{"damage":14,"enemies":"Jaw Worm","floor":1,"turns":4},{"damage":5,"enemies":"2 Louse","floor":5,"turns":4},{"damage":6,"enemies":"Cultist","floor":6,"turns":4},{"damage":30,"enemies":"3 Sentries","floor":8,"turns":12},{"damage":32,"enemies":"Gremlin Nob","floor":10,"turns":5},{"damage":19,"enemies":"Exordium Wildlife","floor":11,"turns":4},{"damage":0,"enemies":"Slime Boss","floor":16,"turns":6},{"damage":0,"enemies":"Chosen","floor":18,"turns":4},{"damage":24,"enemies":"Shell Parasite","floor":22,"turns":4},{"damage":17,"enemies":"3 Cultists","floor":24,"turns":6},{"damage":29,"enemies":"Centurion and Healer","floor":25,"turns":4},{"damage":33,"enemies":"Snecko","floor":28,"turns":4}],"seed_played":"-6467467669269731878","potions_obtained":[{"floor":6,"key":"FairyPotion"},{"floor":8,"key":"Dexterity Potion"},{"floor":16,"key":"Energy Potion"}],"is_trial":false,"path_per_floor":["M","?","$","?","M","M","R","E","T","E","M","?","R","$","R","B",null,"M","?","?","?","M","R","M","M","T","R","M"],"character_chosen":"IRONCLAD","items_purchased":["Headbutt","FearPotion","Anger","Pommel Strike"],"campfire_rested":1,"item_purchase_floors":[3,14,14,14],"current_hp_per_floor":[60,49,49,54,55,55,55,33,33,12,19,19,19,19,19,28,70,81,81,56,61,46,46,38,20,20,47,14],"gold":175,"neow_bonus":"HUNDRED_GOLD","is_prod":false,"is_daily":false,"chose_seed":false,"campfire_upgraded":4,"win_rate":0,"timestamp":1555096690,"path_taken":["M","?","$","?","M","M","R","E","T","E","M","?","R","$","R","BOSS","M","?","?","?","M","R","?","M","T","R","M"],"build_version":"2019-01-23","purchased_purges":1,"victory":false,"max_hp_per_floor":[75,75,75,80,80,80,80,82,82,84,84,84,84,84,84,84,84,86,86,91,91,91,91,91,93,93,93,93],"card_choices":[{"not_picked":["Sword Boomerang","Combust"],"picked":"Iron Wave","floor":1},{"not_picked":["Body Slam","Pommel Strike"],"picked":"Iron Wave","floor":5},{"not_picked":["Bloodletting","Hemokinesis"],"picked":"Perfected Strike","floor":6},{"not_picked":["Fire Breathing","Pommel Strike","Cleave"],"picked":"Singing Bowl","floor":8},{"not_picked":["Havoc","Battle Trance","Sword Boomerang"],"picked":"Singing Bowl","floor":10},{"not_picked":["Body Slam","Pummel"],"picked":"Shrug It Off","floor":11},{"not_picked":["Double Tap","Berserk"],"picked":"Demon Form","floor":16},{"not_picked":["Feel No Pain","Second Wind","Cleave"],"picked":"Singing Bowl","floor":18},{"not_picked":["Anger","Pommel Strike"],"picked":"Heavy Blade+1","floor":22},{"not_picked":["Sword Boomerang","Spot Weakness"],"picked":"Offering","floor":24},{"not_picked":["Anger","Iron Wave+1","Pummel"],"picked":"Singing Bowl","floor":25}],"player_experience":617693,"relics_obtained":[{"floor":8,"key":"Magic Flower"},{"floor":9,"key":"Ancient Tea Set"},{"floor":10,"key":"Gremlin Horn"},{"floor":26,"key":"Molten Egg 2"}],"event_choices":[{"damage_healed":0,"gold_gain":0,"player_choice":"Success","damage_taken":11,"relics_obtained":["Singing Bowl"],"max_hp_gain":0,"max_hp_loss":0,"event_name":"Scrap Ooze","floor":2,"gold_loss":0},{"damage_healed":0,"gold_gain":0,"player_choice":"Donut","damage_taken":0,"max_hp_gain":5,"max_hp_loss":0,"event_name":"Big Fish","floor":4,"gold_loss":0},{"damage_healed":0,"gold_gain":0,"player_choice":"Rummage","damage_taken":0,"relics_obtained":["WarpedTongs"],"max_hp_gain":0,"max_hp_loss":0,"event_name":"Accursed Blacksmith","floor":12,"gold_loss":0,"cards_obtained":["Pain"]},{"damage_healed":0,"gold_gain":0,"player_choice":"Ignored","damage_taken":0,"max_hp_gain":0,"max_hp_loss":0,"event_name":"Beggar","floor":19,"gold_loss":0},{"damage_healed":0,"gold_gain":0,"player_choice":"Shed Blood","damage_taken":30,"max_hp_gain":5,"max_hp_loss":0,"event_name":"Forgotten Altar","floor":20,"gold_loss":0},{"cards_removed":["Anger"],"damage_healed":5,"gold_gain":0,"player_choice":"Offered Common","damage_taken":0,"max_hp_gain":0,"max_hp_loss":0,"event_name":"Bonfire Elementals","floor":21,"gold_loss":0},{"cards_removed":["Anger"],"damage_healed":5,"gold_gain":0,"player_choice":"Offered Special","damage_taken":0,"max_hp_gain":0,"max_hp_loss":0,"event_name":"Bonfire Elementals","floor":21,"gold_loss":0}],"is_beta":false,"boss_relics":[{"not_picked":["Orrery","Fusion Hammer"],"picked":"Velvet Choker"}],"items_purged_floors":[14],"is_endless":false,"potions_floor_spawned":[6,8,16,24,25],"killed_by":"Snecko","ascension_level":17}