{"gold_per_floor":[113,113,188,113,113,113,127,127,127,27,52,72,103,120,120,217,217,229,257,257,257,243,243,243,243,291,324,344,358,233,244,244,343,343,354,367,89,89,311,336,350,377,401,401,241,241,106,121,121,121],"floor_reached":51,"playtime":1456,"items_purged":["Strike_R","Strike_R","Strike_R","Exhume+1","Spot Weakness+1"],"score":918,"play_id":"41138695-9ddb-48e1-a99c-38fd32fbb11e","local_time":"20190324190157","is_ascension_mode":true,"campfire_choices":[{"data":"Demon Form","floor":6.0,"key":"SMITH"},{"data":"Heavy Blade","floor":8.0,"key":"SMITH"},{"data":"Shockwave","floor":15.0,"key":"SMITH"},{"floor":23.0,"key":"REST"},{"floor":25.0,"key":"RECALL"},{"floor":32,"key":"REST"},{"floor":44,"key":"REST"},{"floor":49,"key":"REST"}],"neow_cost":"TEN_PERCENT_HP_LOSS","seed_source_timestamp":0,"circlet_count":0,"master_deck":["Defend_R+1","Bash","Demon Form+1","Heavy Blade+1","Shockwave+1","Shrug It Off","Sword Boomerang","Sentinel+1","Armaments+1","Dropkick"],"special_seed":0,"relics":["Burning Blood","Sundial","Torii","Kunai","Fusion Hammer","Red Mask","Oddly Smooth Stone","FossilizedHelix","Astrolabe","Membership Card","Anchor","Charon\u0027s Ashes","Centennial Puzzle","Bag of Preparation","HandDrill"],"potions_floor_usage":[33,35,40,42,42],"damage_taken":[{"damage":6.0,"enemies":"Jaw Worm","floor":1.0,"turns":3.0},{"damage":0.0,"enemies":"2 Louse","floor":7.0,"turns":2.0},{"damage":25.0,"enemies":"Gremlin Nob","floor":11.0,"turns":4.0},{"damage":2.0,"enemies":"Small Slimes","floor":12.0,"turns":3.0},{"damage":13.0,"enemies":"3 Sentries","floor":13.0,"turns":7.0},{"damage":1.0,"enemies":"Red Slaver","floor":14.0,"turns":4.0},{"damage":18.0,"enemies":"Slime Boss","floor":16.0,"turns":5.0},{"damage":5.0,"enemies":"3 Byrds","floor":18.0,"turns":6.0},{"damage":27.0,"enemies":"Masked Bandits","floor":19.0,"turns":5.0},{"damage":3.0,"enemies":"2 Thieves","floor":22.0,"turns":4.0},{"damage":12.0,"enemies":"Book of Stabbing","floor":27.0,"turns":6.0},{"damage":6,"enemies":"3 Cultists","floor":28,"turns":5},{"damage":0,"enemies":"Snecko","floor":29,"turns":5},{"damage":0,"enemies":"Centurion and Healer","floor":31,"turns":4},{"damage":15,"enemies":"Champ","floor":33,"turns":8},{"damage":0,"enemies":"Orb Walker","floor":35,"turns":3},{"damage":30,"enemies":"3 Shapes","floor":36,"turns":4},{"damage":0,"enemies":"Giant Head","floor":40,"turns":5},{"damage":19,"enemies":"Spire Growth","floor":41,"turns":5},{"damage":38,"enemies":"Reptomancer","floor":42,"turns":5},{"damage":7,"enemies":"3 Darklings","floor":48,"turns":4},{"damage":19,"enemies":"Time Eater","floor":50,"turns":8}],"seed_played":"-3304801542926235555","potions_obtained":[{"floor":7.0,"key":"Fire Potion"},{"floor":11.0,"key":"LiquidBronze"},{"floor":16.0,"key":"GamblersBrew"},{"floor":19.0,"key":"Ancient Potion"},{"floor":22.0,"key":"Block Potion"},{"floor":29,"key":"Regen Potion"},{"floor":33,"key":"Fire Potion"},{"floor":36,"key":"Energy Potion"},{"floor":40,"key":"PowerPotion"}],"is_trial":false,"path_per_floor":["M","?","?","$","?","R","M","R","T","$","E","M","E","M","R","B",null,"M","?","?","$","M","R","?","R","T","E","M","M","$","M","R","B",null,"M","M","$","?","?","E","M","E","T","R","$","?","$","M","R","B",null],"character_chosen":"IRONCLAD","items_purchased":["Membership Card","Bag of Preparation","HandDrill","Dropkick"],"campfire_rested":4,"item_purchase_floors":[37,45,47,47],"current_hp_per_floor":[72,58,47,47,47,47,53,53,53,53,34,38,31,36,36,24,72,72,51,51,51,54,72,72,72,72,66,66,72,72,72,72,63,72,72,48,48,48,48,63,50,18,18,39,39,29,29,28,49,36],"gold":121,"neow_bonus":"THREE_RARE_CARDS","is_prod":false,"is_daily":false,"chose_seed":false,"campfire_upgraded":3,"win_rate":0,"timestamp":1553479317,"path_taken":["M","?","?","?","?","R","M","R","T","$","E","M","E","M","R","BOSS","M","?","?","$","M","R","?","R","T","E","M","?","$","M","R","BOSS","M","M","?","?","?","E","M","E","T","R","$","?","$","?","R","BOSS"],"build_version":"2019-01-23","purchased_purges":5,"victory":true,"max_hp_per_floor":[72,72,72,72,72,72,72,72,72,72,72,72,72,72,72,72,72,72,72,72,72,72,72,72,72,72,72,72,72,72,72,72,72,72,72,72,72,72,72,72,72,72,72,72,72,72,72,72,72,72],"card_choices":[{"not_picked":["Fiend Fire","Double Tap"],"picked":"Demon Form","floor":0.0},{"not_picked":["Fire Breathing","Havoc"],"picked":"Heavy Blade","floor":1.0},{"not_picked":["Cleave","Ghostly Armor","Sword Boomerang"],"picked":"SKIP","floor":7.0},{"not_picked":["Berserk","Perfected Strike"],"picked":"Shockwave","floor":11.0},{"not_picked":["Havoc","Armaments"],"picked":"Shrug It Off","floor":12.0},{"not_picked":["Entrench","Clothesline","Seeing Red"],"picked":"SKIP","floor":13.0},{"not_picked":["Intimidate","Wild Strike","Sword Boomerang"],"picked":"SKIP","floor":14.0},{"not_picked":["Sword Boomerang","Carnage","Pommel Strike"],"picked":"SKIP","floor":18.0},{"not_picked":["Flex","Armaments"],"picked":"Sword Boomerang","floor":22.0},{"not_picked":["Dropkick","True Grit","Reaper"],"picked":"SKIP","floor":27.0},{"not_picked":["Combust","Perfected Strike","Thunderclap"],"picked":"SKIP","floor":28},{"not_picked":["Flame Barrier","Armaments","Sword Boomerang"],"picked":"SKIP","floor":29},{"not_picked":["Inflame","Reckless Charge","Berserk"],"picked":"SKIP","floor":31},{"not_picked":["Headbutt","Disarm","Seeing Red+1"],"picked":"SKIP","floor":35},{"not_picked":["Iron Wave+1","Flex+1"],"picked":"Armaments+1","floor":36},{"not_picked":["Twin Strike+1","Dual Wield+1","Evolve+1"],"picked":"SKIP","floor":40},{"not_picked":["Iron Wave+1","Dual Wield","Combust+1"],"picked":"SKIP","floor":41},{"not_picked":["Pommel Strike","Thunderclap+1","Disarm"],"picked":"SKIP","floor":42},{"not_picked":["Sword Boomerang","Perfected Strike","Warcry"],"picked":"SKIP","floor":48}],"player_experience":828455,"relics_obtained":[{"floor":9.0,"key":"Sundial"},{"floor":11.0,"key":"Torii"},{"floor":13.0,"key":"Kunai"},{"floor":19.0,"key":"Red Mask"},{"floor":26.0,"key":"Oddly Smooth Stone"},{"floor":27.0,"key":"FossilizedHelix"},{"floor":40,"key":"Anchor"},{"floor":42,"key":"Charon\u0027s Ashes"},{"floor":43,"key":"Centennial Puzzle"}],"event_choices":[{"damage_healed":0.0,"max_hp_gain":0.0,"max_hp_loss":0.0,"gold_gain":0.0,"event_name":"Shining Light","player_choice":"Entered Light","floor":2.0,"gold_loss":0.0,"damage_taken":14.0,"cards_upgraded":["Strike_R","Defend_R"]},{"damage_healed":0.0,"max_hp_gain":0.0,"max_hp_loss":0.0,"gold_gain":75.0,"event_name":"World of Goop","player_choice":"Gather Gold","floor":3.0,"gold_loss":0.0,"damage_taken":11.0},{"damage_healed":0.0,"max_hp_gain":0.0,"max_hp_loss":0.0,"gold_gain":0.0,"event_name":"Liars Game","player_choice":"Ignored","floor":5.0,"gold_loss":0.0,"damage_taken":0.0},{"damage_healed":0.0,"max_hp_gain":0.0,"max_hp_loss":0.0,"gold_gain":0.0,"event_name":"Masked Bandits","player_choice":"Fought Bandits","floor":19.0,"gold_loss":0.0,"damage_taken":0.0},{"damage_healed":0.0,"max_hp_gain":0.0,"max_hp_loss":0.0,"gold_gain":0.0,"event_name":"Ghosts","player_choice":"Ignored","floor":20.0,"gold_loss":0.0,"damage_taken":0.0},{"cards_removed":["Strike_R"],"damage_healed":0.0,"max_hp_gain":0.0,"max_hp_loss":0.0,"gold_gain":0.0,"event_name":"Bonfire Elementals","player_choice":"Offered Basic","floor":24.0,"gold_loss":0.0,"damage_taken":0.0},{"cards_removed":["Strike_R"],"damage_healed":0,"gold_gain":0,"player_choice":"Removed Attack","damage_taken":0,"max_hp_gain":0,"max_hp_loss":0,"event_name":"Falling","floor":38,"gold_loss":0},{"damage_healed":0,"gold_gain":222,"player_choice":"Wore Mask","damage_taken":0,"max_hp_gain":0,"max_hp_loss":0,"event_name":"Tomb of Lord Red Mask","floor":39,"gold_loss":0},{"damage_healed":0,"gold_gain":0,"player_choice":"Memory 3","damage_taken":10,"max_hp_gain":0,"max_hp_loss":0,"event_name":"SensoryStone","floor":46,"gold_loss":0}],"is_beta":false,"boss_relics":[{"not_picked":["Mark of Pain","Tiny House"],"picked":"Fusion Hammer"},{"not_picked":["Runic Dome","Velvet Choker"],"picked":"Astrolabe"}],"items_purged_floors":[4,10,30,37,45],"is_endless":false,"potions_floor_spawned":[7,11,16,19,22,29,33,36,40],"ascension_level":1}