{"gold_per_floor":[114,129,144,219,99,99,129,144,144,159,174,189,189,189],"floor_reached":14,"playtime":3931,"items_purged":[],"score":94,"play_id":"eccd2e79-a12a-404c-a0cc-4d1c6feca7bc","local_time":"20190411225933","daily_mods":["Draft","Uncertain Future","Binary"],"is_ascension_mode":false,"campfire_choices":[{"data":"Dash","floor":6.0,"key":"SMITH"}],"neow_cost":"","seed_source_timestamp":0,"circlet_count":0,"master_deck":["Prepared","Deflect","PiercingWail","Tactician","Backflip","Quick Slash","Backflip","Acrobatics","Prepared","Prepared","Dash+1","PiercingWail","Quick Slash","Well Laid Plans","Terror","Escape Plan","Calculated Gamble","Eviscerate"],"special_seed":17997,"relics":["Ring of the Snake","Tiny Chest","Shovel","Dead Branch"],"potions_floor_usage":[],"damage_taken":[{"damage":0.0,"enemies":"Cultist","floor":1.0,"turns":4.0},{"damage":0.0,"enemies":"Jaw Worm","floor":2.0,"turns":3.0},{"damage":0.0,"enemies":"2 Louse","floor":3.0,"turns":3.0},{"damage":17.0,"enemies":"3 Sentries","floor":7.0,"turns":9.0},{"damage":0.0,"enemies":"Blue Slaver","floor":8.0,"turns":3.0},{"damage":0.0,"enemies":"Gremlin Gang","floor":10.0,"turns":5.0},{"damage":0.0,"enemies":"2 Fungi Beasts","floor":11.0,"turns":4.0},{"damage":4.0,"enemies":"Exordium Thugs","floor":12.0,"turns":4.0},{"damage":0,"enemies":"3 Louse","floor":14,"turns":1}],"seed_played":"6366022716300994326","potions_obtained":[{"floor":7.0,"key":"Swift Potion"},{"floor":10.0,"key":"Poison Potion"},{"floor":11.0,"key":"Ancient Potion"}],"is_trial":false,"path_per_floor":["M","M","M","?","$","R","E","M","T","M","M","M","?","M"],"character_chosen":"THE_SILENT","items_purchased":["Tiny Chest"],"campfire_rested":0,"item_purchase_floors":[5],"current_hp_per_floor":[70,70,70,63,63,63,46,46,46,46,46,42,42,42],"gold":189,"neow_bonus":"","is_prod":false,"is_daily":true,"chose_seed":false,"campfire_upgraded":1,"win_rate":0,"timestamp":1555048773,"path_taken":["M","M","M","?","$","R","E","M","T","M","?","M","?","M"],"build_version":"2019-01-23","purchased_purges":0,"victory":false,"max_hp_per_floor":[70,70,70,70,70,70,70,70,70,70,70,70,70,70],"card_choices":[{"not_picked":["Underhanded Strike","Backflip"],"picked":"Prepared","floor":0.0},{"not_picked":["Outmaneuver","Sucker Punch"],"picked":"Deflect","floor":0.0},{"not_picked":["Outmaneuver","Deadly Poison"],"picked":"PiercingWail","floor":0.0},{"not_picked":["Dagger Throw","Reflex"],"picked":"Tactician","floor":0.0},{"not_picked":["Dodge and Roll","Sucker Punch"],"picked":"Backflip","floor":0.0},{"not_picked":["Outmaneuver","Cloak And Dagger"],"picked":"Quick Slash","floor":0.0},{"not_picked":["Heel Hook","Dodge and Roll"],"picked":"Backflip","floor":0.0},{"not_picked":["Sucker Punch","Underhanded Strike"],"picked":"Acrobatics","floor":0.0},{"not_picked":["Cloak And Dagger","Bane"],"picked":"Prepared","floor":0.0},{"not_picked":["Dagger Throw","Sucker Punch"],"picked":"Prepared","floor":0.0},{"not_picked":["Quick Slash","Deadly Poison"],"picked":"Dash","floor":0.0},{"not_picked":["Heel Hook","Catalyst"],"picked":"PiercingWail","floor":0.0},{"not_picked":["Bane","Reflex"],"picked":"Quick Slash","floor":0.0},{"not_picked":["Blade Dance","Blur"],"picked":"Well Laid Plans","floor":0.0},{"not_picked":["Caltrops","Underhanded Strike"],"picked":"Prepared","floor":0.0},{"not_picked":["Blade Dance"],"picked":"Terror","floor":1.0},{"not_picked":["Dodge and Roll","Poisoned Stab"],"picked":"SKIP","floor":2.0},{"not_picked":["Predator","Setup"],"picked":"SKIP","floor":3.0},{"not_picked":["All Out Attack","Poisoned Stab"],"picked":"SKIP","floor":7.0},{"not_picked":["Caltrops","Deadly Poison"],"picked":"SKIP","floor":8.0},{"not_picked":["Finisher"],"picked":"Escape Plan","floor":10.0},{"not_picked":["Finisher","Underhanded Strike"],"picked":"SKIP","floor":11.0},{"not_picked":["Bouncing Flask"],"picked":"Calculated Gamble","floor":12.0}],"player_experience":916402,"relics_obtained":[{"floor":7.0,"key":"Shovel"},{"floor":9.0,"key":"Dead Branch"}],"event_choices":[{"damage_healed":0.0,"max_hp_gain":0.0,"max_hp_loss":0.0,"gold_gain":75.0,"event_name":"FaceTrader","player_choice":"Touch","floor":4.0,"gold_loss":0.0,"damage_taken":7.0},{"damage_healed":0.0,"max_hp_gain":0.0,"max_hp_loss":0.0,"gold_gain":0.0,"cards_transformed":["Prepared"],"event_name":"Transmorgrifier","player_choice":"Transformed","floor":13.0,"gold_loss":0.0,"damage_taken":0.0,"cards_obtained":["Eviscerate"]}],"is_beta":false,"boss_relics":[],"items_purged_floors":[],"is_endless":false,"potions_floor_spawned":[7,10,11],"killed_by":"3 Louse","ascension_level":0}