{"gold_per_floor":[111,130,130,145,161,191,191,191,191,76,105,105,5,0,0,77,77,96,96,75,94,108,108,55,71,95,95,110,35,35],"floor_reached":30,"playtime":1048,"items_purged":["Strike_R"],"score":468,"play_id":"23591162-1927-427d-83ef-1fe00c38818d","local_time":"20181226194001","is_ascension_mode":true,"campfire_choices":[{"data":"Combust","floor":8,"key":"SMITH"},{"data":"Demon Form","floor":15,"key":"SMITH"},{"data":"Whirlwind","floor":23,"key":"SMITH"},{"data":"Flame Barrier","floor":27,"key":"SMITH"}],"neow_cost":"NONE","seed_source_timestamp":441895505805113,"circlet_count":0,"master_deck":["AscendersBane","Strike_R","Strike_R","Strike_R","Strike_R","Defend_R","Defend_R","Defend_R","Defend_R","Bash+1","Pommel Strike+1","Flame Barrier+1","Demon Form+1","Combust+1","True Grit+1","Flame Barrier+1","Parasite","Good Instincts+1","Whirlwind+1","Disarm+1","Armaments+1","Shockwave+1","Seeing Red+1"],"relics":["Burning Blood","Potion Belt","Toxic Egg 2","FossilizedHelix","Coffee Dripper","Art of War"],"potions_floor_usage":[20,21,28,30],"damage_taken":[{"damage":7,"enemies":"Small Slimes","floor":1,"turns":5},{"damage":0,"enemies":"2 Louse","floor":2,"turns":3},{"damage":6,"enemies":"Cultist","floor":4,"turns":3},{"damage":6,"enemies":"Red Slaver","floor":5,"turns":3},{"damage":30,"enemies":"Lagavulin","floor":6,"turns":7},{"damage":9,"enemies":"3 Sentries","floor":11,"turns":5},{"damage":30,"enemies":"Slime Boss","floor":16,"turns":8},{"damage":21,"enemies":"Shell Parasite","floor":18,"turns":6},{"damage":17,"enemies":"2 Thieves","floor":20,"turns":5},{"damage":0,"enemies":"Snake Plant","floor":21,"turns":4},{"damage":14,"enemies":"Centurion and Healer","floor":22,"turns":5},{"damage":14,"enemies":"3 Cultists","floor":25,"turns":4},{"damage":43,"enemies":"Cultist and Chosen","floor":28,"turns":7},{"damage":8,"enemies":"Chosen and Byrds","floor":30,"turns":6}],"seed_played":"7753245669187694399","potions_obtained":[{"floor":1,"key":"Strength Potion"},{"floor":2,"key":"Regen Potion"},{"floor":6,"key":"LiquidBronze"},{"floor":11,"key":"Swift Potion"},{"floor":18,"key":"Block Potion"},{"floor":22,"key":"Explosive Potion"}],"is_trial":false,"path_per_floor":["M","M","?","M","M","E","?","R","T","$","E","?","$","?","R","B",null,"M","?","M","M","M","R","$","M","T","R","M","$","M"],"character_chosen":"IRONCLAD","items_purchased":["True Grit+1","Flame Barrier+1","Good Instincts+1","PowerPotion"],"campfire_rested":0,"item_purchase_floors":[10,10,13,24],"current_hp_per_floor":[67,73,73,73,73,49,54,54,54,54,51,71,71,71,71,47,72,57,57,55,61,53,53,53,45,45,45,8,8,0],"gold":35,"neow_bonus":"UPGRADE_CARD","is_prod":false,"is_daily":false,"chose_seed":false,"campfire_upgraded":4,"win_rate":0,"timestamp":1545849601,"path_taken":["M","M","?","M","M","E","?","R","T","$","E","?","$","?","R","BOSS","M","?","?","M","M","R","$","M","T","R","M","?","M"],"build_version":"2018-12-20","purchased_purges":1,"victory":false,"max_hp_per_floor":[75,75,75,75,75,75,80,80,80,80,80,80,80,80,80,80,80,80,80,80,80,80,80,80,80,80,80,80,80,80],"card_choices":[{"not_picked":["Infernal Blade","Wild Strike"],"picked":"Pommel Strike","floor":1},{"not_picked":["Thunderclap","Feel No Pain"],"picked":"Flame Barrier","floor":2},{"not_picked":["Flex","Cleave"],"picked":"Demon Form","floor":4},{"not_picked":["Carnage","Iron Wave","Intimidate"],"picked":"SKIP","floor":5},{"not_picked":["Bludgeon","Clash"],"picked":"Combust","floor":6},{"not_picked":["Searing Blow","Clash","Armaments+1"],"picked":"SKIP","floor":11},{"not_picked":["Cleave","Dropkick"],"picked":"Whirlwind","floor":18},{"not_picked":["Second Wind+1","Headbutt"],"picked":"Armaments+1","floor":20},{"not_picked":["Perfected Strike+1","Sword Boomerang","Sever Soul"],"picked":"SKIP","floor":21},{"not_picked":["Heavy Blade","Flex+1"],"picked":"Shockwave+1","floor":22},{"not_picked":["Clothesline","Reckless Charge"],"picked":"Seeing Red+1","floor":25},{"not_picked":["Armaments+1","Carnage","Hemokinesis+1"],"picked":"SKIP","floor":28}],"player_experience":1040068,"relics_obtained":[{"floor":6,"key":"Potion Belt"},{"floor":9,"key":"Toxic Egg 2"},{"floor":11,"key":"FossilizedHelix"},{"floor":26,"key":"Art of War"}],"event_choices":[{"damage_healed":0,"gold_gain":0,"player_choice":"Grow","damage_taken":0,"max_hp_gain":0,"max_hp_loss":0,"event_name":"Living Wall","floor":3,"gold_loss":0,"cards_upgraded":["Pommel Strike"]},{"damage_healed":0,"gold_gain":0,"player_choice":"Donut","damage_taken":0,"max_hp_gain":5,"max_hp_loss":0,"event_name":"Big Fish","floor":7,"gold_loss":0},{"damage_healed":20,"gold_gain":0,"player_choice":"Healed and dodged fight","damage_taken":0,"max_hp_gain":0,"max_hp_loss":0,"event_name":"Mushrooms","floor":12,"gold_loss":0,"cards_obtained":["Parasite"]},{"damage_healed":0,"gold_gain":0,"player_choice":"Left Gold","damage_taken":0,"max_hp_gain":0,"max_hp_loss":0,"event_name":"World of Goop","floor":14,"gold_loss":5},{"damage_healed":0,"gold_gain":0,"player_choice":"1 cards matched","damage_taken":0,"max_hp_gain":0,"max_hp_loss":0,"event_name":"Match and Keep!","floor":19,"gold_loss":0,"cards_obtained":["Disarm"]}],"is_beta":false,"boss_relics":[{"not_picked":["Lizard Tail","Empty Cage"],"picked":"Coffee Dripper"}],"items_purged_floors":[29],"is_endless":false,"potions_floor_spawned":[1,2,6,11,18,22,25],"killed_by":"Chosen and Byrds","ascension_level":19}