{"gold_per_floor":[119,137,137,137,155,188,207,227,227,261,261,277,277,296,296,392,392,402,120,120,120,133,133,163,178,230,259,80,80,97,122,122,217,217,231,106,118,133,133,133,158,175,175,202,52,82,82,107,107,107],"floor_reached":51,"playtime":10586,"items_purged":["Strike_G","Strike_G","Defend_G","Strike_G"],"score":989,"play_id":"2e3c9db9-ea9c-4d3d-9319-08a4b578687e","local_time":"20190425000349","is_ascension_mode":true,"campfire_choices":[{"data":"Noxious Fumes","floor":11,"key":"SMITH"},{"data":"Neutralize","floor":13,"key":"SMITH"},{"floor":15,"key":"REST"},{"data":"Leg Sweep","floor":23,"key":"SMITH"},{"data":"Catalyst","floor":29,"key":"SMITH"},{"data":"Backstab","floor":32,"key":"SMITH"},{"data":"Bandage Up","floor":40,"key":"SMITH"},{"data":"Bouncing Flask","floor":49,"key":"SMITH"}],"neow_cost":"NONE","seed_source_timestamp":101873185167800,"circlet_count":0,"master_deck":["Defend_G","Defend_G","Defend_G","Defend_G","Strike_G","Strike_G","Survivor","Neutralize+1","Infinite Blades+1","Escape Plan","Cloak And Dagger","Noxious Fumes+1","PiercingWail","Predator","Leg Sweep+1","Die Die Die","Leg Sweep","Blur+1","Heel Hook","PiercingWail","Predator","Catalyst+1","Backstab+1","Leg Sweep+1","Corpse Explosion","Bouncing Flask+1","The Bomb","Bandage Up+1","Enlightenment","Dash+1","Footwork+1"],"relics":["Ring of the Snake","Omamori","Strawberry","Bottled Tornado","Thread and Needle","Philosopher\u0027s Stone","ClockworkSouvenir","Ornamental Fan","Ninja Scroll","Oddly Smooth Stone","Bottled Lightning","Sundial","Snecko Eye","Lantern","Bird Faced Urn","Kunai","Boot","Snake Skull"],"potions_floor_usage":[10,12,27,33,50,50,50],"damage_taken":[{"damage":1,"enemies":"Cultist","floor":1,"turns":6},{"damage":0,"enemies":"Small Slimes","floor":2,"turns":3},{"damage":0,"enemies":"2 Louse","floor":5,"turns":3},{"damage":14,"enemies":"3 Sentries","floor":6,"turns":12},{"damage":1,"enemies":"Blue Slaver","floor":7,"turns":3},{"damage":18,"enemies":"Gremlin Gang","floor":8,"turns":6},{"damage":25,"enemies":"Gremlin Nob","floor":10,"turns":5},{"damage":0,"enemies":"Red Slaver","floor":12,"turns":3},{"damage":0,"enemies":"Large Slime","floor":14,"turns":4},{"damage":2,"enemies":"Hexaghost","floor":16,"turns":11},{"damage":2,"enemies":"Spheric Guardian","floor":18,"turns":6},{"damage":8,"enemies":"2 Thieves","floor":22,"turns":5},{"damage":9,"enemies":"Book of Stabbing","floor":24,"turns":8},{"damage":0,"enemies":"Shelled Parasite and Fungi","floor":25,"turns":5},{"damage":0,"enemies":"Slavers","floor":27,"turns":5},{"damage":2,"enemies":"3 Cultists","floor":30,"turns":5},{"damage":0,"enemies":"Book of Stabbing","floor":31,"turns":6},{"damage":18,"enemies":"Champ","floor":33,"turns":14},{"damage":6,"enemies":"3 Shapes","floor":35,"turns":4},{"damage":0,"enemies":"3 Darklings","floor":37,"turns":2},{"damage":2,"enemies":"4 Shapes","floor":38,"turns":3},{"damage":5,"enemies":"Nemesis","floor":41,"turns":5},{"damage":0,"enemies":"Maw","floor":42,"turns":6},{"damage":2,"enemies":"Reptomancer","floor":44,"turns":6},{"damage":5,"enemies":"Giant Head","floor":46,"turns":8},{"damage":6,"enemies":"Nemesis","floor":48,"turns":7},{"damage":10,"enemies":"Awakened One","floor":50,"turns":11}],"seed_played":"-1387376952348467719","potions_obtained":[{"floor":1,"key":"Swift Potion"},{"floor":2,"key":"Energy Potion"},{"floor":8,"key":"Strength Potion"},{"floor":10,"key":"Weak Potion"},{"floor":24,"key":"SpeedPotion"},{"floor":30,"key":"Dexterity Potion"},{"floor":31,"key":"Block Potion"},{"floor":33,"key":"Swift Potion"},{"floor":37,"key":"SteroidPotion"}],"is_trial":false,"path_per_floor":["M","M","?","?","M","E","M","M","T","E","R","M","R","M","R","B",null,"M","$","?","?","M","R","E","M","T","E","$","R","M","E","R","B",null,"M","$","M","M","?","R","E","M","T","E","$","E","?","E","R","B",null],"character_chosen":"THE_SILENT","items_purchased":["ClockworkSouvenir","Catalyst"],"campfire_rested":1,"item_purchase_floors":[19,28],"current_hp_per_floor":[69,69,74,74,74,67,66,48,48,23,23,23,23,23,47,45,82,80,80,80,80,72,72,63,63,63,63,63,63,61,61,61,43,82,76,76,76,74,64,64,65,65,65,67,67,74,74,76,76,78],"gold":107,"neow_bonus":"RANDOM_COMMON_RELIC","is_prod":false,"is_daily":false,"chose_seed":false,"campfire_upgraded":7,"win_rate":0,"timestamp":1556165029,"path_taken":["M","M","?","?","M","E","?","M","T","E","R","M","R","M","R","BOSS","M","$","?","?","M","R","E","?","T","E","?","R","M","E","R","BOSS","M","$","M","M","?","R","E","M","T","E","$","E","?","E","R","BOSS"],"build_version":"2019-01-23","purchased_purges":4,"victory":true,"max_hp_per_floor":[70,70,75,75,75,82,82,82,82,82,82,82,82,82,82,82,82,82,82,82,82,82,82,82,82,82,82,82,82,82,82,82,82,82,82,82,82,82,82,82,82,82,82,82,82,82,82,82,82,82],"card_choices":[{"not_picked":["Sucker Punch","Calculated Gamble"],"picked":"Infinite Blades","floor":1},{"not_picked":["Cloak And Dagger","Terror"],"picked":"Escape Plan","floor":2},{"not_picked":["Outmaneuver","Slice"],"picked":"Cloak And Dagger","floor":5},{"not_picked":["Phantasmal Killer","Deflect","Slice"],"picked":"SKIP","floor":6},{"not_picked":["Cloak And Dagger","Underhanded Strike"],"picked":"Noxious Fumes","floor":7},{"not_picked":["Quick Slash","Bane"],"picked":"PiercingWail","floor":8},{"not_picked":["Dagger Spray","Venomology"],"picked":"Predator","floor":10},{"not_picked":["Dagger Spray","Skewer"],"picked":"Leg Sweep","floor":12},{"not_picked":["Underhanded Strike","Dagger Throw","Blade Dance"],"picked":"SKIP","floor":14},{"not_picked":["Phantasmal Killer","Venomology"],"picked":"Die Die Die","floor":16},{"not_picked":["Slice","Poisoned Stab","Choke+1"],"picked":"SKIP","floor":18},{"not_picked":["Dagger Throw","Bane"],"picked":"Blur+1","floor":22},{"not_picked":["Slice","Doppelganger"],"picked":"Heel Hook","floor":24},{"not_picked":["Deflect","Dagger Spray"],"picked":"PiercingWail","floor":25},{"not_picked":["Acrobatics","Outmaneuver"],"picked":"Predator","floor":27},{"not_picked":["Infinite Blades","Underhanded Strike"],"picked":"Backstab","floor":30},{"not_picked":["Deflect","Riddle With Holes"],"picked":"Leg Sweep+1","floor":31},{"not_picked":["Burst","Bullet Time"],"picked":"Corpse Explosion","floor":33},{"not_picked":["Reflex+1","Dagger Throw","Poisoned Stab"],"picked":"SKIP","floor":35},{"not_picked":["Outmaneuver+1","Flying Knee","Cloak And Dagger"],"picked":"SKIP","floor":37},{"not_picked":["Infinite Blades","Deadly Poison+1"],"picked":"Bouncing Flask","floor":38},{"not_picked":["Dramatic Entrance","Flash of Steel"],"picked":"The Bomb","floor":39},{"not_picked":["Swift Strike","PanicButton"],"picked":"Bandage Up","floor":39},{"not_picked":["HandOfGreed","Panache"],"picked":"Enlightenment","floor":39},{"not_picked":["Cloak And Dagger","Quick Slash"],"picked":"Dash+1","floor":41},{"not_picked":["Prepared+1","Finisher","Dagger Spray"],"picked":"SKIP","floor":42},{"not_picked":["Crippling Poison","Finisher"],"picked":"Footwork+1","floor":44},{"not_picked":["Well Laid Plans+1","Riddle With Holes","Distraction"],"picked":"SKIP","floor":46},{"not_picked":["Deadly Poison","Acrobatics+1","Leg Sweep+1"],"picked":"SKIP","floor":48}],"player_experience":166990,"relics_obtained":[{"floor":6,"key":"Strawberry"},{"floor":9,"key":"Bottled Tornado"},{"floor":10,"key":"Thread and Needle"},{"floor":24,"key":"Ninja Scroll"},{"floor":26,"key":"Oddly Smooth Stone"},{"floor":27,"key":"Bottled Lightning"},{"floor":31,"key":"Sundial"},{"floor":41,"key":"Lantern"},{"floor":43,"key":"Bird Faced Urn"},{"floor":44,"key":"Kunai"},{"floor":46,"key":"Boot"},{"floor":48,"key":"Snake Skull"}],"event_choices":[{"damage_healed":0,"gold_gain":0,"player_choice":"Donut","damage_taken":0,"max_hp_gain":5,"max_hp_loss":0,"event_name":"Big Fish","floor":3,"gold_loss":0},{"damage_healed":0,"gold_gain":0,"player_choice":"Forge","damage_taken":0,"max_hp_gain":0,"max_hp_loss":0,"event_name":"Accursed Blacksmith","floor":4,"gold_loss":0,"cards_upgraded":["Infinite Blades"]},{"damage_healed":0,"gold_gain":0,"player_choice":"Stole Relic","damage_taken":0,"relics_obtained":["Ornamental Fan"],"max_hp_gain":0,"max_hp_loss":0,"event_name":"Addict","floor":20,"gold_loss":0,"cards_obtained":["Shame"]},{"damage_healed":0,"gold_gain":0,"player_choice":"Copied","damage_taken":0,"max_hp_gain":0,"max_hp_loss":0,"event_name":"Duplicator","floor":21,"gold_loss":0,"cards_obtained":["Leg Sweep"]},{"damage_healed":0,"gold_gain":0,"player_choice":"Memory 3","damage_taken":10,"max_hp_gain":0,"max_hp_loss":0,"event_name":"SensoryStone","floor":39,"gold_loss":0},{"damage_healed":0,"gold_gain":0,"player_choice":"Ignored","damage_taken":0,"max_hp_gain":0,"max_hp_loss":0,"event_name":"SecretPortal","floor":47,"gold_loss":0}],"is_beta":false,"boss_relics":[{"not_picked":["Tiny House","Empty Cage"],"picked":"Philosopher\u0027s Stone"},{"not_picked":["Pandora\u0027s Box","HoveringKite"],"picked":"Snecko Eye"}],"items_purged_floors":[19,28,36,45],"is_endless":false,"potions_floor_spawned":[1,2,8,10,24,30,31,33,37,42,48],"ascension_level":3}