{"gold_per_floor":[117,38,53,228,3,3,37,49,49,49,49,79,91,91,91,193,193,205,205,205,220,220,249,249,266,291,291,37,137,171,17,17,17],"floor_reached":33,"playtime":3433,"items_purged":["Doubt"],"score":388,"play_id":"1251647f-1ff4-4b92-8d00-cb5fbfb67008","local_time":"20190425184001","is_ascension_mode":true,"campfire_choices":[{"data":"Uppercut","floor":6.0,"key":"SMITH"},{"data":"Feel No Pain","floor":10.0,"key":"SMITH"},{"data":"Ghostly Armor","floor":15.0,"key":"SMITH"},{"data":"Bite","floor":24.0,"key":"SMITH"},{"data":"Bite","floor":27.0,"key":"SMITH"},{"floor":32,"key":"REST"}],"neow_cost":"NONE","seed_source_timestamp":0,"circlet_count":0,"master_deck":["Defend_R","Defend_R","Defend_R","Defend_R","Bash+1","Rampage","Uppercut+1","Battle Trance","Ghostly Armor+1","Feel No Pain+1","Offering","Bite+1","Bite+1","Bite+1","Bite","Bite","Anger+1","RitualDagger","Clothesline"],"special_seed":0,"relics":["Burning Blood","Oddly Smooth Stone","Meat on the Bone","Ancient Tea Set","Tiny Chest","Sozu","Blood Vial","Red Skull","Kunai","WingedGreaves","Mummified Hand","Boot","Orichalcum"],"potions_floor_usage":[],"damage_taken":[{"damage":9.0,"enemies":"Cultist","floor":1.0,"turns":5.0},{"damage":10.0,"enemies":"Small Slimes","floor":3.0,"turns":3.0},{"damage":25.0,"enemies":"Gremlin Nob","floor":7.0,"turns":4.0},{"damage":1.0,"enemies":"Jaw Worm","floor":8.0,"turns":3.0},{"damage":8.0,"enemies":"Lots of Slimes","floor":13.0,"turns":5.0},{"damage":26.0,"enemies":"The Guardian","floor":16.0,"turns":9.0},{"damage":24.0,"enemies":"3 Byrds","floor":18.0,"turns":5.0},{"damage":11.0,"enemies":"2 Thieves","floor":21.0,"turns":5.0},{"damage":37.0,"enemies":"Slavers","floor":23.0,"turns":7.0},{"damage":18.0,"enemies":"Centurion and Healer","floor":25.0,"turns":5.0},{"damage":14.0,"enemies":"Colosseum Slavers","floor":29.0,"turns":4.0},{"damage":9.0,"enemies":"Colosseum Nobs","floor":29.0,"turns":5.0},{"damage":59.0,"enemies":"Gremlin Leader","floor":30.0,"turns":7.0},{"damage":65,"enemies":"Collector","floor":33,"turns":7}],"seed_played":"7246266378665531326","potions_obtained":[{"floor":3.0,"key":"Ancient Potion"},{"floor":13.0,"key":"PowerPotion"},{"floor":16.0,"key":"Block Potion"}],"is_trial":false,"path_per_floor":["M","$","M","?","$","R","E","M","T","R","$","?","M","?","R","B",null,"M","?","?","M","?","E","R","M","T","R","$","?","E","$","R","B"],"character_chosen":"IRONCLAD","items_purchased":["Uppercut","Oddly Smooth Stone","Kunai","Orichalcum"],"campfire_rested":1,"item_purchase_floors":[2,5,28,31],"current_hp_per_floor":[69,69,65,65,65,65,46,51,51,51,51,51,49,42,42,34,69,51,51,51,56,50,40,40,50,50,50,50,56,34,34,50,9],"gold":17,"neow_bonus":"UPGRADE_CARD","is_prod":false,"is_daily":false,"chose_seed":false,"campfire_upgraded":5,"win_rate":0,"timestamp":1556232001,"path_taken":["M","?","M","?","$","R","E","M","T","R","$","?","?","?","R","BOSS","M","?","?","?","?","E","R","M","T","R","$","?","E","?","R","BOSS"],"build_version":"2019-01-23","purchased_purges":1,"victory":false,"max_hp_per_floor":[80,80,80,80,80,80,80,80,80,80,80,80,80,80,80,80,80,80,56,56,56,56,56,56,56,56,56,56,56,56,56,56,56],"card_choices":[{"not_picked":["Headbutt","Infernal Blade"],"picked":"Rampage","floor":1.0},{"not_picked":["Perfected Strike","Flex"],"picked":"Battle Trance","floor":3.0},{"not_picked":["Sever Soul","Heavy Blade"],"picked":"Ghostly Armor","floor":7.0},{"not_picked":["Cleave","Heavy Blade"],"picked":"Feel No Pain","floor":8.0},{"not_picked":["Cleave","Flex","Twin Strike"],"picked":"SKIP","floor":13.0},{"not_picked":["Limit Break","Dark Embrace"],"picked":"Offering","floor":16.0},{"not_picked":["Body Slam","Armaments","Wild Strike"],"picked":"SKIP","floor":18.0},{"not_picked":["Hemokinesis","Clash"],"picked":"Anger+1","floor":21.0},{"not_picked":["Anger","Rage","Infernal Blade"],"picked":"SKIP","floor":23.0},{"not_picked":["Thunderclap","Anger","Body Slam+1"],"picked":"SKIP","floor":25.0},{"not_picked":["Heavy Blade","Rage"],"picked":"Clothesline","floor":30}],"player_experience":179381,"relics_obtained":[{"floor":7.0,"key":"Meat on the Bone"},{"floor":9.0,"key":"Ancient Tea Set"},{"floor":23.0,"key":"Blood Vial"},{"floor":26.0,"key":"Red Skull"},{"floor":29.0,"key":"WingedGreaves"},{"floor":29.0,"key":"Mummified Hand"},{"floor":30,"key":"Boot"}],"event_choices":[{"damage_healed":0.0,"max_hp_gain":0.0,"max_hp_loss":0.0,"gold_gain":175.0,"event_name":"Liars Game","player_choice":"AGREE","floor":4.0,"gold_loss":0.0,"damage_taken":0.0,"cards_obtained":["Doubt"]},{"damage_healed":0.0,"max_hp_gain":0.0,"max_hp_loss":0.0,"gold_gain":0.0,"event_name":"WeMeetAgain","player_choice":"Gave Potion","floor":12.0,"gold_loss":0.0,"damage_taken":0.0,"relics_obtained":["Tiny Chest"]},{"cards_removed":["Strike_R"],"damage_healed":0.0,"max_hp_gain":0.0,"max_hp_loss":0.0,"gold_gain":0.0,"event_name":"Golden Wing","player_choice":"Card Removal","floor":14.0,"gold_loss":0.0,"damage_taken":7.0},{"damage_healed":0.0,"max_hp_gain":0.0,"max_hp_loss":24.0,"gold_gain":0.0,"event_name":"Vampires","player_choice":"Became a vampire","floor":19.0,"gold_loss":0.0,"damage_taken":0.0,"cards_obtained":["Bite","Bite","Bite","Bite","Bite"]},{"damage_healed":0.0,"max_hp_gain":0.0,"max_hp_loss":0.0,"gold_gain":0.0,"event_name":"Accursed Blacksmith","player_choice":"Forge","floor":20.0,"gold_loss":0.0,"damage_taken":0.0,"cards_upgraded":["Bite"]},{"damage_healed":0.0,"max_hp_gain":0.0,"max_hp_loss":0.0,"gold_gain":0.0,"event_name":"Nest","player_choice":"Joined the Cult","floor":22.0,"gold_loss":0.0,"damage_taken":6.0,"cards_obtained":["RitualDagger"]},{"damage_healed":0.0,"max_hp_gain":0.0,"max_hp_loss":0.0,"gold_gain":0.0,"event_name":"Colosseum","player_choice":"Fight","floor":29.0,"gold_loss":0.0,"damage_taken":0.0},{"damage_healed":0.0,"max_hp_gain":0.0,"max_hp_loss":0.0,"gold_gain":0.0,"event_name":"Colosseum","player_choice":"Fought Nobs","floor":29.0,"gold_loss":0.0,"damage_taken":0.0}],"is_beta":false,"boss_relics":[{"not_picked":["Ectoplasm","Black Blood"],"picked":"Sozu"}],"items_purged_floors":[5],"is_endless":false,"potions_floor_spawned":[3,13,16,18,21,29,30],"killed_by":"Collector","ascension_level":6}