{"path_per_floor":["M","M","M","M","M","R","E","$","T","?","R","M","?","M","R","B",null,"M","$","?","?","?"],"character_chosen":"DEFECT","items_purchased":["Storm","Mummified Hand"],"gold_per_floor":[119,139,156,174,187,187,212,65,90,90,90,113,113,127,127,247,247,260,18,18,18,18,18],"floor_reached":23,"campfire_rested":2,"playtime":2064,"item_purchase_floors":[8,19],"current_hp_per_floor":[74,71,65,60,46,68,54,54,54,54,54,53,46,43,63,57,69,47,47,47,47,47,0],"items_purged":["Strike_B"],"gold":18,"score":201,"play_id":"c2e3f18d-6cfb-4d4f-b3b3-d4d17b055083","local_time":"20180602214220","is_prod":false,"is_daily":false,"chose_seed":false,"is_ascension_mode":true,"campfire_upgraded":1,"win_rate":0.0,"timestamp":1527990140,"campfire_choices":[{"floor":6,"key":"REST"},{"data":"Zap","floor":11,"key":"SMITH"},{"floor":15,"key":"REST"}],"path_taken":["M","M","M","M","?","R","E","?","T","?","R","M","?","M","R","BOSS","M","$","?","?","?","E"],"build_version":"2018-05-31","seed_source_timestamp":523957929170022,"purchased_purges":1,"victory":false,"master_deck":["Strike_B","Strike_B","Defend_B","Defend_B","Defend_B","Defend_B","Zap+1","Dualcast","Force Field","Self Repair","Cold Snap","Rebound","Storm","Redo","Double Energy","Biased Cognition","Heatsinks"],"max_hp_per_floor":[75,75,75,75,75,75,75,75,75,69,69,69,69,69,69,69,69,71,71,71,71,71,71],"relics":["Runic Pyramid","Vajra","Singing Bowl","Golden Idol","White Beast Statue","Mummified Hand"],"card_choices":[{"not_picked":["Beam Cell","Stack"],"picked":"Force Field","floor":1},{"not_picked":["Go for the Eyes","BootSequence","Ball Lightning"],"picked":"SKIP","floor":2},{"not_picked":["Sweeping Beam","Biased Cognition"],"picked":"Self Repair","floor":3},{"not_picked":["Chill","Leap","Gash"],"picked":"SKIP","floor":4},{"not_picked":["Hologram","Barrage"],"picked":"Cold Snap","floor":5},{"not_picked":["BootSequence","Beam Cell"],"picked":"Rebound","floor":7},{"not_picked":["Gash","Coolheaded"],"picked":"Redo","floor":12},{"not_picked":["Gash","Stack"],"picked":"Double Energy","floor":14},{"not_picked":["Rainbow","All For One"],"picked":"Biased Cognition","floor":16},{"not_picked":["Redo","Leap+1","Glacier"],"picked":"Singing Bowl","floor":18}],"player_experience":473317,"potions_floor_usage":[16,23,23,23],"damage_taken":[{"damage":1,"enemies":"Cultist","floor":1,"turns":4},{"damage":3,"enemies":"Small Slimes","floor":2,"turns":3},{"damage":6,"enemies":"Jaw Worm","floor":3,"turns":6},{"damage":12,"enemies":"Exordium Wildlife","floor":4,"turns":7},{"damage":21,"enemies":"3 Louse","floor":5,"turns":4},{"damage":21,"enemies":"3 Sentries","floor":7,"turns":11},{"damage":8,"enemies":"2 Fungi Beasts","floor":12,"turns":4},{"damage":10,"enemies":"Looter","floor":14,"turns":3},{"damage":13,"enemies":"The Guardian","floor":16,"turns":14},{"damage":31,"enemies":"3 Byrds","floor":18,"turns":4},{"damage":56,"enemies":"Slavers","floor":23,"turns":4}],"relics_obtained":[{"floor":7,"key":"Vajra"},{"floor":9,"key":"Singing Bowl"}],"event_choices":[{"event_name":"Golden Idol","player_choice":"Lose Max HP","floor":10,"damage_taken":0},{"event_name":"Golden Wing","player_choice":"Card Removal","floor":13,"damage_taken":0},{"event_name":"Addict","player_choice":"Ignored","floor":20,"damage_taken":0},{"event_name":"The Library","player_choice":"Read","floor":21,"damage_taken":0},{"event_name":"Beggar","player_choice":"Ignored","floor":22,"damage_taken":0}],"boss_relics":[{"not_picked":["Calling Bell","Snecko Eye"],"picked":"White Beast Statue"}],"items_purged_floors":[8],"potions_floor_spawned":[2,4,5,7,12,18],"seed_played":"3094930177741588600","killed_by":"Slavers","ascension_level":1,"potions_obtained":[{"floor":2,"key":"SteroidPotion"},{"floor":4,"key":"Swift Potion"},{"floor":5,"key":"SteroidPotion"},{"floor":7,"key":"FocusPotion"},{"floor":18,"key":"PowerPotion"}],"is_trial":false}