{"gold_per_floor":[117,292,292,145,162,194,205,219,245,277,277,277,133,164,164,262,262,275,79,89,105,105,105,105],"floor_reached":24,"playtime":988,"items_purged":["Doubt"],"score":300,"play_id":"f7149a71-0742-43bb-9a43-0c73f24d634e","local_time":"20190331160835","is_ascension_mode":true,"campfire_choices":[{"floor":11,"key":"REST"},{"data":"True Grit","floor":15,"key":"SMITH"},{"floor":23,"key":"REST"}],"neow_cost":"NONE","seed_source_timestamp":12240484403452,"circlet_count":0,"master_deck":["Strike_R","Strike_R","Strike_R","Strike_R","Strike_R","Defend_R","Defend_R","Defend_R","Defend_R","Bash","Pommel Strike","Battle Trance","Inflame","Pommel Strike","True Grit+1","Shockwave","Pommel Strike","Reaper","Impervious","Uppercut","Shrug It Off","Immolate","Body Slam","Uppercut"],"relics":["Black Blood","Boot","Red Skull","Juzu Bracelet","Centennial Puzzle","Turnip"],"potions_floor_usage":[16,16],"damage_taken":[{"damage":5,"enemies":"Cultist","floor":1,"turns":5},{"damage":7,"enemies":"Small Slimes","floor":5,"turns":3},{"damage":50,"enemies":"3 Sentries","floor":6,"turns":10},{"damage":8,"enemies":"2 Louse","floor":7,"turns":3},{"damage":0,"enemies":"Large Slime","floor":8,"turns":3},{"damage":20,"enemies":"Gremlin Nob","floor":10,"turns":4},{"damage":38,"enemies":"3 Sentries","floor":14,"turns":7},{"damage":35,"enemies":"Hexaghost","floor":16,"turns":11},{"damage":48,"enemies":"Spheric Guardian","floor":18,"turns":8},{"damage":17,"enemies":"2 Thieves","floor":20,"turns":4},{"damage":8,"enemies":"3 Cultists","floor":21,"turns":4},{"damage":59,"enemies":"Book of Stabbing","floor":24,"turns":5}],"seed_played":"7326957567719470536","potions_obtained":[{"floor":1,"key":"SpeedPotion"},{"floor":8,"key":"Fire Potion"},{"floor":10,"key":"Block Potion"},{"floor":14,"key":"AttackPotion"},{"floor":18,"key":"Ancient Potion"}],"is_trial":false,"path_per_floor":["M","?","?","$","M","E","M","M","T","E","R","?","$","E","R","B",null,"M","$","M","M","?","R","E"],"character_chosen":"IRONCLAD","items_purchased":["Battle Trance","Inflame","Reaper","Shrug It Off","Immolate"],"campfire_rested":2,"item_purchase_floors":[4,4,13,19,19],"current_hp_per_floor":[81,81,81,81,80,36,34,40,40,26,52,57,57,43,43,14,73,35,35,28,30,30,57,0],"gold":105,"neow_bonus":"TEN_PERCENT_HP_BONUS","is_prod":false,"is_daily":false,"chose_seed":false,"campfire_upgraded":1,"win_rate":0,"timestamp":1554059315,"path_taken":["M","?","?","$","M","E","?","M","T","E","R","?","$","E","R","BOSS","M","$","M","M","?","R","E"],"build_version":"2019-01-23","purchased_purges":1,"victory":false,"max_hp_per_floor":[88,88,88,88,88,88,88,88,88,88,88,93,93,93,93,93,93,93,93,93,93,93,93,93],"card_choices":[{"not_picked":["Rage","Pummel"],"picked":"Pommel Strike","floor":1},{"not_picked":["Second Wind","Sword Boomerang"],"picked":"Pommel Strike","floor":5},{"not_picked":["Heavy Blade","Perfected Strike"],"picked":"True Grit","floor":6},{"not_picked":["Iron Wave","Clothesline"],"picked":"Shockwave","floor":7},{"not_picked":["Armaments","Thunderclap","Barricade"],"picked":"SKIP","floor":8},{"not_picked":["Sword Boomerang","Flex"],"picked":"Pommel Strike","floor":10},{"not_picked":["Warcry","Armaments","Cleave"],"picked":"SKIP","floor":14},{"not_picked":["Brutality","Berserk"],"picked":"Impervious","floor":16},{"not_picked":["Rampage","Second Wind"],"picked":"Uppercut","floor":18},{"not_picked":["Iron Wave","Searing Blow"],"picked":"Body Slam","floor":20},{"not_picked":["Clash","Warcry"],"picked":"Uppercut","floor":21}],"player_experience":450981,"relics_obtained":[{"floor":6,"key":"Red Skull"},{"floor":9,"key":"Juzu Bracelet"},{"floor":10,"key":"Centennial Puzzle"},{"floor":14,"key":"Turnip"}],"event_choices":[{"damage_healed":0,"gold_gain":175,"player_choice":"AGREE","damage_taken":0,"max_hp_gain":0,"max_hp_loss":0,"event_name":"Liars Game","floor":2,"gold_loss":0,"cards_obtained":["Doubt"]},{"damage_healed":0,"gold_gain":0,"player_choice":"Gave Potion","damage_taken":0,"relics_obtained":["Boot"],"max_hp_gain":0,"max_hp_loss":0,"event_name":"WeMeetAgain","floor":3,"gold_loss":0},{"damage_healed":0,"gold_gain":0,"player_choice":"Donut","damage_taken":0,"max_hp_gain":5,"max_hp_loss":0,"event_name":"Big Fish","floor":12,"gold_loss":0},{"damage_healed":0,"gold_gain":0,"player_choice":"Ignored","damage_taken":0,"max_hp_gain":0,"max_hp_loss":0,"event_name":"Ghosts","floor":22,"gold_loss":0}],"is_beta":false,"boss_relics":[{"not_picked":["Eternal Feather","White Beast Statue"],"picked":"Black Blood"}],"items_purged_floors":[13],"is_endless":false,"potions_floor_spawned":[1,8,10,14,18],"killed_by":"Book of Stabbing","ascension_level":8}