{"gold_per_floor":[112,112,112,125,137,170,170,184,208,208,219,144,169,169],"floor_reached":14,"playtime":440,"items_purged":["Strike_R"],"score":105,"play_id":"9aaadca4-872a-4f14-b11a-19f03b17bb38","local_time":"20190319155759","is_ascension_mode":true,"campfire_choices":[{"data":"Double Tap","floor":7,"key":"SMITH"},{"data":"Bash","floor":10,"key":"SMITH"}],"neow_cost":"NONE","seed_source_timestamp":0,"circlet_count":0,"master_deck":["Strike_R","Strike_R","Strike_R","Strike_R","Defend_R","Defend_R","Defend_R","Defend_R","Bash+1","Double Tap+1","Dropkick","Offering"],"special_seed":0,"relics":["Burning Blood","Blue Candle","Ancient Tea Set","Centennial Puzzle","Dodecahedron"],"potions_floor_usage":[13,13],"damage_taken":[{"damage":7.0,"enemies":"Cultist","floor":1.0,"turns":5.0},{"damage":2.0,"enemies":"Small Slimes","floor":4.0,"turns":3.0},{"damage":6.0,"enemies":"Jaw Worm","floor":5.0,"turns":3.0},{"damage":67,"enemies":"Lagavulin","floor":6,"turns":9},{"damage":0,"enemies":"Exordium Thugs","floor":8,"turns":3},{"damage":5,"enemies":"Looter","floor":11,"turns":2},{"damage":22,"enemies":"3 Sentries","floor":13,"turns":8},{"damage":13,"enemies":"3 Louse","floor":14,"turns":1}],"seed_played":"-4126601414978107061","potions_obtained":[{"floor":4.0,"key":"GamblersBrew"},{"floor":8,"key":"Energy Potion"}],"is_trial":false,"path_per_floor":["M","$","T","M","M","E","R","M","T","R","M","$","E","M"],"character_chosen":"IRONCLAD","items_purchased":[],"campfire_rested":0,"item_purchase_floors":[],"current_hp_per_floor":[79,79,79,80,80,19,19,25,25,25,26,26,10,0],"gold":169,"neow_bonus":"ONE_RANDOM_RARE_CARD","is_prod":false,"is_daily":false,"chose_seed":false,"campfire_upgraded":2,"win_rate":0,"timestamp":1553036279,"path_taken":["M","$","?","?","M","E","R","M","T","R","M","$","E","M"],"build_version":"2019-01-23","purchased_purges":1,"victory":false,"max_hp_per_floor":[80,80,80,80,80,80,80,80,80,80,80,80,80,80],"card_choices":[{"not_picked":["Heavy Blade","Twin Strike","Evolve"],"picked":"SKIP","floor":1.0},{"not_picked":["Shrug It Off","Sword Boomerang","Cleave"],"picked":"SKIP","floor":4.0},{"not_picked":["Metallicize","Headbutt","Pommel Strike"],"picked":"SKIP","floor":5.0},{"not_picked":["True Grit","Fire Breathing"],"picked":"Dropkick","floor":6},{"not_picked":["Heavy Blade","Twin Strike","Disarm"],"picked":"SKIP","floor":8},{"not_picked":["Clothesline","Warcry"],"picked":"Offering","floor":11},{"not_picked":["Hemokinesis","True Grit","Fire Breathing"],"picked":"SKIP","floor":13}],"player_experience":812597,"relics_obtained":[{"floor":3.0,"key":"Blue Candle"},{"floor":6,"key":"Ancient Tea Set"},{"floor":9,"key":"Centennial Puzzle"},{"floor":13,"key":"Dodecahedron"}],"event_choices":[],"is_beta":false,"boss_relics":[],"items_purged_floors":[12],"is_endless":false,"potions_floor_spawned":[4,8],"killed_by":"3 Louse","ascension_level":1}