{"gold_per_floor":[114,94,107,121,139,168,168,197,249,275,275,292,32,52,52,154,154,172,172,97,97,110,110,135,135,162,191,211,222,256,266,266,367,367,384,129,144,161,11,41,41,57,57,57,0,31,31,43,43,43],"floor_reached":51,"playtime":2892,"items_purged":["Strike_R","Strike_R"],"score":1117,"play_id":"a9c3a58a-c313-41ab-b522-5c460f9ec411","local_time":"20190415024839","is_ascension_mode":true,"campfire_choices":[{"floor":11,"key":"REST"},{"data":"Spot Weakness","floor":15,"key":"SMITH"},{"data":"Limit Break","floor":23,"key":"SMITH"},{"data":"Double Tap","floor":25,"key":"SMITH"},{"floor":32,"key":"REST"},{"data":"Whirlwind","floor":41,"key":"SMITH"},{"data":"Heavy Blade","floor":44,"key":"SMITH"},{"floor":47,"key":"REST"},{"floor":49,"key":"REST"}],"neow_cost":"NONE","seed_source_timestamp":307012152726530,"circlet_count":0,"master_deck":["Strike_R","Strike_R","Defend_R","Defend_R","Defend_R","Bash","Twin Strike+1","Battle Trance","Rampage+1","Rage","Inflame","Spot Weakness+1","Flame Barrier","Limit Break+1","Clothesline+1","Whirlwind+1","Double Tap+1","Metallicize","Heavy Blade+1","Spot Weakness+1","Reaper","Pummel+1"],"relics":["Burning Blood","Unceasing Top","Sundial","Pen Nib","Ancient Tea Set","Oddly Smooth Stone","Velvet Choker","Whetstone","Blood Vial","Art of War","Juzu Bracelet","Lizard Tail","Vajra","Anchor","Singing Bowl","Letter Opener","Red Mask","Self Forming Clay"],"potions_floor_usage":[6,10,10,18,24,27,28,31,33,40,46,50],"damage_taken":[{"damage":3,"enemies":"2 Louse","floor":1,"turns":4},{"damage":1,"enemies":"Cultist","floor":3,"turns":3},{"damage":8,"enemies":"Jaw Worm","floor":4,"turns":4},{"damage":14,"enemies":"Blue Slaver","floor":5,"turns":4},{"damage":27,"enemies":"3 Sentries","floor":6,"turns":9},{"damage":30,"enemies":"Gremlin Nob","floor":8,"turns":4},{"damage":25,"enemies":"3 Sentries","floor":10,"turns":8},{"damage":0,"enemies":"2 Fungi Beasts","floor":12,"turns":2},{"damage":5,"enemies":"Looter","floor":14,"turns":2},{"damage":11,"enemies":"Hexaghost","floor":16,"turns":6},{"damage":0,"enemies":"3 Byrds","floor":18,"turns":4},{"damage":10,"enemies":"2 Thieves","floor":22,"turns":3},{"damage":29,"enemies":"Book of Stabbing","floor":24,"turns":5},{"damage":13,"enemies":"Slavers","floor":27,"turns":3},{"damage":14,"enemies":"Snake Plant","floor":28,"turns":3},{"damage":21,"enemies":"Shelled Parasite and Fungi","floor":29,"turns":4},{"damage":10,"enemies":"Gremlin Leader","floor":30,"turns":4},{"damage":18,"enemies":"Snecko","floor":31,"turns":4},{"damage":29,"enemies":"Collector","floor":33,"turns":5},{"damage":5,"enemies":"Orb Walker","floor":35,"turns":2},{"damage":18,"enemies":"3 Darklings","floor":37,"turns":3},{"damage":0,"enemies":"Sphere and 2 Shapes","floor":38,"turns":3},{"damage":46,"enemies":"Reptomancer","floor":40,"turns":5},{"damage":8,"enemies":"Transient","floor":42,"turns":5},{"damage":50,"enemies":"Nemesis","floor":46,"turns":5},{"damage":25,"enemies":"Maw","floor":48,"turns":6},{"damage":51,"enemies":"Donu and Deca","floor":50,"turns":5}],"seed_played":"3218212181880937800","potions_obtained":[{"floor":2,"key":"Dexterity Potion"},{"floor":5,"key":"GamblersBrew"},{"floor":6,"key":"Explosive Potion"},{"floor":12,"key":"Fire Potion"},{"floor":16,"key":"Energy Potion"},{"floor":22,"key":"SkillPotion"},{"floor":27,"key":"BloodPotion"},{"floor":28,"key":"GamblersBrew"},{"floor":30,"key":"Explosive Potion"},{"floor":33,"key":"SteroidPotion"},{"floor":35,"key":"Weak Potion"},{"floor":38,"key":"EssenceOfSteel"},{"floor":48,"key":"SneckoOil"}],"is_trial":false,"path_per_floor":["?","M","?","?","?","?","M","?"],"character_chosen":"IRONCLAD","items_purchased":["Spot Weakness","Oddly Smooth Stone","Vajra","Anchor"],"campfire_rested":4,"item_purchase_floors":[13,13,36,39],"current_hp_per_floor":[83,83,88,86,78,57,50,26,26,7,33,39,39,40,40,35,75,81,81,81,73,69,69,46,46,46,41,43,30,28,18,44,23,72,75,75,65,73,73,77,77,90,90,90,90,50,78,70,96,51],"gold":43,"neow_bonus":"TEN_PERCENT_HP_BONUS","is_prod":false,"is_daily":false,"chose_seed":false,"campfire_upgraded":5,"win_rate":0,"timestamp":1555271319,"path_taken":["M","?","?","M","M","E","?","E","T","E","R","M","$","M","R","BOSS","M","?","?","?","M","R","E","R","T","E","M","?","E","M","R","BOSS","M","$","M","M","$","E","R","M","T","R","?","E","R","M","R","BOSS"],"build_version":"2019-01-23","purchased_purges":2,"victory":true,"max_hp_per_floor":[88,88,88,88,88,88,88,88,88,88,88,88,88,88,88,88,88,88,88,88,88,88,88,88,88,88,88,88,88,88,88,88,88,88,88,88,88,88,88,90,90,92,92,92,92,94,94,96,96,96],"card_choices":[{"not_picked":["Iron Wave","Body Slam"],"picked":"Twin Strike","floor":1},{"not_picked":["Armaments","Bloodletting"],"picked":"Battle Trance","floor":3},{"not_picked":["Thunderclap","Seeing Red"],"picked":"Rampage","floor":4},{"not_picked":["True Grit","Iron Wave"],"picked":"Rage","floor":5},{"not_picked":["Heavy Blade","Power Through","Battle Trance"],"picked":"SKIP","floor":6},{"not_picked":["Heavy Blade","Power Through","Battle Trance"],"picked":"SKIP","floor":6},{"not_picked":["Bludgeon","Wild Strike"],"picked":"Inflame","floor":8},{"not_picked":["Infernal Blade","Flex","Blood for Blood"],"picked":"SKIP","floor":10},{"not_picked":["Twin Strike","Wild Strike","Thunderclap"],"picked":"SKIP","floor":12},{"not_picked":["Wild Strike","Warcry"],"picked":"Flame Barrier","floor":14},{"not_picked":["Immolate","Reaper"],"picked":"Limit Break","floor":16},{"not_picked":["Havoc+1","Sever Soul"],"picked":"Clothesline+1","floor":18},{"not_picked":["Wild Strike","Armaments","Cleave"],"picked":"SKIP","floor":22},{"not_picked":["Shrug It Off","Blood for Blood+1"],"picked":"Double Tap","floor":24},{"not_picked":["Twin Strike","Power Through","Iron Wave"],"picked":"SKIP","floor":27},{"not_picked":["Iron Wave","True Grit"],"picked":"Metallicize","floor":28},{"not_picked":["Pommel Strike","Sever Soul"],"picked":"Heavy Blade","floor":29},{"not_picked":["Flame Barrier","Rage","Reckless Charge"],"picked":"SKIP","floor":30},{"not_picked":["Clothesline","Perfected Strike+1"],"picked":"Spot Weakness+1","floor":31},{"not_picked":["Offering","Demon Form"],"picked":"Reaper","floor":33},{"not_picked":["Flex","Iron Wave+1"],"picked":"Pummel+1","floor":35},{"not_picked":["Headbutt+1","Twin Strike","Warcry"],"picked":"SKIP","floor":37},{"not_picked":["Battle Trance","Searing Blow+1","Double Tap"],"picked":"SKIP","floor":38},{"not_picked":["Wild Strike","Flex+1","True Grit+1"],"picked":"Singing Bowl","floor":40},{"not_picked":["Body Slam+1","Pommel Strike","Warcry"],"picked":"Singing Bowl","floor":42},{"not_picked":["Thunderclap+1","Havoc","Headbutt+1"],"picked":"Singing Bowl","floor":46},{"not_picked":["Twin Strike+1","Warcry","Inflame+1"],"picked":"Singing Bowl","floor":48}],"player_experience":217781,"relics_obtained":[{"floor":6,"key":"Unceasing Top"},{"floor":8,"key":"Sundial"},{"floor":9,"key":"Pen Nib"},{"floor":10,"key":"Ancient Tea Set"},{"floor":24,"key":"Whetstone"},{"floor":26,"key":"Blood Vial"},{"floor":27,"key":"Art of War"},{"floor":30,"key":"Juzu Bracelet"},{"floor":40,"key":"Singing Bowl"},{"floor":43,"key":"Letter Opener"},{"floor":46,"key":"Self Forming Clay"}],"event_choices":[{"damage_healed":0,"gold_gain":0,"player_choice":"Bought 1 Potion","damage_taken":0,"max_hp_gain":0,"max_hp_loss":0,"event_name":"The Woman in Blue","floor":2,"gold_loss":0},{"cards_removed":["Defend_R"],"damage_healed":0,"gold_gain":0,"player_choice":"Card Removal","damage_taken":7,"max_hp_gain":0,"max_hp_loss":0,"event_name":"Golden Wing","floor":7,"gold_loss":0},{"damage_healed":0,"gold_gain":0,"player_choice":"Read","damage_taken":0,"max_hp_gain":0,"max_hp_loss":0,"event_name":"The Library","floor":19,"gold_loss":0,"cards_obtained":["Whirlwind"]},{"cards_removed":["Strike_R"],"damage_healed":0,"gold_gain":0,"player_choice":"Gave Gold","damage_taken":0,"max_hp_gain":0,"max_hp_loss":0,"event_name":"Beggar","floor":20,"gold_loss":75},{"damage_healed":0,"gold_gain":0,"player_choice":"","damage_taken":8,"max_hp_gain":0,"max_hp_loss":0,"event_name":"Knowing Skull","floor":21,"potions_obtained":[],"gold_loss":0,"cards_obtained":[]},{"damage_healed":0,"gold_gain":0,"player_choice":"Paid","damage_taken":0,"relics_obtained":["Red Mask"],"max_hp_gain":0,"max_hp_loss":0,"event_name":"Tomb of Lord Red Mask","floor":45,"gold_loss":57}],"is_beta":false,"boss_relics":[{"not_picked":["Cursed Key","Snecko Eye"],"picked":"Velvet Choker"},{"not_picked":["Black Star","Eternal Feather"],"picked":"Lizard Tail"}],"items_purged_floors":[13,36],"is_endless":false,"potions_floor_spawned":[5,6,12,16,22,27,28,30,33,35,38,48],"ascension_level":8}