{"path_per_floor":["M","?","M","M","T","R","M","E","T","M","?","R","M","M","R","B",null,"M","M","?","?","M","R","E","R","T","$","M","R","$","E","R","B",null,"M","$","M","?","?","R","?","?","T","M","E","?","M","E","R","B"],"character_chosen":"THE_SILENT","items_purchased":["Accuracy","Cloak And Dagger","Storm of Steel","Bandage Up","Bane","Backflip","Footwork","Underhanded Strike"],"gold_per_floor":[118,118,130,148,148,148,159,184,237,247,247,247,261,272,272,373,373,392,412,327,327,343,343,377,377,377,5,17,17,17,49,49,149,149,160,13,30,0,0,0,0,349,349,364,389,389,405,435,435,435],"floor_reached":51,"campfire_rested":1,"playtime":6962,"current_hp_per_floor":[70,56,56,56,56,56,52,65,65,65,65,65,65,65,65,65,84,76,76,76,60,43,43,43,68,68,68,75,75,75,68,68,42,84,84,84,84,84,73,73,73,74,74,82,84,84,81,72,72,20],"items_purged":[],"gold":435,"score":722,"play_id":"b4e8c72d-f858-40c7-9ab6-4bb6dbddb838","is_prod":false,"is_daily":false,"is_ascension_mode":false,"campfire_upgraded":8,"path_taken":["M","?","M","?","?","R","M","E","T","?","?","R","M","M","R","BOSS","M","M","?","?","?","R","E","R","T","$","M","R","$","E","R","BOSS","M","$","M","?","?","R","?","?","T","?","E","?","?","E","R","BOSS"],"build_version":"2018-02-15-PROD1","purchased_purges":0,"victory":true,"master_deck":["Defend_G","Defend_G","Defend_G","Defend_G","Defend_G","Strike_G","Strike_G","Strike_G+1","Strike_G","Strike_G","Survivor+1","Neutralize+1","Flying Knee+1","Dash+1","Slice","Tools of the Trade+1","Backflip","Dagger Throw","Endless Agony","A Thousand Cuts","Slice","Calculated Gamble+1","Bouncing Flask+1","Die Die Die","Backflip+1","Dagger Throw","Necronomicurse","Terror+1","Calculated Gamble+1","Accuracy+1","Cloak And Dagger+1","Storm of Steel+1","Bandage Up","Bane","Noxious Fumes+1","Malaise+1","Envenom+1","Dagger Throw+1","Backflip","Footwork","Underhanded Strike","Cloak And Dagger+1","Blade Dance+1","Dagger Throw+1","Flying Knee+1","Underhanded Strike+1","Backflip+1"],"max_hp_per_floor":[70,70,70,70,70,70,70,84,84,84,84,84,84,84,84,84,84,84,84,84,84,84,84,84,84,84,84,84,84,84,84,84,84,84,84,84,84,84,84,84,84,84,84,84,84,84,84,84,84,84],"relics":["Ring of the Snake","Tingsha","Mango","Anchor","Runic Pyramid","Kunai","Necronomicon","Bird Faced Urn","Thread and Needle","Bag of Preparation","Sozu","Red Mask","Old Coin","Calipers","Prayer Wheel","War Paint"],"card_choices":[{"not_picked":["Poisoned Stab","Eviscerate"],"picked":"Flying Knee"},{"not_picked":["Outmaneuver","Distraction"],"picked":"Dash"},{"not_picked":["Flechettes","Outmaneuver"],"picked":"Slice"},{"not_picked":["Deflect","Heel Hook"],"picked":"Tools of the Trade"},{"not_picked":["Masterful Stab","Riddle With Holes"],"picked":"Backflip"},{"not_picked":["Reflex","PiercingWail"],"picked":"Dagger Throw"},{"not_picked":["Dodge and Roll","Acrobatics"],"picked":"Calculated Gamble"},{"not_picked":["Poisoned Stab","Dodge and Roll"],"picked":"Bouncing Flask"},{"not_picked":["Venomology","A Thousand Cuts"],"picked":"Die Die Die"},{"not_picked":["Underhanded Strike","Reflex"],"picked":"Backflip"},{"not_picked":["Flying Knee","Crippling Poison"],"picked":"Dagger Throw"},{"not_picked":["All Out Attack","Slice"],"picked":"Terror"},{"not_picked":["Quick Slash","Distraction"],"picked":"Calculated Gamble"},{"not_picked":["Backstab","Slice"],"picked":"Noxious Fumes"},{"not_picked":["Caltrops","Deflect"],"picked":"Malaise"},{"not_picked":["Tactician","Venomology"],"picked":"Envenom"},{"not_picked":["Dodge and Roll","Noxious Fumes"],"picked":"Dagger Throw"},{"not_picked":["Deflect","Outmaneuver"],"picked":"Cloak And Dagger"},{"not_picked":["Dodge and Roll","Prepared"],"picked":"Blade Dance"},{"not_picked":["PiercingWail","Endless Agony"],"picked":"Dagger Throw"},{"not_picked":["Venomology","Bane"],"picked":"Flying Knee"},{"not_picked":["Heel Hook","Quick Slash"],"picked":"Underhanded Strike"},{"not_picked":["Dodge and Roll","Catalyst"],"picked":"Backflip"}],"player_experience":119343,"potions_floor_usage":[16,16,16,24,24],"damage_taken":[{"damage":0,"enemies":"2 Louse","floor":1,"turns":4},{"damage":0,"enemies":"Small Slimes","floor":3,"turns":3},{"damage":0,"enemies":"Jaw Worm","floor":4,"turns":4},{"damage":4,"enemies":"Gremlin Gang","floor":7,"turns":5},{"damage":1,"enemies":"3 Sentries","floor":8,"turns":7},{"damage":0,"enemies":"Exordium Thugs","floor":10,"turns":4},{"damage":0,"enemies":"Red Slaver","floor":13,"turns":2},{"damage":0,"enemies":"Large Slime","floor":14,"turns":2},{"damage":0,"enemies":"Slime Boss","floor":16,"turns":7},{"damage":8,"enemies":"Shell Parasite","floor":18,"turns":4},{"damage":0,"enemies":"Chosen","floor":19,"turns":5},{"damage":17,"enemies":"Snake Plant","floor":22,"turns":4},{"damage":0,"enemies":"Slavers","floor":24,"turns":5},{"damage":3,"enemies":"Centurion and Healer","floor":28,"turns":5},{"damage":15,"enemies":"Book of Stabbing","floor":31,"turns":6},{"damage":38,"enemies":"Champ","floor":33,"turns":9},{"damage":0,"enemies":"Orb Walker","floor":35,"turns":4},{"damage":3,"enemies":"3 Darklings","floor":37,"turns":5},{"damage":13,"enemies":"Mysterious Sphere","floor":42,"turns":4},{"damage":2,"enemies":"Sphere and 2 Shapes","floor":44,"turns":4},{"damage":0,"enemies":"2 Orb Walkers","floor":45,"turns":3},{"damage":15,"enemies":"Maw","floor":47,"turns":6},{"damage":14,"enemies":"Nemesis","floor":48,"turns":5},{"damage":68,"enemies":"Awakened One","floor":50,"turns":15}],"event_choices":[{"event_name":"Shining Light","player_choice":"Entered Light","floor":2,"damage_taken":0},{"event_name":"Match and Keep!","player_choice":"3 cards matched","floor":11,"damage_taken":0},{"event_name":"Match and Keep!","player_choice":"3 cards matched","floor":11,"damage_taken":0},{"event_name":"Addict","player_choice":"Obtained Relic","floor":20,"damage_taken":0},{"event_name":"Cursed Tome","player_choice":"Obtained Book","floor":21,"damage_taken":0},{"event_name":"Tomb of Lord Red Mask","player_choice":"Paid","floor":38,"damage_taken":0},{"event_name":"Winding Halls","player_choice":"Embrace Madness","floor":39,"damage_taken":0},{"event_name":"Mysterious Sphere","player_choice":"Fight","floor":42,"damage_taken":0},{"event_name":"Purifier","player_choice":"One Purge","floor":46,"damage_taken":0}],"boss_relics":[{"not_picked":["Question Card","Philosopher\u0027s Stone"],"picked":"Runic Pyramid"},{"not_picked":["Cursed Key","Tiny House"],"picked":"Sozu"}],"potions_floor_spawned":[7,10,13,14,18,22,24,35,37,42],"seed_played":"-6810767590807026826","ascension_level":0,"is_trial":false}