{"gold_per_floor":[113,128,145,220,395,395,405,405,456,75,91,91,126,91,91,189,189,179,198,98,111,0,0],"floor_reached":23,"playtime":1305,"items_purged":["Doubt","Normality"],"score":292,"play_id":"d73b018c-05ed-49ac-a113-744c1ee0a0da","local_time":"20180904154202","is_ascension_mode":true,"campfire_choices":[{"data":"Bash","floor":6,"key":"SMITH"},{"data":"Iron Wave","floor":8,"key":"SMITH"},{"data":"Reaper","floor":12,"key":"SMITH"},{"data":"Shrug It Off","floor":15,"key":"SMITH"}],"neow_cost":"NONE","seed_source_timestamp":712825443289883,"circlet_count":0,"master_deck":["Strike_R","Strike_R","Strike_R","Strike_R","Strike_R","Defend_R","Defend_R","Defend_R","Defend_R","Bash+1","Shrug It Off+1","Iron Wave+1","Warcry","Reaper+1","Limit Break","Writhe","Clumsy","Sword Boomerang","Sword Boomerang+1","Cleave+1"],"relics":["Burning Blood","Red Skull","Anchor","Potion Belt","Calling Bell","Boot","Mercury Hourglass","Mango"],"potions_floor_usage":[13,16,21,23],"damage_taken":[{"damage":14,"enemies":"2 Louse","floor":1,"turns":4},{"damage":0,"enemies":"Small Slimes","floor":2,"turns":4},{"damage":1,"enemies":"Cultist","floor":3,"turns":4},{"damage":8,"enemies":"2 Fungi Beasts","floor":7,"turns":5},{"damage":16,"enemies":"Large Slime","floor":11,"turns":9},{"damage":32,"enemies":"3 Sentries","floor":13,"turns":9},{"damage":89,"enemies":"Slime Boss","floor":16,"turns":19},{"damage":34,"enemies":"2 Thieves","floor":18,"turns":4},{"damage":3,"enemies":"3 Byrds","floor":19,"turns":4},{"damage":47,"enemies":"3 Cultists","floor":21,"turns":6},{"damage":59,"enemies":"Book of Stabbing","floor":23,"turns":4}],"seed_played":"1759562182413265168","potions_obtained":[{"floor":3,"key":"Explosive Potion"},{"floor":13,"key":"Weak Potion"},{"floor":16,"key":"SneckoOil"},{"floor":19,"key":"Block Potion"}],"is_trial":false,"path_per_floor":["M","M","M","?","?","R","M","R","T","$","M","R","E","?","R","B",null,"M","M","$","M","?"],"character_chosen":"IRONCLAD","items_purchased":["Reaper","Anchor"],"campfire_rested":0,"item_purchase_floors":[10,10],"current_hp_per_floor":[72,78,83,72,72,72,70,70,70,70,68,68,57,79,79,14,84,76,85,85,59,59,0],"gold":0,"neow_bonus":"TEN_PERCENT_HP_BONUS","is_prod":false,"is_daily":false,"chose_seed":false,"campfire_upgraded":4,"win_rate":0,"timestamp":1536068522,"path_taken":["M","M","M","?","?","R","M","R","T","$","M","R","E","?","R","BOSS","M","?","$","M","?","E"],"build_version":"2018-08-30","purchased_purges":2,"victory":false,"max_hp_per_floor":[88,88,88,88,88,88,88,88,88,88,88,88,88,88,88,88,102,102,102,102,102,102,102],"card_choices":[{"not_picked":["Rage","Anger"],"picked":"Shrug It Off","floor":1},{"not_picked":["Metallicize","Seeing Red"],"picked":"Iron Wave","floor":2},{"not_picked":["Second Wind","True Grit"],"picked":"Warcry","floor":3},{"not_picked":["Havoc","Metallicize","Body Slam"],"picked":"SKIP","floor":7},{"not_picked":["Disarm","Double Tap","Wild Strike"],"picked":"SKIP","floor":11},{"not_picked":["Pommel Strike","Clash","Feel No Pain"],"picked":"SKIP","floor":13},{"not_picked":["Impervious","Fiend Fire"],"picked":"Limit Break","floor":16},{"not_picked":["Body Slam","Havoc+1"],"picked":"Sword Boomerang","floor":18},{"not_picked":["Reckless Charge","Havoc+1"],"picked":"Sword Boomerang+1","floor":19},{"not_picked":["Corruption","Havoc"],"picked":"Cleave+1","floor":21}],"player_experience":309010,"relics_obtained":[{"floor":9,"key":"Red Skull"},{"floor":13,"key":"Potion Belt"},{"floor":17,"key":"Boot"},{"floor":17,"key":"Mercury Hourglass"},{"floor":17,"key":"Mango"}],"event_choices":[{"event_name":"World of Goop","player_choice":"Gather Gold","floor":4,"damage_taken":0},{"event_name":"Liars Game","player_choice":"agreed","floor":5,"damage_taken":0},{"event_name":"The Cleric","player_choice":"Healed","floor":14,"damage_taken":0},{"event_name":"Masked Bandits","player_choice":"Paid Fearfully","floor":22,"damage_taken":0}],"is_beta":false,"boss_relics":[{"not_picked":["Tiny House","Black Star"],"picked":"Calling Bell"}],"items_purged_floors":[10,20],"is_endless":false,"potions_floor_spawned":[3,13,16,19],"killed_by":"Book of Stabbing","ascension_level":8}