{"gold_per_floor":[215,215,215,229,249,278,297,323,348,348,363,64,74,85,85,186,186,168,181,24,38,38,38,38],"floor_reached":24,"playtime":2052,"items_purged":["Strike_R"],"score":235,"play_id":"21ab20b3-e1bf-4e4b-8318-b9c0f4657467","local_time":"20190419180550","is_ascension_mode":false,"campfire_choices":[{"data":"Exhume","floor":10,"key":"SMITH"},{"data":"Dual Wield","floor":15,"key":"SMITH"},{"data":"Limit Break","floor":23,"key":"SMITH"}],"neow_cost":"NONE","seed_source_timestamp":17025261094296,"circlet_count":0,"master_deck":["Strike_R+1","Strike_R","Strike_R","Strike_R","Defend_R","Defend_R","Defend_R","Defend_R","Bash+1","Headbutt","Shrug It Off","Anger","Exhume+1","Heavy Blade","Double Tap","Inflame","Jack Of All Trades","Infernal Blade","Dual Wield+1","Limit Break+1","Flame Barrier","Warcry","Spot Weakness","Pommel Strike","Rupture","Flame Barrier","Seeing Red","Ghostly","Ghostly","Ghostly","Ghostly","Ghostly"],"relics":["Burning Blood","Pear","Pen Nib","Whetstone","Orrery","Bag of Preparation"],"potions_floor_usage":[16,16],"damage_taken":[{"damage":1,"enemies":"Cultist","floor":1,"turns":3},{"damage":13,"enemies":"Jaw Worm","floor":4,"turns":3},{"damage":5,"enemies":"Small Slimes","floor":5,"turns":4},{"damage":19,"enemies":"3 Sentries","floor":6,"turns":11},{"damage":12,"enemies":"Looter","floor":7,"turns":3},{"damage":10,"enemies":"Gremlin Nob","floor":8,"turns":4},{"damage":14,"enemies":"2 Fungi Beasts","floor":11,"turns":3},{"damage":0,"enemies":"Large Slime","floor":13,"turns":2},{"damage":4,"enemies":"Blue Slaver","floor":14,"turns":4},{"damage":22,"enemies":"Slime Boss","floor":16,"turns":7},{"damage":30,"enemies":"2 Thieves","floor":18,"turns":4},{"damage":38,"enemies":"Shell Parasite","floor":19,"turns":7},{"damage":19,"enemies":"Centurion and Healer","floor":21,"turns":5},{"damage":21,"enemies":"Snecko","floor":24,"turns":5}],"seed_played":"-2975579187038544804","potions_obtained":[{"floor":4,"key":"Explosive Potion"},{"floor":7,"key":"SpeedPotion"},{"floor":19,"key":"AttackPotion"}],"is_trial":false,"path_per_floor":["M","?","?","M","M","E","M","E","T","R","M","$","M","M","R","B",null,"M","M","$","M","?","R","M"],"character_chosen":"IRONCLAD","items_purchased":["Inflame","SteroidPotion","Jack Of All Trades","Bag of Preparation"],"campfire_rested":0,"item_purchase_floors":[12,12,12,20],"current_hp_per_floor":[80,80,80,73,74,71,65,61,61,61,53,53,59,61,61,45,90,66,34,34,21,21,21,0],"gold":38,"neow_bonus":"HUNDRED_GOLD","is_prod":false,"is_daily":false,"chose_seed":false,"campfire_upgraded":3,"win_rate":0,"timestamp":1555707950,"path_taken":["M","?","?","M","M","E","M","E","T","R","M","$","M","M","R","BOSS","M","M","$","M","?","R","M"],"build_version":"2019-01-23","purchased_purges":1,"victory":false,"max_hp_per_floor":[80,80,80,80,80,90,90,90,90,90,90,90,90,90,90,90,90,90,90,90,90,45,45,45],"card_choices":[{"not_picked":["Sword Boomerang","Hemokinesis"],"picked":"Headbutt","floor":1},{"not_picked":["Thunderclap","Headbutt"],"picked":"Shrug It Off","floor":4},{"not_picked":["Ghostly Armor","Headbutt"],"picked":"Anger","floor":5},{"not_picked":["Thunderclap","Cleave"],"picked":"Exhume","floor":6},{"not_picked":["Fire Breathing","Thunderclap","Havoc"],"picked":"SKIP","floor":7},{"not_picked":["Body Slam","Corruption"],"picked":"Heavy Blade","floor":8},{"not_picked":["True Grit","Flame Barrier"],"picked":"Double Tap","floor":11},{"not_picked":["Thunderclap","Shockwave"],"picked":"Infernal Blade","floor":13},{"not_picked":["Flex","Heavy Blade"],"picked":"Dual Wield","floor":14},{"not_picked":["Feed","Reaper"],"picked":"Limit Break","floor":16},{"not_picked":["Havoc","Pummel"],"picked":"Flame Barrier","floor":17},{"not_picked":["Burning Pact","Iron Wave"],"picked":"Warcry","floor":17},{"not_picked":["True Grit","Burning Pact"],"picked":"Spot Weakness","floor":17},{"not_picked":["Headbutt","Reckless Charge"],"picked":"Pommel Strike","floor":17},{"not_picked":["Clash+1","Carnage"],"picked":"Rupture","floor":18},{"not_picked":["Heavy Blade","Clash"],"picked":"Flame Barrier","floor":19},{"not_picked":["True Grit","Iron Wave"],"picked":"Seeing Red","floor":21}],"player_experience":674080,"relics_obtained":[{"floor":6,"key":"Pear"},{"floor":8,"key":"Pen Nib"},{"floor":9,"key":"Whetstone"}],"event_choices":[{"damage_healed":0,"gold_gain":0,"player_choice":"Ignored","damage_taken":0,"max_hp_gain":0,"max_hp_loss":0,"event_name":"Golden Idol","floor":2,"gold_loss":0},{"damage_healed":0,"gold_gain":0,"player_choice":"Ignored","damage_taken":0,"max_hp_gain":0,"max_hp_loss":0,"event_name":"Golden Wing","floor":3,"gold_loss":0},{"damage_healed":0,"gold_gain":0,"player_choice":"Became a Ghost","damage_taken":0,"max_hp_gain":0,"max_hp_loss":45,"event_name":"Ghosts","floor":22,"gold_loss":0,"cards_obtained":["Ghostly","Ghostly","Ghostly","Ghostly","Ghostly"]}],"is_beta":false,"boss_relics":[{"not_picked":["Fusion Hammer","Lizard Tail"],"picked":"Orrery"}],"items_purged_floors":[12],"is_endless":false,"potions_floor_spawned":[4,7,13,19],"killed_by":"Snecko","ascension_level":0}