{"gold_per_floor":[209,227,227,402,8,8,56,112,135,135,158,217,217,240,240,364,364,384,384,400,400,400,400,433,447,447,506,506,551,551,567,567,567],"floor_reached":33,"playtime":1050,"items_purged":["Doubt"],"score":482,"play_id":"bba740d1-671c-4507-8ef8-107e9097a0a1","local_time":"20190417235115","is_ascension_mode":true,"campfire_choices":[{"data":"HandOfGreed","floor":6,"key":"SMITH"},{"data":"Infernal Blade","floor":10,"key":"SMITH"},{"floor":13,"key":"REST"},{"data":"Uppercut","floor":15,"key":"SMITH"},{"data":"Spot Weakness","floor":23,"key":"SMITH"},{"data":"Battle Trance","floor":28,"key":"SMITH"},{"data":"Shrug It Off","floor":30,"key":"SMITH"},{"data":"Shrug It Off","floor":32,"key":"SMITH"}],"neow_cost":"NONE","seed_source_timestamp":111404111157037,"circlet_count":0,"master_deck":["AscendersBane","Defend_R+1","Defend_R+1","Defend_R+1","Defend_R+1","Bash","Infernal Blade+1","Pommel Strike","HandOfGreed+1","Perfected Strike","Uppercut+1","Shrug It Off+1","Spot Weakness+1","Reaper","Perfected Strike","Shrug It Off+1","Heavy Blade+1","Bite","Bite","Bite","Bite","Bite","Shockwave+1","Battle Trance+1"],"relics":["Burning Blood","Golden Idol","Membership Card","Bronze Scales","Bag of Marbles","Juzu Bracelet","Pen Nib","Philosopher\u0027s Stone","Boot","Blood Vial","Ancient Tea Set"],"potions_floor_usage":[27,27],"damage_taken":[{"damage":1,"enemies":"Cultist","floor":1,"turns":3},{"damage":2,"enemies":"2 Louse","floor":2,"turns":4},{"damage":12,"enemies":"Small Slimes","floor":7,"turns":2},{"damage":37,"enemies":"Gremlin Nob","floor":8,"turns":4},{"damage":11,"enemies":"Looter","floor":11,"turns":2},{"damage":25,"enemies":"Lagavulin","floor":12,"turns":4},{"damage":0,"enemies":"Large Slime","floor":14,"turns":3},{"damage":21,"enemies":"Hexaghost","floor":16,"turns":7},{"damage":16,"enemies":"3 Byrds","floor":18,"turns":1},{"damage":2,"enemies":"Spheric Guardian","floor":20,"turns":3},{"damage":34,"enemies":"Book of Stabbing","floor":24,"turns":5},{"damage":12,"enemies":"Snecko","floor":25,"turns":4},{"damage":51,"enemies":"Slavers","floor":27,"turns":8},{"damage":3,"enemies":"Centurion and Healer","floor":29,"turns":4},{"damage":16,"enemies":"Sentry and Sphere","floor":31,"turns":5},{"damage":68,"enemies":"Automaton","floor":33,"turns":6}],"seed_played":"-8688089843982734831","potions_obtained":[{"floor":1,"key":"Dexterity Potion"},{"floor":11,"key":"PowerPotion"},{"floor":16,"key":"Regen Potion"},{"floor":20,"key":"AttackPotion"},{"floor":25,"key":"Regen Potion"}],"is_trial":false,"path_per_floor":["?","?","?","?","?"],"character_chosen":"IRONCLAD","items_purchased":["Membership Card","HandOfGreed","Bronze Scales"],"campfire_rested":1,"item_purchase_floors":[5,5,5],"current_hp_per_floor":[77,80,74,74,74,74,68,37,37,37,32,13,35,41,41,26,62,52,52,56,51,51,51,27,25,25,35,35,44,44,46,46,0],"gold":567,"neow_bonus":"HUNDRED_GOLD","is_prod":false,"is_daily":false,"chose_seed":false,"campfire_upgraded":7,"win_rate":0,"timestamp":1555519875,"path_taken":["M","M","?","?","$","R","M","E","T","R","M","E","R","M","R","BOSS","M","?","M","?","?","R","E","M","T","E","R","M","R","M","R","BOSS"],"build_version":"2019-01-23","purchased_purges":1,"victory":false,"max_hp_per_floor":[80,80,74,74,74,74,74,74,74,74,74,74,74,74,74,74,74,74,74,74,51,51,51,51,51,51,51,51,51,51,51,51,51],"card_choices":[{"not_picked":["Clothesline","Evolve"],"picked":"Infernal Blade","floor":1},{"not_picked":["Combust","Sever Soul"],"picked":"Pommel Strike","floor":2},{"not_picked":["Sword Boomerang","Havoc","Blood for Blood"],"picked":"SKIP","floor":7},{"not_picked":["Wild Strike","Cleave"],"picked":"Perfected Strike","floor":8},{"not_picked":["Warcry","Body Slam"],"picked":"Uppercut","floor":11},{"not_picked":["Burning Pact","Battle Trance"],"picked":"Shrug It Off","floor":12},{"not_picked":["Fire Breathing","Ghostly Armor"],"picked":"Spot Weakness","floor":14},{"not_picked":["Juggernaut","Immolate"],"picked":"Reaper","floor":16},{"not_picked":["Flex","Feel No Pain"],"picked":"Perfected Strike","floor":18},{"not_picked":["Disarm","Anger"],"picked":"Heavy Blade+1","floor":20},{"not_picked":["Infernal Blade+1","Heavy Blade+1"],"picked":"Shockwave+1","floor":24},{"not_picked":["Iron Wave+1","True Grit+1"],"picked":"Battle Trance","floor":25},{"not_picked":["Burning Pact+1","Immolate","Perfected Strike"],"picked":"SKIP","floor":27},{"not_picked":["Infernal Blade","Heavy Blade","Second Wind+1"],"picked":"SKIP","floor":29},{"not_picked":["Pommel Strike","Wild Strike","Carnage"],"picked":"SKIP","floor":31}],"player_experience":253740,"relics_obtained":[{"floor":8,"key":"Bag of Marbles"},{"floor":9,"key":"Juzu Bracelet"},{"floor":12,"key":"Pen Nib"},{"floor":24,"key":"Boot"},{"floor":26,"key":"Blood Vial"},{"floor":27,"key":"Ancient Tea Set"}],"event_choices":[{"damage_healed":0,"gold_gain":0,"player_choice":"Lose Max HP","damage_taken":0,"relics_obtained":["Golden Idol"],"max_hp_gain":0,"max_hp_loss":6,"event_name":"Golden Idol","floor":3,"gold_loss":0},{"damage_healed":0,"gold_gain":175,"player_choice":"AGREE","damage_taken":0,"max_hp_gain":0,"max_hp_loss":0,"event_name":"Liars Game","floor":4,"gold_loss":0,"cards_obtained":["Doubt"]},{"damage_healed":0,"gold_gain":0,"player_choice":"Read","damage_taken":0,"max_hp_gain":0,"max_hp_loss":0,"event_name":"The Library","floor":19,"gold_loss":0,"cards_obtained":["Shrug It Off"]},{"damage_healed":0,"gold_gain":0,"player_choice":"Became a vampire","damage_taken":0,"max_hp_gain":0,"max_hp_loss":23,"event_name":"Vampires","floor":21,"gold_loss":0,"cards_obtained":["Bite","Bite","Bite","Bite","Bite"]},{"damage_healed":0,"gold_gain":0,"player_choice":"Simplicity","damage_taken":0,"max_hp_gain":0,"max_hp_loss":0,"event_name":"Back to Basics","floor":22,"gold_loss":0,"cards_upgraded":["Defend_R","Defend_R","Defend_R","Defend_R"]}],"is_beta":false,"boss_relics":[{"not_picked":["Ectoplasm","Orrery"],"picked":"Philosopher\u0027s Stone"}],"items_purged_floors":[5],"is_endless":false,"potions_floor_spawned":[1,11,16,20,24,25],"killed_by":"Automaton","ascension_level":11}