{"gold_per_floor":[116,61,61,76,76,76,104,165,165,193,193,193,206,220,220,319,319,333,283,297,193,193,193,229,65,65,65,84,84],"floor_reached":29,"playtime":1586,"items_purged":[],"score":461,"play_id":"d051bdc7-1aa2-4168-a144-8b46308345f3","local_time":"20190423214531","is_ascension_mode":true,"campfire_choices":[{"data":"Perfected Strike","floor":6,"key":"SMITH"},{"data":"Anger","floor":15,"key":"SMITH"},{"data":"Uppercut","floor":23,"key":"SMITH"},{"floor":27,"key":"REST"}],"neow_cost":"NONE","seed_source_timestamp":22169766090921,"circlet_count":0,"master_deck":["AscendersBane","Strike_R","Strike_R","Strike_R","Strike_R","Strike_R","Defend_R","Defend_R+1","Defend_R","Defend_R+1","Bash+1","Iron Wave","Twin Strike","Perfected Strike+1","Anger+1","Headbutt","Shrug It Off","Fiend Fire","True Grit+1","Metallicize+1","Shrug It Off","Uppercut+1","Disarm","Shockwave","Wild Strike"],"relics":["Burning Blood","War Paint","Vajra","Turnip","Golden Idol","Snecko Eye","Mummified Hand","FossilizedHelix","Self Forming Clay"],"potions_floor_usage":[16,16,16,24,24,29],"damage_taken":[{"damage":6,"enemies":"2 Louse","floor":1,"turns":3},{"damage":4,"enemies":"Jaw Worm","floor":4,"turns":4},{"damage":28,"enemies":"Gremlin Nob","floor":7,"turns":5},{"damage":15,"enemies":"Lagavulin","floor":10,"turns":5},{"damage":0,"enemies":"Small Slimes","floor":13,"turns":2},{"damage":8,"enemies":"Blue Slaver","floor":14,"turns":2},{"damage":39,"enemies":"The Guardian","floor":16,"turns":10},{"damage":10,"enemies":"Chosen","floor":18,"turns":4},{"damage":3,"enemies":"Shell Parasite","floor":20,"turns":3},{"damage":28,"enemies":"Slavers","floor":24,"turns":6},{"damage":0,"enemies":"Chosen and Byrds","floor":28,"turns":5},{"damage":79,"enemies":"Gremlin Leader","floor":29,"turns":10}],"seed_played":"-3877016421004053445","potions_obtained":[{"floor":10,"key":"EntropicBrew"},{"floor":13,"key":"SpeedPotion"},{"floor":16,"key":"Poison Potion"},{"floor":24,"key":"Regen Potion"}],"is_trial":false,"path_per_floor":["M","$","?","M","?","R","E","?","T","E","$","?","M","M","R","B",null,"M","?","M","$","T","R","E","$","T","R","M","E"],"character_chosen":"IRONCLAD","items_purchased":["Twin Strike","Shrug It Off","Uppercut","Disarm","Shockwave"],"campfire_rested":1,"item_purchase_floors":[2,21,21,25,25],"current_hp_per_floor":[68,68,68,70,70,70,48,48,48,39,39,39,45,43,43,10,54,50,50,53,53,53,53,31,31,31,51,57,0],"gold":84,"neow_bonus":"THREE_CARDS","is_prod":false,"is_daily":false,"chose_seed":false,"campfire_upgraded":3,"win_rate":0,"timestamp":1556066731,"path_taken":["M","$","?","M","?","R","E","?","T","E","$","?","M","M","R","BOSS","M","?","M","$","?","R","E","$","T","R","M","E"],"build_version":"2019-01-23","purchased_purges":0,"victory":false,"max_hp_per_floor":[75,75,75,75,75,75,75,75,75,75,75,68,68,68,68,68,68,68,68,68,68,68,68,68,68,68,68,68,68],"card_choices":[{"not_picked":["Intimidate","Seeing Red"],"picked":"Iron Wave","floor":0},{"not_picked":["Wild Strike","Seeing Red","Sword Boomerang"],"picked":"SKIP","floor":1},{"not_picked":["Clash","Evolve"],"picked":"Perfected Strike","floor":4},{"not_picked":["Evolve","Exhume","Body Slam"],"picked":"SKIP","floor":7},{"not_picked":["Havoc","Sword Boomerang"],"picked":"Anger","floor":10},{"not_picked":["Rupture","Dropkick"],"picked":"Headbutt","floor":13},{"not_picked":["Warcry","Body Slam"],"picked":"Shrug It Off","floor":14},{"not_picked":["Demon Form","Barricade"],"picked":"Fiend Fire","floor":16},{"not_picked":["Combust+1","Twin Strike"],"picked":"True Grit","floor":18},{"not_picked":["Headbutt","Heavy Blade"],"picked":"Metallicize+1","floor":20},{"not_picked":["Thunderclap","Twin Strike","Heavy Blade"],"picked":"SKIP","floor":24},{"not_picked":["Body Slam","Twin Strike"],"picked":"Wild Strike","floor":28}],"player_experience":739372,"relics_obtained":[{"floor":7,"key":"War Paint"},{"floor":9,"key":"Vajra"},{"floor":10,"key":"Turnip"},{"floor":22,"key":"Mummified Hand"},{"floor":24,"key":"FossilizedHelix"},{"floor":26,"key":"Self Forming Clay"}],"event_choices":[{"damage_healed":0,"gold_gain":0,"player_choice":"Ignored","damage_taken":0,"max_hp_gain":0,"max_hp_loss":0,"event_name":"Shining Light","floor":3,"gold_loss":0},{"damage_healed":0,"gold_gain":0,"player_choice":"Grow","damage_taken":0,"max_hp_gain":0,"max_hp_loss":0,"event_name":"Living Wall","floor":5,"gold_loss":0,"cards_upgraded":["Bash"]},{"damage_healed":0,"gold_gain":61,"player_choice":"Gained Gold","damage_taken":0,"max_hp_gain":0,"max_hp_loss":0,"event_name":"Golden Wing","floor":8,"gold_loss":0},{"damage_healed":0,"gold_gain":0,"player_choice":"Lose Max HP","damage_taken":0,"relics_obtained":["Golden Idol"],"max_hp_gain":0,"max_hp_loss":7,"event_name":"Golden Idol","floor":12,"gold_loss":0},{"damage_healed":0,"gold_gain":0,"player_choice":"Upgrade","damage_taken":0,"max_hp_gain":0,"max_hp_loss":0,"event_name":"Designer","floor":19,"gold_loss":50,"cards_upgraded":["True Grit"]}],"is_beta":false,"boss_relics":[{"not_picked":["Mark of Pain","Runic Dome"],"picked":"Snecko Eye"}],"items_purged_floors":[],"is_endless":false,"potions_floor_spawned":[10,13,16,24],"killed_by":"Gremlin Leader","ascension_level":17}