{"path_per_floor":["M","$","M","$","M","R","?","M","T","R","?","?","$","M","R","B",null,"M","?","?","M","$","R","M","M","T","M","M","?","M","M","R"],"character_chosen":"THE_SILENT","items_purchased":["Well Laid Plans"],"gold_per_floor":[217,108,122,22,42,42,42,53,53,53,53,53,53,64,64,166,166,182,182,232,249,124,124,138,153,153,173,193,193,210,227,227],"floor_reached":33,"campfire_rested":0,"playtime":7871,"current_hp_per_floor":[70,70,70,70,70,70,70,62,62,62,62,62,62,62,62,50,70,63,63,63,56,56,56,57,54,54,53,53,53,35,35,35],"items_purged":["Strike_G","Strike_G","Defend_G"],"gold":227,"score":241,"play_id":"e5c74765-586f-42d5-8035-441bbfff645d","local_time":"20180313224329","is_prod":false,"is_daily":false,"is_ascension_mode":false,"campfire_upgraded":5,"timestamp":1521006209,"path_taken":["M","$","M","$","M","R","?","M","T","R","?","?","?","M","R","BOSS","M","?","?","M","$","R","M","M","T","M","?","?","M","M","R","BOSS"],"build_version":"2018-03-09","purchased_purges":3,"victory":false,"master_deck":["Defend_G","Defend_G","Strike_G","Survivor","Neutralize","Deflect","Well Laid Plans+1","Deadly Poison+1","Dodge and Roll+1","Deflect","Acrobatics+1","Adrenaline","Predator+1","Riddle With Holes+1","Venomology+1","Flechettes+1","Backflip","Deadly Poison","Burst+1","Endless Agony+1"],"max_hp_per_floor":[70,70,70,70,70,70,70,70,70,70,70,70,70,70,70,70,70,70,70,70,70,70,70,70,70,70,70,70,70,70,70,70],"relics":["Ring of the Snake","Ice Cream","Astrolabe"],"card_choices":[{"not_picked":["Flying Knee","Prepared"],"picked":"Deflect"},{"not_picked":["Prepared","Poisoned Stab"],"picked":"Deadly Poison"},{"not_picked":["Deadly Poison","Masterful Stab"],"picked":"Dodge and Roll"},{"not_picked":["Predator","Slice"],"picked":"Deflect"},{"not_picked":["Bane","Underhanded Strike"],"picked":"Acrobatics"},{"not_picked":["Night Terror","Doppelganger"],"picked":"Adrenaline"},{"not_picked":["Dagger Spray","Poisoned Stab"],"picked":"Flechettes"},{"not_picked":["Deflect","Flying Knee"],"picked":"Backflip"},{"not_picked":["Calculated Gamble","Terror"],"picked":"Deadly Poison"},{"not_picked":["Outmaneuver","Dash"],"picked":"Burst"},{"not_picked":["Flying Knee","Outmaneuver"],"picked":"Endless Agony"}],"player_experience":159844,"potions_floor_usage":[18,18,18,21,24,25,27,28,28,30,31,33,33,33],"damage_taken":[{"damage":0.0,"enemies":"2 Louse","floor":1.0,"turns":3.0},{"damage":0.0,"enemies":"Cultist","floor":3.0,"turns":5.0},{"damage":0.0,"enemies":"Jaw Worm","floor":5.0,"turns":4.0},{"damage":8.0,"enemies":"Large Slime","floor":8.0,"turns":15.0},{"damage":0,"enemies":"Red Slaver","floor":14,"turns":5},{"damage":12,"enemies":"The Guardian","floor":16,"turns":12},{"damage":7,"enemies":"2 Thieves","floor":18,"turns":3},{"damage":7,"enemies":"Shell Parasite","floor":21,"turns":3},{"damage":8,"enemies":"Chosen and Byrds","floor":24,"turns":5},{"damage":3,"enemies":"3 Cultists","floor":25,"turns":4},{"damage":1,"enemies":"Snecko","floor":27,"turns":4},{"damage":0,"enemies":"Sentry and Sphere","floor":28,"turns":5},{"damage":18,"enemies":"Slaver and Parasite","floor":30,"turns":5},{"damage":0,"enemies":"Chosen and Byrds","floor":31,"turns":5},{"damage":44,"enemies":"Champ","floor":33,"turns":12}],"event_choices":[{"event_name":"Wheel of Change","player_choice":"Card Removal","floor":7.0,"damage_taken":0.0},{"event_name":"The Lab","player_choice":"Got Potions","floor":11.0,"damage_taken":0.0},{"event_name":"Accursed Blacksmith","player_choice":"Forge","floor":12.0,"damage_taken":0.0},{"event_name":"The Woman in Blue","player_choice":"Bought 0 Potions","floor":19,"damage_taken":0},{"event_name":"The Joust","player_choice":"Bet on Murderer","floor":20,"damage_taken":0},{"event_name":"Vampires","player_choice":"Ignored","floor":29,"damage_taken":0}],"boss_relics":[{"not_picked":["Runic Pyramid","White Beast Statue"],"picked":"Astrolabe"}],"potions_floor_spawned":[5,8,16,18,28],"seed_played":"-5737246597848954507","killed_by":"Champ","ascension_level":0,"is_trial":false}