{"gold_per_floor":[159,176,195,195,24,57,57,57,138,138,152,177,177,187,187,262,262,276,53,53,82,96,96,109,109,185,197,197],"floor_reached":28,"playtime":1014,"items_purged":["Strike_G"],"score":463,"play_id":"b5635386-1c6e-48d2-b649-4f6b269539a7","local_time":"20181029132551","is_ascension_mode":true,"campfire_choices":[{"data":"Noxious Fumes","floor":7,"key":"SMITH"},{"floor":10,"key":"REST"},{"data":"Malaise","floor":13,"key":"SMITH"},{"floor":15,"key":"REST"},{"data":"After Image","floor":23,"key":"SMITH"},{"floor":25,"key":"REST"}],"neow_cost":"NONE","seed_source_timestamp":421903349523020,"circlet_count":0,"master_deck":["Defend_G","Defend_G","Defend_G","Defend_G","Defend_G","Strike_G","Strike_G","Strike_G","Strike_G","Survivor+1","Neutralize","AscendersBane","Slice+1","Blade Dance","Noxious Fumes+1","Quick Slash","Malaise+1","Terror","Backstab","Noxious Fumes","Noxious Fumes","Glass Knife","Corpse Explosion","Riddle With Holes","Cloak And Dagger","Poisoned Stab","PiercingWail","Ghostly","Ghostly","Ghostly","Ghostly","Ghostly","After Image+1","Noxious Fumes+1","Quick Slash+1"],"relics":["Tiny House","PreservedInsect","Dodecahedron","Dream Catcher","Orrery","Juzu Bracelet","Red Mask","The Courier"],"potions_floor_usage":[16,22,28],"damage_taken":[{"damage":0,"enemies":"Small Slimes","floor":1,"turns":3},{"damage":1,"enemies":"Cultist","floor":2,"turns":4},{"damage":11,"enemies":"Jaw Worm","floor":3,"turns":4},{"damage":32,"enemies":"Gremlin Nob","floor":6,"turns":5},{"damage":1,"enemies":"2 Fungi Beasts","floor":11,"turns":3},{"damage":14,"enemies":"Lagavulin","floor":12,"turns":6},{"damage":7,"enemies":"Looter","floor":14,"turns":3},{"damage":7,"enemies":"The Guardian","floor":16,"turns":9},{"damage":0,"enemies":"3 Byrds","floor":18,"turns":5},{"damage":8,"enemies":"Masked Bandits","floor":21,"turns":4},{"damage":3,"enemies":"Shell Parasite","floor":22,"turns":5},{"damage":8,"enemies":"3 Cultists","floor":24,"turns":4},{"damage":6,"enemies":"Shelled Parasite and Fungi","floor":27,"turns":7},{"damage":32,"enemies":"Gremlin Leader","floor":28,"turns":6}],"seed_played":"-7784986934013597192","potions_obtained":[{"floor":0,"key":"SmokeBomb"},{"floor":2,"key":"SpeedPotion"},{"floor":12,"key":"PowerPotion"},{"floor":21,"key":"SteroidPotion"},{"floor":22,"key":"SteroidPotion"}],"is_trial":false,"path_per_floor":["M","M","M","?","$","E","R","$","T","R","M","E","R","M","R","B",null,"M","$","?","?","M","R","M","R","T","M"],"character_chosen":"THE_SILENT","items_purchased":["Malaise","Terror","Juzu Bracelet"],"campfire_rested":3,"item_purchase_floors":[5,5,19],"current_hp_per_floor":[64,63,52,52,52,20,20,20,20,41,40,26,26,19,40,33,62,62,62,35,27,24,24,16,26,26,20,0],"gold":197,"neow_bonus":"BOSS_RELIC","is_prod":false,"is_daily":false,"chose_seed":false,"campfire_upgraded":3,"win_rate":0,"timestamp":1540815951,"path_taken":["M","M","M","?","?","E","R","?","T","R","M","E","R","M","R","BOSS","M","$","?","?","M","R","M","R","T","M","E"],"build_version":"2018-10-25v2","purchased_purges":1,"victory":false,"max_hp_per_floor":[71,71,71,71,71,71,71,71,71,71,71,71,71,71,71,71,71,71,71,35,35,35,35,35,35,35,35,35],"card_choices":[{"not_picked":["PiercingWail","Setup"],"picked":"Slice","floor":0},{"not_picked":["Finisher","Underhanded Strike"],"picked":"Blade Dance","floor":1},{"not_picked":["PiercingWail","Infinite Blades"],"picked":"Noxious Fumes","floor":2},{"not_picked":["Dodge and Roll","PiercingWail"],"picked":"Quick Slash","floor":3},{"not_picked":["Deadly Poison","Crippling Poison"],"picked":"Backstab","floor":6},{"not_picked":["Prepared","Setup"],"picked":"Noxious Fumes","floor":11},{"not_picked":["Sucker Punch","Prepared","Bane"],"picked":"SKIP","floor":12},{"not_picked":["Outmaneuver","Slice","Dagger Throw"],"picked":"SKIP","floor":14},{"not_picked":["Blade Dance","Corpse Explosion"],"picked":"Noxious Fumes","floor":15},{"not_picked":["Venomology","Malaise"],"picked":"Glass Knife","floor":16},{"not_picked":["Poisoned Stab","Sucker Punch"],"picked":"Corpse Explosion","floor":17},{"not_picked":["PiercingWail","Expertise"],"picked":"Riddle With Holes","floor":17},{"not_picked":["Outmaneuver","Choke"],"picked":"Cloak And Dagger","floor":17},{"not_picked":["Setup","Infinite Blades"],"picked":"Poisoned Stab","floor":17},{"not_picked":["Reflex","Deadly Poison"],"picked":"PiercingWail","floor":17},{"not_picked":["Flechettes","Sucker Punch","Endless Agony"],"picked":"SKIP","floor":18},{"not_picked":["Blade Dance","Distraction"],"picked":"After Image","floor":21},{"not_picked":["Outmaneuver","Poisoned Stab"],"picked":"Noxious Fumes+1","floor":22},{"not_picked":["Bane","Skewer"],"picked":"Quick Slash+1","floor":24},{"not_picked":["Flying Knee","Backflip","PiercingWail"],"picked":"SKIP","floor":27}],"player_experience":622767,"relics_obtained":[{"floor":6,"key":"PreservedInsect"},{"floor":9,"key":"Dodecahedron"},{"floor":12,"key":"Dream Catcher"},{"floor":21,"key":"Red Mask"},{"floor":26,"key":"The Courier"}],"event_choices":[{"damage_healed":0,"gold_gain":0,"player_choice":"Grow","damage_taken":0,"max_hp_gain":0,"max_hp_loss":0,"event_name":"Living Wall","floor":4,"gold_loss":0,"cards_upgraded":["Slice"]},{"damage_healed":0,"gold_gain":0,"player_choice":"Became a Ghost","damage_taken":0,"max_hp_gain":0,"max_hp_loss":36,"event_name":"Ghosts","floor":20,"gold_loss":0,"cards_obtained":["Ghostly","Ghostly","Ghostly","Ghostly","Ghostly"]},{"damage_healed":0,"gold_gain":0,"player_choice":"Fought Bandits","damage_taken":0,"max_hp_gain":0,"max_hp_loss":0,"event_name":"Masked Bandits","floor":21,"gold_loss":0}],"is_beta":false,"boss_relics":[{"not_picked":["Lizard Tail","Fusion Hammer"],"picked":"Orrery"}],"items_purged_floors":[19],"is_endless":false,"potions_floor_spawned":[2,12,14,21,22],"killed_by":"Gremlin Leader","ascension_level":14}