{"gold_per_floor":[114,128,13,13,13,13,45,65,65,65,83,83,118,134,134,134],"floor_reached":16,"playtime":687,"items_purged":[],"score":270,"play_id":"d4c9d373-77f5-4b6d-97d1-2d68a6f7c8ef","local_time":"20190104194018","is_ascension_mode":true,"campfire_choices":[{"data":"Clothesline","floor":6,"key":"SMITH"},{"data":"Bash","floor":10,"key":"SMITH"},{"data":"Pommel Strike","floor":12,"key":"SMITH"},{"data":"Cleave","floor":15,"key":"SMITH"}],"neow_cost":"NONE","seed_source_timestamp":32857772099921,"circlet_count":0,"master_deck":["AscendersBane","Strike_R","Strike_R","Strike_R","Strike_R","Strike_R","Defend_R","Defend_R","Defend_R","Defend_R","Bash+1","Pommel Strike+1","Clothesline+1","Cleave+1","Warcry+1","Shockwave+1","True Grit+1","Armaments+1","Armaments+1"],"relics":["Burning Blood","NeowsBlessing","Toxic Egg 2","Darkstone Periapt","Orichalcum"],"potions_floor_usage":[11,11,13,16],"damage_taken":[{"damage":0,"enemies":"Small Slimes","floor":1,"turns":1},{"damage":0,"enemies":"Jaw Worm","floor":2,"turns":1},{"damage":0,"enemies":"3 Sentries","floor":7,"turns":1},{"damage":0,"enemies":"2 Louse","floor":8,"turns":2},{"damage":47,"enemies":"Exordium Thugs","floor":11,"turns":4},{"damage":6,"enemies":"Gremlin Nob","floor":13,"turns":3},{"damage":1,"enemies":"Blue Slaver","floor":14,"turns":5},{"damage":53,"enemies":"The Guardian","floor":16,"turns":19}],"seed_played":"1420500550109756783","potions_obtained":[{"floor":2,"key":"Regen Potion"},{"floor":11,"key":"Fire Potion"},{"floor":13,"key":"PowerPotion"}],"is_trial":false,"path_per_floor":["M","M","$","?","?","R","E","M","T","R","M","R","E","M","R","B"],"character_chosen":"IRONCLAD","items_purchased":["AttackPotion","Cleave"],"campfire_rested":0,"item_purchase_floors":[3,3],"current_hp_per_floor":[74,75,75,80,80,80,80,80,80,80,48,48,48,53,53,0],"gold":134,"neow_bonus":"THREE_ENEMY_KILL","is_prod":false,"is_daily":false,"chose_seed":false,"campfire_upgraded":4,"win_rate":0,"timestamp":1546627218,"path_taken":["M","M","$","?","?","R","E","M","T","R","M","R","E","M","R","BOSS"],"build_version":"2019-01-03v3","purchased_purges":0,"victory":false,"max_hp_per_floor":[75,75,75,80,80,80,80,80,80,80,80,80,80,80,80,80],"card_choices":[{"not_picked":["Thunderclap","Anger"],"picked":"Pommel Strike","floor":1},{"not_picked":["Dropkick","Seeing Red"],"picked":"Clothesline","floor":2},{"not_picked":["Searing Blow","Heavy Blade"],"picked":"Warcry","floor":7},{"not_picked":["Thunderclap","Iron Wave"],"picked":"Shockwave+1","floor":8},{"not_picked":["Corruption","Battle Trance+1"],"picked":"True Grit+1","floor":11},{"not_picked":["Clothesline","Bludgeon"],"picked":"Armaments+1","floor":13},{"not_picked":["Sentinel+1","Hemokinesis"],"picked":"Armaments+1","floor":14}],"player_experience":1106411,"relics_obtained":[{"floor":7,"key":"Toxic Egg 2"},{"floor":9,"key":"Darkstone Periapt"},{"floor":13,"key":"Orichalcum"}],"event_choices":[{"damage_healed":0,"gold_gain":0,"player_choice":"Donut","damage_taken":0,"max_hp_gain":5,"max_hp_loss":0,"event_name":"Big Fish","floor":4,"gold_loss":0},{"damage_healed":0,"gold_gain":0,"player_choice":"Leave","damage_taken":0,"max_hp_gain":0,"max_hp_loss":0,"event_name":"The Cleric","floor":5,"gold_loss":0}],"is_beta":false,"boss_relics":[],"items_purged_floors":[],"is_endless":false,"potions_floor_spawned":[2,11,13],"killed_by":"The Guardian","ascension_level":20}