{"gold_per_floor":[165,115,131,131,144,170,186,218,218,218,218,244,259,276,276,374,374,387,297,3,21,35,64,79,79,79,113,130,146,175,191,191,295,295,306,86,86,101,117,117,117,150,195,81,114,114,127,23,23,23,23,23,23,57,57],"floor_reached":56,"playtime":10288,"items_purged":[],"score":1379,"play_id":"930469a5-dc82-4b06-8f3e-de28dad569bd","local_time":"20190109201248","is_ascension_mode":false,"campfire_choices":[{"data":"Buffer","floor":10,"key":"SMITH"},{"floor":15,"key":"REST"},{"floor":25,"key":"RECALL"},{"floor":32,"key":"REST"},{"data":"Storm","floor":40,"key":"SMITH"},{"data":"Rainbow","floor":46,"key":"SMITH"},{"data":"Echo Form","floor":49,"key":"SMITH"},{"data":"Coolheaded","floor":52,"key":"SMITH"}],"neow_cost":"NONE","seed_source_timestamp":140953416209200,"circlet_count":0,"master_deck":["Strike_B","Strike_B","Defend_B","Defend_B","Defend_B","Zap","Dualcast+1","Rip and Tear+1","Coolheaded+1","Chill","Buffer+1","Hologram","Sunder","Stack","Rainbow+1","Turbo","Hologram","Echo Form+1","Capacitor+1","Capacitor","Undo","BootSequence+1","Capacitor","Compile Driver","Conserve Battery+1","Rainbow","Coolheaded+1","Turbo+1","Rip and Tear+1","Blizzard+1","Meteor Strike","Conserve Battery+1","Self Repair","Hologram+1","Storm+1","Madness","Madness","Seek","Glacier","Static Discharge","Stack","Coolheaded+1","Barrage","Cold Snap","Loop+1"],"relics":["Tiny House","CultistMask","Emotion Chip","Bottled Tornado","Thread and Needle","Odd Mushroom","Nuclear Battery","Orichalcum","Ice Cream","PreservedInsect","Anchor","Mummified Hand","Lizard Tail","Bronze Scales","Bag of Preparation","Strawberry","Bag of Marbles"],"potions_floor_usage":[3,6,8,16,18,22,23,23,30,30,37,47,54,54,54,54,54,55,55,55],"damage_taken":[{"damage":6,"enemies":"Jaw Worm","floor":1,"turns":2},{"damage":10,"enemies":"Small Slimes","floor":3,"turns":3},{"damage":0,"enemies":"Cultist","floor":5,"turns":3},{"damage":4,"enemies":"Lagavulin","floor":6,"turns":7},{"damage":0,"enemies":"Looter","floor":7,"turns":4},{"damage":27,"enemies":"3 Sentries","floor":8,"turns":11},{"damage":0,"enemies":"The Mushroom Lair","floor":12,"turns":4},{"damage":0,"enemies":"3 Louse","floor":13,"turns":4},{"damage":0,"enemies":"Blue Slaver","floor":14,"turns":3},{"damage":26,"enemies":"Hexaghost","floor":16,"turns":12},{"damage":10,"enemies":"3 Byrds","floor":18,"turns":5},{"damage":0,"enemies":"Chosen","floor":21,"turns":8},{"damage":0,"enemies":"Snake Plant","floor":22,"turns":6},{"damage":9,"enemies":"Slavers","floor":23,"turns":9},{"damage":0,"enemies":"Chosen and Byrds","floor":24,"turns":7},{"damage":33,"enemies":"Gremlin Leader","floor":27,"turns":9},{"damage":0,"enemies":"Centurion and Healer","floor":28,"turns":6},{"damage":0,"enemies":"Snake Plant","floor":29,"turns":6},{"damage":0,"enemies":"Book of Stabbing","floor":30,"turns":7},{"damage":0,"enemies":"Sentry and Sphere","floor":31,"turns":5},{"damage":0,"enemies":"Champ","floor":33,"turns":9},{"damage":0,"enemies":"3 Shapes","floor":35,"turns":5},{"damage":0,"enemies":"Orb Walker","floor":38,"turns":4},{"damage":0,"enemies":"3 Darklings","floor":39,"turns":5},{"damage":0,"enemies":"Reptomancer","floor":42,"turns":7},{"damage":0,"enemies":"Giant Head","floor":45,"turns":7},{"damage":0,"enemies":"Jaw Worm Horde","floor":47,"turns":6},{"damage":19,"enemies":"Donu and Deca","floor":50,"turns":10},{"damage":5,"enemies":"Shield and Spear","floor":54,"turns":8},{"damage":116,"enemies":"The Heart","floor":55,"turns":11}],"seed_played":"-6269127500575055353","potions_obtained":[{"floor":0,"key":"SteroidPotion"},{"floor":1,"key":"EssenceOfSteel"},{"floor":7,"key":"Regen Potion"},{"floor":8,"key":"FearPotion"},{"floor":14,"key":"Poison Potion"},{"floor":16,"key":"Energy Potion"},{"floor":18,"key":"AttackPotion"},{"floor":21,"key":"Dexterity Potion"},{"floor":28,"key":"Dexterity Potion"},{"floor":29,"key":"FocusPotion"},{"floor":31,"key":"Ancient Potion"},{"floor":35,"key":"Weak Potion"},{"floor":37,"key":"Fruit Juice"},{"floor":37,"key":"Block Potion"},{"floor":45,"key":"EntropicBrew"}],"is_trial":false,"path_per_floor":["M","?","M","?","M","E","M","E","T","R","?","?","M","M","R","B",null,"M","?","$","M","M","E","M","R","T","E","M","M","E","M","R","B",null,"M","$","?","M","M","R","?","E","T","$","E","R","M","$","R","B",null,"R","$","E","B",null],"character_chosen":"DEFECT","items_purchased":["Orichalcum","Capacitor","Undo","Bronze Scales","Self Repair","Glacier","Static Discharge","Barrage","Cold Snap"],"campfire_rested":2,"item_purchase_floors":[20,20,20,36,36,44,44,48,48],"current_hp_per_floor":[74,74,64,64,64,60,60,48,48,48,41,41,41,41,65,39,80,70,70,70,70,70,61,61,61,61,28,28,28,28,28,52,52,80,80,80,85,85,85,85,74,81,81,81,92,92,92,92,92,80,92,92,92,92,29],"gold":57,"neow_bonus":"BOSS_RELIC","is_prod":false,"is_daily":false,"chose_seed":false,"campfire_upgraded":5,"win_rate":0,"timestamp":1547089968,"path_taken":["M","?","M","?","M","E","?","E","T","R","?","?","M","M","R","BOSS","M","?","$","?","M","E","M","R","T","E","?","M","E","M","R","BOSS","M","$","?","M","?","R","?","E","T","$","E","R","M","$","R","BOSS","R","$","E","BOSS"],"build_version":"2019-01-08","purchased_purges":0,"victory":true,"max_hp_per_floor":[80,80,80,80,80,80,80,80,80,80,80,80,80,80,80,80,80,80,80,80,80,80,80,80,80,80,80,80,80,80,80,80,80,80,80,80,85,85,85,85,85,85,85,85,92,92,92,92,92,92,92,92,92,92,92],"card_choices":[{"not_picked":["Consume","Darkness"],"picked":"Rip and Tear","floor":0},{"not_picked":["Steam","Go for the Eyes"],"picked":"Coolheaded","floor":1},{"not_picked":["Coolheaded","Streamline"],"picked":"Chill","floor":3},{"not_picked":["Undo","Hello World"],"picked":"Buffer","floor":5},{"not_picked":["Double Energy","Leap"],"picked":"Hologram","floor":6},{"not_picked":["Turbo","Conserve Battery"],"picked":"Sunder","floor":7},{"not_picked":["Beam Cell","Sweeping Beam"],"picked":"Stack","floor":8},{"not_picked":["Barrage","Scrape"],"picked":"Rainbow","floor":12},{"not_picked":["Stack","Blizzard"],"picked":"Turbo","floor":13},{"not_picked":["Sweeping Beam","Reprogram"],"picked":"Hologram","floor":14},{"not_picked":["Meteor Strike","Fission"],"picked":"Echo Form","floor":16},{"not_picked":["Coolheaded+1","Hologram"],"picked":"Capacitor+1","floor":18},{"not_picked":["Sweeping Beam+1","Ball Lightning"],"picked":"BootSequence+1","floor":21},{"not_picked":["Barrage","Blizzard"],"picked":"Capacitor","floor":22},{"not_picked":["Reprogram","Barrage"],"picked":"Compile Driver","floor":23},{"not_picked":["Go for the Eyes+1","Melter"],"picked":"Conserve Battery+1","floor":24},{"not_picked":["Darkness","Rebound"],"picked":"Rainbow","floor":27},{"not_picked":["Rebound","Streamline"],"picked":"Coolheaded+1","floor":28},{"not_picked":["Cold Snap","Go for the Eyes"],"picked":"Turbo+1","floor":29},{"not_picked":["Fission","Rebound"],"picked":"Rip and Tear+1","floor":30},{"not_picked":["Reinforced Body","Sweeping Beam"],"picked":"Blizzard+1","floor":31},{"not_picked":["Fission","Rainbow"],"picked":"Meteor Strike","floor":33},{"not_picked":["Hologram+1","Go for the Eyes+1"],"picked":"Conserve Battery+1","floor":35},{"not_picked":["Capacitor+1","Coolheaded"],"picked":"Hologram+1","floor":38},{"not_picked":["Go for the Eyes","Reprogram"],"picked":"Storm","floor":39},{"not_picked":["FTL","Turbo"],"picked":"Seek","floor":42},{"not_picked":["Gash+1","Darkness+1"],"picked":"Stack","floor":45},{"not_picked":["Storm","Self Repair"],"picked":"Coolheaded+1","floor":47},{"not_picked":["Electrodynamics","Sweeping Beam"],"picked":"Loop+1","floor":54}],"player_experience":323709,"relics_obtained":[{"floor":6,"key":"Emotion Chip"},{"floor":8,"key":"Bottled Tornado"},{"floor":9,"key":"Thread and Needle"},{"floor":12,"key":"Odd Mushroom"},{"floor":23,"key":"Ice Cream"},{"floor":26,"key":"PreservedInsect"},{"floor":27,"key":"Anchor"},{"floor":30,"key":"Mummified Hand"},{"floor":42,"key":"Bag of Preparation"},{"floor":45,"key":"Strawberry"},{"floor":54,"key":"Bag of Marbles"}],"event_choices":[{"cards_removed":["Strike_B"],"damage_healed":0,"gold_gain":0,"player_choice":"Card Removal","damage_taken":0,"max_hp_gain":0,"max_hp_loss":0,"event_name":"The Cleric","floor":2,"gold_loss":50},{"damage_healed":0,"gold_gain":0,"player_choice":"Trade","damage_taken":0,"relics_obtained":["CultistMask"],"max_hp_gain":0,"max_hp_loss":0,"event_name":"FaceTrader","floor":4,"gold_loss":0},{"cards_removed":["Defend_B"],"damage_healed":0,"gold_gain":0,"player_choice":"Card Removal","damage_taken":7,"max_hp_gain":0,"max_hp_loss":0,"event_name":"Golden Wing","floor":11,"gold_loss":0},{"damage_healed":0,"gold_gain":0,"player_choice":"Fought Mushrooms","damage_taken":0,"max_hp_gain":0,"max_hp_loss":0,"event_name":"Mushrooms","floor":12,"gold_loss":0},{"cards_removed":["Strike_B"],"damage_healed":0,"gold_gain":0,"player_choice":"Upgrade and Remove","damage_taken":0,"max_hp_gain":0,"max_hp_loss":0,"event_name":"Designer","floor":19,"gold_loss":90,"cards_upgraded":["Rip and Tear"]},{"damage_healed":0,"gold_gain":0,"player_choice":"Got Potions","damage_taken":0,"max_hp_gain":0,"max_hp_loss":0,"event_name":"Lab","floor":37,"gold_loss":0},{"damage_healed":0,"gold_gain":0,"player_choice":"Embrace Madness","damage_taken":11,"max_hp_gain":0,"max_hp_loss":0,"event_name":"Winding Halls","floor":41,"gold_loss":0,"cards_obtained":["Madness","Madness"]}],"is_beta":true,"boss_relics":[{"not_picked":["Pandora\u0027s Box","White Beast Statue"],"picked":"Nuclear Battery"},{"not_picked":["Empty Cage","Fusion Hammer"],"picked":"Lizard Tail"}],"items_purged_floors":[],"is_endless":false,"potions_floor_spawned":[1,7,8,14,16,18,21,28,29,31,35,38,45],"ascension_level":0}