{"gold_per_floor":[20,33,43,43,16,48,60,60,139,153,167,167,202,202,202,297,297,310,64,80,92,104,104,130,130,201,235,255,29,56,71,71,166,166,183,183,201,301,318,318,318],"floor_reached":41,"playtime":2840,"items_purged":["Strike_G"],"score":565,"play_id":"c53d1e23-b0b5-4366-b1a0-dc5e76878084","local_time":"20181214005018","is_ascension_mode":false,"campfire_choices":[{"data":"Neutralize","floor":8,"key":"SMITH"},{"data":"Cloak And Dagger","floor":12,"key":"SMITH"},{"data":"Terror","floor":15,"key":"SMITH"},{"floor":23,"key":"REST"},{"data":"Bullet Time","floor":25,"key":"SMITH"},{"floor":32,"key":"REST"},{"floor":40,"key":"REST"}],"neow_cost":"NO_GOLD","seed_source_timestamp":2266229768103453,"circlet_count":0,"master_deck":["Defend_G","Defend_G","Strike_G","Strike_G","Strike_G+1","Strike_G","Survivor","Neutralize+1","Quick Slash","Dagger Spray","Cloak And Dagger+1","Slice+1","Deflect","Expertise","Backstab","Blade Dance","Bullet Time+1","Terror+1","Slice","Phantasmal Killer","Prepared+1","Flash of Steel","Accuracy","Leg Sweep","Outmaneuver+1","Crippling Poison+1","Deadly Poison+1","Prepared+1","Storm of Steel","Quick Slash+1","Night Terror","Infinite Blades","Malaise","Slice","Acrobatics+1","Acrobatics+1"],"relics":["Ring of the Snake","Gambling Chip","Meat on the Bone","Snake Skull","WristBlade","Shuriken","Question Card","Potion Belt","Whetstone","Pen Nib","Busted Crown","Shovel"],"potions_floor_usage":[6,6,16,16,21,24,27,30,30,33,38,38,41],"damage_taken":[{"damage":0,"enemies":"Small Slimes","floor":1,"turns":4},{"damage":0,"enemies":"Cultist","floor":2,"turns":3},{"damage":0,"enemies":"2 Louse","floor":3,"turns":2},{"damage":0,"enemies":"Gremlin Nob","floor":6,"turns":2},{"damage":1,"enemies":"Lots of Slimes","floor":7,"turns":2},{"damage":0,"enemies":"2 Fungi Beasts","floor":10,"turns":2},{"damage":0,"enemies":"Blue Slaver","floor":11,"turns":3},{"damage":7,"enemies":"3 Sentries","floor":13,"turns":5},{"damage":9,"enemies":"Hexaghost","floor":16,"turns":9},{"damage":0,"enemies":"Spheric Guardian","floor":18,"turns":2},{"damage":10,"enemies":"Chosen","floor":20,"turns":2},{"damage":0,"enemies":"Snake Plant","floor":21,"turns":4},{"damage":8,"enemies":"3 Cultists","floor":22,"turns":4},{"damage":0,"enemies":"Gremlin Leader","floor":24,"turns":4},{"damage":15,"enemies":"Book of Stabbing","floor":27,"turns":5},{"damage":0,"enemies":"Centurion and Healer","floor":28,"turns":3},{"damage":0,"enemies":"Slavers","floor":30,"turns":4},{"damage":14,"enemies":"Snake Plant","floor":31,"turns":3},{"damage":10,"enemies":"Champ","floor":33,"turns":6},{"damage":0,"enemies":"Orb Walker","floor":35,"turns":2},{"damage":20,"enemies":"3 Shapes","floor":37,"turns":3},{"damage":11,"enemies":"Mind Bloom Boss Battle","floor":38,"turns":4},{"damage":1,"enemies":"Spire Growth","floor":39,"turns":3},{"damage":60,"enemies":"Nemesis","floor":41,"turns":4}],"seed_played":"1381182343964402795","potions_obtained":[{"floor":4,"key":"Explosive Potion"},{"floor":4,"key":"GhostInAJar"},{"floor":4,"key":"SteroidPotion"},{"floor":6,"key":"Dexterity Potion"},{"floor":7,"key":"PowerPotion"},{"floor":10,"key":"LiquidBronze"},{"floor":16,"key":"Fire Potion"},{"floor":21,"key":"Energy Potion"},{"floor":24,"key":"FearPotion"},{"floor":27,"key":"GhostInAJar"},{"floor":31,"key":"Block Potion"},{"floor":35,"key":"Swift Potion"},{"floor":37,"key":"EssenceOfSteel"},{"floor":39,"key":"SkillPotion"}],"is_trial":false,"path_per_floor":["M","M","M","?","$","E","M","R","T","M","M","R","E","?","R","B",null,"M","$","M","M","M","R","E","R","T","E","M","$","E","M","R","B",null,"M","?","M","?","M","R","E"],"character_chosen":"THE_SILENT","items_purchased":["Slice","Flash of Steel","Accuracy","Leg Sweep","Whetstone"],"campfire_rested":3,"item_purchase_floors":[5,19,19,19,29],"current_hp_per_floor":[70,70,70,70,70,70,69,69,69,69,69,69,62,62,62,53,70,70,70,60,60,52,70,70,70,70,55,55,55,55,41,62,52,70,70,70,50,39,38,59,0],"gold":318,"neow_bonus":"REMOVE_TWO","is_prod":false,"is_daily":false,"chose_seed":false,"campfire_upgraded":4,"win_rate":0,"timestamp":1544773818,"path_taken":["M","M","M","?","?","E","M","R","T","M","?","R","E","?","R","BOSS","M","?","M","M","M","R","E","R","T","E","M","$","E","M","R","BOSS","M","?","M","?","M","R","E"],"build_version":"2018-12-13","purchased_purges":1,"victory":false,"max_hp_per_floor":[70,70,70,70,70,70,70,70,70,70,70,70,70,70,70,70,70,70,70,70,70,70,70,70,70,70,70,70,70,70,70,70,70,70,70,70,70,70,70,70,70],"card_choices":[{"not_picked":["Sucker Punch","Caltrops"],"picked":"Quick Slash","floor":1},{"not_picked":["Underhanded Strike","Bane"],"picked":"Dagger Spray","floor":2},{"not_picked":["Dodge and Roll","Flying Knee"],"picked":"Cloak And Dagger","floor":3},{"not_picked":["Crippling Poison","Skewer"],"picked":"Deflect","floor":6},{"not_picked":["Slice","Outmaneuver"],"picked":"Expertise","floor":7},{"not_picked":["Outmaneuver","All Out Attack"],"picked":"Backstab","floor":10},{"not_picked":["Deadly Poison","Deflect"],"picked":"Blade Dance","floor":11},{"not_picked":["Prepared","Heel Hook"],"picked":"Bullet Time","floor":13},{"not_picked":["Unload","Grand Finale"],"picked":"Phantasmal Killer","floor":16},{"not_picked":["Bane","Heel Hook"],"picked":"Prepared+1","floor":18},{"not_picked":["Predator","Deflect"],"picked":"Outmaneuver+1","floor":20},{"not_picked":["Prepared","Flechettes"],"picked":"Crippling Poison+1","floor":21},{"not_picked":["Bane","Reflex"],"picked":"Deadly Poison+1","floor":22},{"not_picked":["All Out Attack+1","Choke"],"picked":"Prepared+1","floor":24},{"not_picked":["Caltrops","Underhanded Strike","Cloak And Dagger"],"picked":"Storm of Steel","floor":27},{"not_picked":["Cloak And Dagger","Expertise","Poisoned Stab"],"picked":"Quick Slash+1","floor":28},{"not_picked":["Bane","Dagger Spray+1","PiercingWail+1"],"picked":"Night Terror","floor":30},{"not_picked":["Backflip","Bane","Dagger Spray+1"],"picked":"Infinite Blades","floor":31},{"not_picked":["Corpse Explosion","Venomology","Die Die Die"],"picked":"Malaise","floor":33},{"not_picked":["Sucker Punch"],"picked":"Slice","floor":35},{"not_picked":["Deadly Poison","Bane"],"picked":"SKIP","floor":37},{"not_picked":["Caltrops"],"picked":"Acrobatics+1","floor":38},{"not_picked":["Dodge and Roll"],"picked":"Acrobatics+1","floor":39}],"player_experience":247810,"relics_obtained":[{"floor":6,"key":"Gambling Chip"},{"floor":9,"key":"Meat on the Bone"},{"floor":13,"key":"Snake Skull"},{"floor":24,"key":"Shuriken"},{"floor":26,"key":"Question Card"},{"floor":27,"key":"Potion Belt"},{"floor":30,"key":"Pen Nib"},{"floor":38,"key":"Shovel"}],"event_choices":[{"damage_healed":0,"gold_gain":0,"player_choice":"Got Potions","damage_taken":0,"max_hp_gain":0,"max_hp_loss":0,"event_name":"Lab","floor":4,"gold_loss":0},{"damage_healed":0,"gold_gain":0,"player_choice":"2 cards matched","damage_taken":0,"max_hp_gain":0,"max_hp_loss":0,"event_name":"Match and Keep!","floor":14,"gold_loss":0,"cards_obtained":["Terror","Slice"]},{"damage_healed":0,"gold_gain":0,"player_choice":"2 cards matched","damage_taken":0,"max_hp_gain":0,"max_hp_loss":0,"event_name":"Match and Keep!","floor":14,"gold_loss":0,"cards_obtained":["Terror","Slice"]},{"cards_removed":["Defend_G"],"damage_healed":0,"gold_gain":0,"player_choice":"Removed Skill","damage_taken":0,"max_hp_gain":0,"max_hp_loss":0,"event_name":"Falling","floor":36,"gold_loss":0},{"damage_healed":0,"gold_gain":0,"player_choice":"Fight","damage_taken":0,"max_hp_gain":0,"max_hp_loss":0,"event_name":"MindBloom","floor":38,"gold_loss":0}],"is_beta":true,"boss_relics":[{"not_picked":["Runic Dome","Philosopher\u0027s Stone"],"picked":"WristBlade"},{"not_picked":["Lizard Tail","Ring of the Serpent"],"picked":"Busted Crown"}],"items_purged_floors":[29],"is_endless":false,"potions_floor_spawned":[6,7,10,11,16,21,24,27,31,35,37,39],"killed_by":"Nemesis","ascension_level":0}