{"gold_per_floor":[119,139,239,250,250,275,35,35,60,60,25,55,4,34,34,34],"floor_reached":16,"playtime":927,"items_purged":[],"score":168,"play_id":"de831102-946e-425f-8cd8-fbba1a72a1b6","local_time":"20180701134613","is_ascension_mode":false,"campfire_choices":[{"floor":8,"key":"REST"},{"data":"Zap","floor":10,"key":"SMITH"},{"data":"Strike_B","floor":15,"key":"PURGE"}],"neow_cost":"","seed_source_timestamp":0,"circlet_count":0,"master_deck":["Strike_B","Strike_B","Strike_B","Defend_B","Defend_B","Defend_B","Defend_B","Zap+1","Dualcast","BootSequence","Heatsinks","Leap","Undo","BootSequence","Cold Snap"],"relics":["Cracked Core","Strawberry","Pen Nib","Pantograph","Bag of Preparation","Peace Pipe","Letter Opener"],"potions_floor_usage":[6,6,12],"damage_taken":[{"damage":5,"enemies":"Small Slimes","floor":1,"turns":4},{"damage":0,"enemies":"Cultist","floor":2,"turns":3},{"damage":2,"enemies":"Jaw Worm","floor":4,"turns":4},{"damage":23,"enemies":"Gremlin Nob","floor":6,"turns":4},{"damage":7,"enemies":"Exordium Thugs","floor":11,"turns":5},{"damage":16,"enemies":"Lagavulin","floor":12,"turns":8},{"damage":12,"enemies":"3 Sentries","floor":14,"turns":11},{"damage":57,"enemies":"Hexaghost","floor":16,"turns":14}],"seed_played":"1192104722073408065","potions_obtained":[{"floor":1,"key":"Dexterity Potion"},{"floor":2,"key":"AttackPotion"},{"floor":4,"key":"FearPotion"}],"is_trial":true,"path_per_floor":["M","M","?","M","?","E","$","R","T","R","M","E","$","E","R"],"character_chosen":"DEFECT","items_purchased":["Pantograph","Cold Snap"],"campfire_rested":1,"item_purchase_floors":[7,13],"current_hp_per_floor":[70,70,70,68,63,40,40,64,64,64,57,41,41,29,29,0],"gold":34,"neow_bonus":"","is_prod":false,"is_daily":false,"chose_seed":false,"campfire_upgraded":1,"win_rate":0,"timestamp":1530477973,"path_taken":["M","M","?","M","?","E","$","R","T","R","M","E","$","E","R","BOSS"],"build_version":"2018-06-29","purchased_purges":0,"victory":false,"max_hp_per_floor":[75,75,75,75,82,82,82,82,82,82,82,82,82,82,82,82],"card_choices":[{"not_picked":["Streamline","Static Discharge"],"picked":"BootSequence","floor":1},{"not_picked":["Scrape","Sweeping Beam"],"picked":"Heatsinks","floor":2},{"not_picked":["Stack","Redo"],"picked":"Leap","floor":4},{"not_picked":["Go for the Eyes","Doom and Gloom"],"picked":"Undo","floor":6},{"not_picked":["Blizzard","Force Field"],"picked":"BootSequence","floor":11},{"not_picked":["Melter","Turbo","Sweeping Beam"],"picked":"SKIP","floor":12},{"not_picked":["Stack","Loop","Barrage"],"picked":"SKIP","floor":14}],"player_experience":253058,"relics_obtained":[{"floor":6,"key":"Pen Nib"},{"floor":9,"key":"Bag of Preparation"},{"floor":12,"key":"Peace Pipe"},{"floor":14,"key":"Letter Opener"}],"event_choices":[{"event_name":"Golden Shrine","player_choice":"Pray","floor":3,"damage_taken":0},{"event_name":"Scrap Ooze","player_choice":"success","floor":5,"damage_taken":12}],"boss_relics":[],"items_purged_floors":[],"is_endless":true,"potions_floor_spawned":[1,2,4],"killed_by":"Hexaghost","ascension_level":0}