{"gold_per_floor":[109,121,121,135,135,164,178,178,204,224,236,269,269,285,285,385,385,399,413,413,433,451,485,500,531,558,589,25,37,37,53,53,152,152,162,179,179,29,29,29,43,43,43,43,77,0,14,28,28,28],"floor_reached":51,"playtime":12716,"items_purged":["Strike_G"],"score":738,"play_id":"bf85de2a-c9c6-445e-869f-33c2ea6e44f1","local_time":"20190422222445","is_ascension_mode":true,"campfire_choices":[{"data":"Neutralize","floor":8,"key":"SMITH"},{"data":"Noxious Fumes","floor":15,"key":"SMITH"},{"data":"Infinite Blades","floor":32,"key":"SMITH"},{"data":"Dash","floor":40,"key":"SMITH"},{"data":"Catalyst","floor":42,"key":"SMITH"},{"data":"Corpse Explosion","floor":49,"key":"SMITH"}],"neow_cost":"NONE","seed_source_timestamp":876659391290900,"circlet_count":0,"master_deck":["Defend_G","Defend_G","Defend_G+1","Defend_G","Defend_G","Strike_G","Strike_G+1","Survivor+1","Neutralize+1","Dash+1","Well Laid Plans","Calculated Gamble+1","Cloak And Dagger","Backflip","Bouncing Flask","Cloak And Dagger","Noxious Fumes+1","Adrenaline+1","Dash+1","Bane+1","Doppelganger","Infinite Blades+1","Catalyst+1","Corpse Explosion+1","Cloak And Dagger+1","Catalyst+1"],"relics":["Empty Cage","Bag of Preparation","Smiling Mask","War Paint","Pocketwatch","Coffee Dripper","Dream Catcher","Juzu Bracelet","Anchor","Regal Pillow","Kunai","Strawberry","Darkstone Periapt","Sozu","Vajra","Frozen Egg 2","Question Card","Red Mask"],"potions_floor_usage":[12,12,14,22,23,24,27,27,29],"damage_taken":[{"damage":0,"enemies":"Cultist","floor":1,"turns":6},{"damage":0,"enemies":"2 Louse","floor":2,"turns":2},{"damage":0,"enemies":"Small Slimes","floor":4,"turns":4},{"damage":14,"enemies":"3 Sentries","floor":6,"turns":13},{"damage":0,"enemies":"3 Louse","floor":7,"turns":5},{"damage":0,"enemies":"Gremlin Gang","floor":10,"turns":5},{"damage":3,"enemies":"Exordium Thugs","floor":11,"turns":8},{"damage":6,"enemies":"Gremlin Nob","floor":12,"turns":5},{"damage":11,"enemies":"Lots of Slimes","floor":14,"turns":4},{"damage":7,"enemies":"Hexaghost","floor":16,"turns":8},{"damage":2,"enemies":"Shell Parasite","floor":18,"turns":5},{"damage":2,"enemies":"3 Byrds","floor":19,"turns":4},{"damage":7,"enemies":"Shelled Parasite and Fungi","floor":21,"turns":6},{"damage":0,"enemies":"Cultist and Chosen","floor":22,"turns":5},{"damage":21,"enemies":"Slavers","floor":23,"turns":6},{"damage":0,"enemies":"Snecko","floor":24,"turns":4},{"damage":12,"enemies":"Gremlin Leader","floor":25,"turns":7},{"damage":8,"enemies":"Slavers","floor":27,"turns":6},{"damage":0,"enemies":"Centurion and Healer","floor":29,"turns":4},{"damage":0,"enemies":"Snake Plant","floor":31,"turns":4},{"damage":24,"enemies":"Collector","floor":33,"turns":10},{"damage":0,"enemies":"Orb Walker","floor":35,"turns":4},{"damage":0,"enemies":"3 Darklings","floor":36,"turns":3},{"damage":10,"enemies":"Writhing Mass","floor":41,"turns":5},{"damage":17,"enemies":"Nemesis","floor":45,"turns":7},{"damage":0,"enemies":"Spire Growth","floor":47,"turns":5},{"damage":0,"enemies":"Transient","floor":48,"turns":5},{"damage":7,"enemies":"Awakened One","floor":50,"turns":15}],"seed_played":"-7285238529673082849","potions_obtained":[{"floor":4,"key":"Dexterity Potion"},{"floor":6,"key":"Regen Potion"},{"floor":7,"key":"EssenceOfSteel"},{"floor":12,"key":"Regen Potion"},{"floor":16,"key":"Energy Potion"},{"floor":21,"key":"Regen Potion"},{"floor":22,"key":"Ancient Potion"},{"floor":23,"key":"Dexterity Potion"},{"floor":24,"key":"Block Potion"},{"floor":29,"key":"Strength Potion"},{"floor":33,"key":"Explosive Potion"}],"is_trial":false,"path_per_floor":["M","M","T","M","?","E","M","R","T","M","M","E","?","M","R","B",null,"M","M","?","M","M","E","M","E","T","E","$","M","?","M","R","B",null,"M","M","$","$","?","R","M","R","T","$","E","?","M","M","R","B",null],"character_chosen":"THE_SILENT","items_purchased":["Kunai","Catalyst","Strawberry","Regen Potion","Vajra"],"campfire_rested":0,"item_purchase_floors":[28,28,28,28,38],"current_hp_per_floor":[70,70,70,70,56,42,42,42,42,42,39,48,53,42,42,35,75,73,71,71,64,75,54,66,54,54,46,53,67,67,67,67,43,82,82,82,82,82,82,82,72,72,72,72,55,55,55,55,55,48],"gold":28,"neow_bonus":"BOSS_RELIC","is_prod":false,"is_daily":false,"chose_seed":false,"campfire_upgraded":6,"win_rate":0,"timestamp":1555986285,"path_taken":["M","M","?","M","?","E","M","R","T","M","M","E","?","M","R","BOSS","M","M","?","?","M","E","M","E","T","E","$","M","?","M","R","BOSS","M","M","?","$","?","R","M","R","T","$","E","?","M","M","R","BOSS"],"build_version":"2019-01-23","purchased_purges":1,"victory":true,"max_hp_per_floor":[70,70,70,70,70,70,70,70,70,70,70,70,75,75,75,75,75,75,75,75,75,75,75,75,75,75,75,82,82,82,82,82,82,82,82,82,82,82,82,82,82,82,82,82,82,82,82,82,82,82],"card_choices":[{"not_picked":["Deflect","Cloak And Dagger"],"picked":"Dash","floor":1},{"not_picked":["All Out Attack","Slice"],"picked":"Well Laid Plans","floor":2},{"not_picked":["Well Laid Plans","Reflex"],"picked":"Calculated Gamble","floor":4},{"not_picked":["Deflect","Sucker Punch"],"picked":"Cloak And Dagger","floor":6},{"not_picked":["Skewer","Quick Slash"],"picked":"Backflip","floor":7},{"not_picked":["Flechettes","Bane","Blade Dance"],"picked":"SKIP","floor":10},{"not_picked":["Deflect","Poisoned Stab"],"picked":"Bouncing Flask","floor":11},{"not_picked":["Venomology","Quick Slash"],"picked":"Cloak And Dagger","floor":12},{"not_picked":["Terror","Dodge and Roll"],"picked":"Noxious Fumes","floor":14},{"not_picked":["Tools of the Trade","Doppelganger"],"picked":"Adrenaline","floor":16},{"not_picked":["Slice+1","Underhanded Strike","Poisoned Stab+1"],"picked":"SKIP","floor":18},{"not_picked":["PiercingWail","Dagger Throw"],"picked":"Dash","floor":19},{"not_picked":["Well Laid Plans+1","Poisoned Stab","Flying Knee"],"picked":"SKIP","floor":21},{"not_picked":["Underhanded Strike","Dagger Spray","Reflex"],"picked":"SKIP","floor":22},{"not_picked":["Choke","Finisher+1"],"picked":"Bane+1","floor":23},{"not_picked":["Quick Slash","Underhanded Strike"],"picked":"Doppelganger","floor":24},{"not_picked":["Deadly Poison+1","Sucker Punch"],"picked":"Infinite Blades","floor":25},{"not_picked":["Poisoned Stab","Heel Hook","Riddle With Holes"],"picked":"SKIP","floor":27},{"not_picked":["Dagger Spray","Slice","Bane"],"picked":"SKIP","floor":29},{"not_picked":["Sucker Punch","Acrobatics","Deflect+1"],"picked":"SKIP","floor":31},{"not_picked":["Storm of Steel","Unload"],"picked":"Corpse Explosion","floor":33},{"not_picked":["Blade Dance+1","Flying Knee+1"],"picked":"Cloak And Dagger+1","floor":35},{"not_picked":["Endless Agony","Infinite Blades","Deflect+1"],"picked":"SKIP","floor":36},{"not_picked":["Dagger Spray","Deflect","Acrobatics"],"picked":"SKIP","floor":41},{"not_picked":["Dagger Spray+1","Slice","Backflip"],"picked":"SKIP","floor":45},{"not_picked":["Terror","Skewer","Distraction","Expertise"],"picked":"SKIP","floor":47},{"not_picked":["Blade Dance","Underhanded Strike+1","Bouncing Flask"],"picked":"Catalyst+1","floor":48}],"player_experience":118052,"relics_obtained":[{"floor":3,"key":"Bag of Preparation"},{"floor":6,"key":"Smiling Mask"},{"floor":9,"key":"War Paint"},{"floor":12,"key":"Pocketwatch"},{"floor":23,"key":"Dream Catcher"},{"floor":25,"key":"Juzu Bracelet"},{"floor":26,"key":"Anchor"},{"floor":27,"key":"Regal Pillow"},{"floor":43,"key":"Frozen Egg 2"},{"floor":45,"key":"Question Card"}],"event_choices":[{"damage_healed":0,"gold_gain":0,"player_choice":"Entered Light","damage_taken":14,"max_hp_gain":0,"max_hp_loss":0,"event_name":"Shining Light","floor":5,"gold_loss":0,"cards_upgraded":["Defend_G","Strike_G"]},{"damage_healed":0,"gold_gain":0,"player_choice":"Donut","damage_taken":0,"max_hp_gain":5,"max_hp_loss":0,"event_name":"Big Fish","floor":13,"gold_loss":0},{"damage_healed":0,"gold_gain":0,"player_choice":"Forge","damage_taken":0,"max_hp_gain":0,"max_hp_loss":0,"event_name":"Accursed Blacksmith","floor":20,"gold_loss":0,"cards_upgraded":["Adrenaline"]},{"damage_healed":0,"gold_gain":0,"player_choice":"Gave Potion","damage_taken":0,"relics_obtained":["Darkstone Periapt"],"max_hp_gain":0,"max_hp_loss":0,"event_name":"WeMeetAgain","floor":30,"gold_loss":0},{"damage_healed":0,"gold_gain":0,"player_choice":"Upgraded","damage_taken":0,"max_hp_gain":0,"max_hp_loss":0,"event_name":"Upgrade Shrine","floor":39,"gold_loss":0,"cards_upgraded":["Dash"]},{"damage_healed":0,"gold_gain":0,"player_choice":"Paid","damage_taken":0,"relics_obtained":["Red Mask"],"max_hp_gain":0,"max_hp_loss":0,"event_name":"Tomb of Lord Red Mask","floor":46,"gold_loss":77}],"is_beta":false,"boss_relics":[{"not_picked":["Cursed Key","Orrery"],"picked":"Coffee Dripper"},{"not_picked":["Lizard Tail","WristBlade"],"picked":"Sozu"}],"items_purged_floors":[28],"is_endless":false,"potions_floor_spawned":[4,6,7,12,16,21,22,23,24,29,33,36,47,48],"ascension_level":1}