{"gold_per_floor":[116,135,68,68,81,81,110,110,110,110,124,124,135,22,22,121,121,131,142,5,5,16,16,30,30],"floor_reached":25,"playtime":1766,"items_purged":["Zap","Defend_B"],"score":264,"play_id":"70a172e5-6941-47c5-9cda-1cc5a5de0422","local_time":"20180819101055","is_ascension_mode":true,"campfire_choices":[{"data":"Rainbow","floor":6.0,"key":"SMITH"},{"data":"Chaos","floor":8.0,"key":"SMITH"},{"data":"Loop","floor":12.0,"key":"SMITH"},{"floor":15.0,"key":"REST"},{"floor":23.0,"key":"REST"}],"neow_cost":"NONE","seed_source_timestamp":0,"circlet_count":0,"master_deck":["Strike_B","Strike_B","Strike_B","Strike_B","Defend_B","Defend_B","Defend_B+1","Dualcast+1","Chaos+1","Rainbow+1","Loop+1","Self Repair","Coolheaded","Recycle","Storm","Buffer","Aggregate+1","Capacitor","Tempest","Compile Driver+1"],"special_seed":0,"relics":["FrozenCore","Vajra","Bottled Lightning","Mercury Hourglass","Nilry\u0027s Codex"],"potions_floor_usage":[],"damage_taken":[{"damage":1.0,"enemies":"2 Louse","floor":1.0,"turns":3.0},{"damage":3.0,"enemies":"Jaw Worm","floor":2.0,"turns":4.0},{"damage":0.0,"enemies":"Cultist","floor":5.0,"turns":4.0},{"damage":30.0,"enemies":"3 Sentries","floor":7.0,"turns":8.0},{"damage":0.0,"enemies":"2 Fungi Beasts","floor":11.0,"turns":3.0},{"damage":1.0,"enemies":"Gremlin Gang","floor":13.0,"turns":4.0},{"damage":11.0,"enemies":"Slime Boss","floor":16.0,"turns":6.0},{"damage":9.0,"enemies":"Shell Parasite","floor":18.0,"turns":9.0},{"damage":20.0,"enemies":"Chosen","floor":19.0,"turns":6.0},{"damage":22.0,"enemies":"Snecko","floor":22.0,"turns":6.0},{"damage":34.0,"enemies":"Shelled Parasite and Fungi","floor":24.0,"turns":6.0},{"damage":20,"enemies":"Snake Plant","floor":25,"turns":1}],"seed_played":"5082332432095941078","potions_obtained":[{"floor":1.0,"key":"Weak Potion"},{"floor":11.0,"key":"Energy Potion"},{"floor":13.0,"key":"AttackPotion"},{"floor":16.0,"key":"SteroidPotion"},{"floor":19.0,"key":"Explosive Potion"},{"floor":22.0,"key":"Poison Potion"}],"is_trial":false,"path_per_floor":["M","M","$","?","M","R","E","R","T","?","M","R","M","$","R","B",null,"M","M","$","?","M","R","M"],"character_chosen":"DEFECT","items_purchased":["Loop","Storm","Capacitor"],"campfire_rested":2,"item_purchase_floors":[3,14,20],"current_hp_per_floor":[67,64,64,49,49,49,26,26,26,26,33,33,39,39,61,57,71,69,56,56,40,25,47,20,0],"gold":30,"neow_bonus":"RANDOM_COMMON_RELIC","is_prod":false,"is_daily":false,"chose_seed":false,"campfire_upgraded":3,"win_rate":0,"timestamp":1534698655,"path_taken":["M","M","$","?","M","R","E","R","T","?","M","R","?","$","R","BOSS","M","M","$","?","M","R","?","M"],"build_version":"2018-08-16","purchased_purges":2,"victory":false,"max_hp_per_floor":[75,75,75,75,75,75,75,75,75,75,75,75,75,75,75,75,75,75,75,75,75,75,75,75,75],"card_choices":[{"not_picked":["Compile Driver","Barrage"],"picked":"Chaos","floor":1.0},{"not_picked":["Rebound","Beam Cell"],"picked":"Rainbow","floor":2.0},{"not_picked":["Turbo","Gash"],"picked":"Self Repair","floor":5.0},{"not_picked":["Gash","All For One"],"picked":"Coolheaded","floor":7.0},{"not_picked":["Go for the Eyes","Beam Cell","Melter"],"picked":"SKIP","floor":11.0},{"not_picked":["Turbo","Sweeping Beam"],"picked":"Recycle","floor":13.0},{"not_picked":["Seek","Meteor Strike"],"picked":"Buffer","floor":16.0},{"not_picked":["Beam Cell","Gash","Darkness"],"picked":"SKIP","floor":18.0},{"not_picked":["Sweeping Beam","Compile Driver+1"],"picked":"Aggregate+1","floor":19.0},{"not_picked":["Coolheaded","Sunder"],"picked":"Tempest","floor":22.0},{"not_picked":["Beam Cell","Scrape"],"picked":"Compile Driver+1","floor":24.0}],"player_experience":681292,"relics_obtained":[{"floor":7.0,"key":"Bottled Lightning"},{"floor":9.0,"key":"Mercury Hourglass"},{"floor":21.0,"key":"Nilry\u0027s Codex"}],"event_choices":[{"event_name":"Shining Light","player_choice":"Entered Light","floor":4.0,"damage_taken":0.0},{"event_name":"The Woman in Blue","player_choice":"Bought 0 Potions","floor":10.0,"damage_taken":0.0},{"event_name":"Cursed Tome","player_choice":"Obtained Book","floor":21.0,"damage_taken":0.0}],"is_beta":false,"boss_relics":[{"not_picked":["Black Star","Calling Bell"],"picked":"FrozenCore"}],"items_purged_floors":[14,20],"is_endless":false,"potions_floor_spawned":[1,11,13,16,19,22],"killed_by":"Snake Plant","ascension_level":6}