{"gold_per_floor":[116,129,129,146,158,158,187,199,199,257,257,257,257,257,257,355,355,372,372,372,386,399,399,432,432],"floor_reached":25,"playtime":917,"items_purged":[],"score":246,"play_id":"2792f79f-8c6e-4b1a-a677-b99d4519e052","local_time":"20180717160644","is_ascension_mode":false,"campfire_choices":[{"data":"Tempest","floor":6.0,"key":"SMITH"},{"data":"Ball Lightning","floor":11.0,"key":"SMITH"},{"data":"Defragment","floor":13.0,"key":"SMITH"},{"data":"Static Discharge","floor":15.0,"key":"SMITH"},{"floor":23,"key":"REST"}],"neow_cost":"NONE","seed_source_timestamp":0,"circlet_count":0,"master_deck":["Defend_B","Defend_B","Defend_B","Defend_B","Zap+1","Dualcast","Tempest+1","Static Discharge+1","Beam Cell+1","Redo","Ball Lightning+1","Defragment+1","Electrodynamics","Beam Cell+1","Bite","Bite","Bite","Bite","Bite"],"special_seed":0,"relics":["Cracked Core","Centennial Puzzle","Bottled Lightning","Pen Nib","Black Star","Nilry\u0027s Codex","Calipers","Gambling Chip"],"potions_floor_usage":[24,24,25],"damage_taken":[{"damage":3.0,"enemies":"Small Slimes","floor":1.0,"turns":3.0},{"damage":8.0,"enemies":"Jaw Worm","floor":2.0,"turns":3.0},{"damage":0.0,"enemies":"2 Louse","floor":4.0,"turns":2.0},{"damage":5.0,"enemies":"Looter","floor":5.0,"turns":3.0},{"damage":10.0,"enemies":"Gremlin Nob","floor":7.0,"turns":3.0},{"damage":1.0,"enemies":"3 Louse","floor":8.0,"turns":3.0},{"damage":21.0,"enemies":"Lagavulin Event","floor":10.0,"turns":4.0},{"damage":6.0,"enemies":"Slime Boss","floor":16.0,"turns":6.0},{"damage":36,"enemies":"2 Thieves","floor":18,"turns":3},{"damage":10,"enemies":"Chosen","floor":21,"turns":2},{"damage":16,"enemies":"Snake Plant","floor":22,"turns":2},{"damage":30,"enemies":"Book of Stabbing","floor":24,"turns":4},{"damage":16,"enemies":"3 Cultists","floor":25,"turns":3}],"seed_played":"-3791017441527990338","potions_obtained":[{"floor":4.0,"key":"EssenceOfSteel"},{"floor":5.0,"key":"SneckoOil"},{"floor":8.0,"key":"AttackPotion"},{"floor":10.0,"key":"Explosive Potion"},{"floor":16.0,"key":"LiquidBronze"}],"is_trial":false,"path_per_floor":["M","M","?","M","M","R","E","M","T","?","R","?","R","?","R","B",null,"M","?","?","M","M","R","E"],"character_chosen":"DEFECT","items_purchased":[],"campfire_rested":1,"item_purchase_floors":[],"current_hp_per_floor":[72,64,64,64,59,59,49,50,50,31,31,56,56,41,41,37,75,39,23,23,19,7,29,7,0],"gold":432,"neow_bonus":"RANDOM_COMMON_RELIC","is_prod":false,"is_daily":false,"chose_seed":false,"campfire_upgraded":4,"win_rate":0,"timestamp":1531836404,"path_taken":["M","M","?","M","M","R","E","M","T","?","R","?","R","?","R","BOSS","M","?","?","?","M","R","E","M"],"build_version":"2018-07-12","purchased_purges":0,"victory":false,"max_hp_per_floor":[75,75,75,75,75,75,75,75,75,75,75,75,75,75,75,75,75,75,75,75,75,75,75,75,75],"card_choices":[{"not_picked":["Hologram","Chaos"],"picked":"Tempest","floor":1.0},{"not_picked":["Conserve Battery","Compile Driver"],"picked":"Static Discharge","floor":2.0},{"not_picked":["Hello World","Loop"],"picked":"Beam Cell","floor":4.0},{"not_picked":["Compile Driver","Chill","Cold Snap"],"picked":"SKIP","floor":5.0},{"not_picked":["Coolheaded","Compile Driver"],"picked":"Redo","floor":7.0},{"not_picked":["Go for the Eyes","Biased Cognition"],"picked":"Ball Lightning","floor":8.0},{"not_picked":["Stack","Streamline"],"picked":"Defragment","floor":10.0},{"not_picked":["Thunder Strike","All For One"],"picked":"Electrodynamics","floor":16.0},{"not_picked":["Compile Driver","Defragment"],"picked":"Beam Cell+1","floor":18},{"not_picked":["Static Discharge","Barrage","Hologram"],"picked":"SKIP","floor":21},{"not_picked":["Melter","Barrage","Consume+1"],"picked":"SKIP","floor":22},{"not_picked":["Steam Power+1","Genetic Algorithm","Compile Driver"],"picked":"SKIP","floor":24}],"player_experience":118217,"relics_obtained":[{"floor":7.0,"key":"Blood Vial"},{"floor":9.0,"key":"Bottled Lightning"},{"floor":19,"key":"Nilry\u0027s Codex"},{"floor":24,"key":"Calipers"},{"floor":24,"key":"Gambling Chip"}],"event_choices":[{"event_name":"Living Wall","player_choice":"Grow","floor":3.0,"damage_taken":0.0},{"event_name":"Dead Adventurer","player_choice":"Searched \u00273\u0027 times","floor":10.0,"damage_taken":0.0},{"event_name":"Big Fish","player_choice":"Banana","floor":12.0,"damage_taken":0.0},{"event_name":"Shining Light","player_choice":"Entered Light","floor":14.0,"damage_taken":0.0},{"event_name":"Cursed Tome","player_choice":"Obtained Book","floor":19,"damage_taken":0},{"event_name":"Vampires","player_choice":"Became a vampire (Vial)","floor":20,"damage_taken":0}],"boss_relics":[{"not_picked":["Velvet Choker","Snecko Eye"],"picked":"Black Star"}],"items_purged_floors":[],"is_endless":false,"potions_floor_spawned":[4,5,8,10,16],"killed_by":"3 Cultists","ascension_level":0}