{"gold_per_floor":[359,75,75,75,92,127,53,80,149,149,159,159,187,248,248,325,325,342,152,123,123,123,153,171,121,147,147,147,72,72,102,102,102],"floor_reached":33,"playtime":1577,"items_purged":["Injury","Strike_R"],"score":594,"play_id":"75ab1dc1-fbb2-476c-90a7-9b6889ced446","local_time":"20190403145911","is_ascension_mode":true,"campfire_choices":[{"data":"Uppercut","floor":10.0,"key":"SMITH"},{"data":"Disarm","floor":12.0,"key":"SMITH"},{"data":"Shockwave","floor":15.0,"key":"SMITH"},{"data":"Whirlwind","floor":28,"key":"SMITH"},{"data":"Feel No Pain","floor":30,"key":"SMITH"},{"data":"Pommel Strike","floor":32,"key":"SMITH"}],"neow_cost":"CURSE","seed_source_timestamp":0,"circlet_count":0,"master_deck":["AscendersBane","Strike_R+1","Strike_R+1","Defend_R","Defend_R+1","Defend_R","Defend_R+1","Bash","Uppercut+1","Shockwave+1","Feel No Pain+1","Disarm+1","Metallicize","Sword Boomerang","Pommel Strike+1","Impervious","Corruption","Shrug It Off","Pommel Strike+1","Burning Pact","Whirlwind+1","Disarm"],"special_seed":0,"relics":["Burning Blood","War Paint","Red Skull","Champion Belt","Pen Nib","Kunai","Juzu Bracelet","Whetstone","Velvet Choker","Orichalcum","Mango"],"potions_floor_usage":[31,33,33],"damage_taken":[{"damage":12.0,"enemies":"Cultist","floor":1.0,"turns":4.0},{"damage":2.0,"enemies":"Small Slimes","floor":5.0,"turns":4.0},{"damage":9.0,"enemies":"Lagavulin","floor":6.0,"turns":7.0},{"damage":10.0,"enemies":"3 Sentries","floor":8.0,"turns":10.0},{"damage":0.0,"enemies":"2 Louse","floor":11.0,"turns":2.0},{"damage":10.0,"enemies":"Lagavulin","floor":13.0,"turns":6.0},{"damage":18.0,"enemies":"Lagavulin Event","floor":14.0,"turns":5.0},{"damage":12,"enemies":"The Guardian","floor":16,"turns":10},{"damage":4,"enemies":"3 Byrds","floor":18,"turns":6},{"damage":0,"enemies":"2 Thieves","floor":20,"turns":4},{"damage":36,"enemies":"Gremlin Leader","floor":23,"turns":6},{"damage":1,"enemies":"Cultist and Chosen","floor":24,"turns":6},{"damage":19,"enemies":"Slavers","floor":31,"turns":5},{"damage":54,"enemies":"Collector","floor":33,"turns":11}],"seed_played":"-4042502036471936724","potions_obtained":[{"floor":1.0,"key":"AttackPotion"},{"floor":6.0,"key":"Swift Potion"},{"floor":8.0,"key":"FearPotion"},{"floor":16,"key":"Poison Potion"},{"floor":31,"key":"Swift Potion"}],"is_trial":false,"path_per_floor":["M","$","?","?","M","E","?","E","T","R","M","R","E","?","R","B",null,"M","$","M","?","?","E","M","?","T","$","R","?","R","E","R","B"],"character_chosen":"IRONCLAD","items_purchased":["Shockwave","War Paint","Corruption","Shrug It Off"],"campfire_rested":0,"item_purchase_floors":[2,2,19,19],"current_hp_per_floor":[62,62,36,36,40,37,37,33,33,33,39,39,35,23,23,17,61,63,63,69,69,69,39,44,44,44,44,44,44,44,45,45,0],"gold":102,"neow_bonus":"TWO_FIFTY_GOLD","is_prod":false,"is_daily":false,"chose_seed":false,"campfire_upgraded":6,"win_rate":0,"timestamp":1554296351,"path_taken":["M","$","?","?","M","E","?","E","T","R","M","R","E","?","R","BOSS","M","$","M","?","?","E","M","?","T","?","R","?","R","E","R","BOSS"],"build_version":"2019-01-23","purchased_purges":2,"victory":false,"max_hp_per_floor":[75,75,75,75,75,75,75,75,75,75,75,75,75,75,75,75,75,75,75,75,75,75,75,75,75,75,75,75,75,75,89,89,89],"card_choices":[{"not_picked":["Clash","Dropkick"],"picked":"Uppercut","floor":1.0},{"not_picked":["Rampage","Havoc"],"picked":"Feel No Pain","floor":5.0},{"not_picked":["Clash","Combust","Carnage"],"picked":"SKIP","floor":6.0},{"not_picked":["Thunderclap","Body Slam"],"picked":"Disarm","floor":8.0},{"not_picked":["Iron Wave","Clothesline"],"picked":"Metallicize","floor":11.0},{"not_picked":["Rage","Searing Blow"],"picked":"Sword Boomerang","floor":13.0},{"not_picked":["Rupture","Perfected Strike"],"picked":"Pommel Strike","floor":14.0},{"not_picked":["Limit Break","Demon Form"],"picked":"Impervious","floor":16},{"not_picked":["Havoc","Bloodletting","Second Wind"],"picked":"SKIP","floor":18},{"not_picked":["Warcry+1","Burning Pact"],"picked":"Pommel Strike+1","floor":20},{"not_picked":["Dual Wield","Power Through","Clash"],"picked":"SKIP","floor":23},{"not_picked":["Uppercut+1","Sword Boomerang"],"picked":"Disarm","floor":24},{"not_picked":["Twin Strike","Double Tap","True Grit+1"],"picked":"SKIP","floor":31}],"player_experience":1414933,"relics_obtained":[{"floor":6.0,"key":"Champion Belt"},{"floor":8.0,"key":"Pen Nib"},{"floor":9.0,"key":"Kunai"},{"floor":13.0,"key":"Juzu Bracelet"},{"floor":14.0,"key":"Whetstone"},{"floor":23,"key":"Orichalcum"},{"floor":31,"key":"Mango"}],"event_choices":[{"damage_healed":0.0,"max_hp_gain":0.0,"max_hp_loss":0.0,"gold_gain":0.0,"event_name":"Scrap Ooze","player_choice":"Success","floor":3.0,"gold_loss":0.0,"damage_taken":26.0,"relics_obtained":["Red Skull"]},{"damage_healed":0.0,"max_hp_gain":0.0,"max_hp_loss":0.0,"gold_gain":0.0,"event_name":"Shining Light","player_choice":"Ignored","floor":4.0,"gold_loss":0.0,"damage_taken":0.0},{"damage_healed":0.0,"max_hp_gain":0.0,"max_hp_loss":0.0,"gold_gain":0.0,"event_name":"World of Goop","player_choice":"Left Gold","floor":7.0,"gold_loss":74.0,"damage_taken":0.0},{"damage_healed":0.0,"max_hp_gain":0.0,"max_hp_loss":0.0,"gold_gain":0.0,"event_name":"Dead Adventurer","player_choice":"Searched \u00271\u0027 times","floor":14.0,"gold_loss":0.0,"damage_taken":0.0},{"damage_healed":0,"gold_gain":0,"player_choice":"Read","damage_taken":0,"max_hp_gain":0,"max_hp_loss":0,"event_name":"The Library","floor":21,"gold_loss":0,"cards_obtained":["Burning Pact"]},{"damage_healed":0,"gold_gain":0,"cards_transformed":["Strike_R"],"player_choice":"Transformed","damage_taken":0,"max_hp_gain":0,"max_hp_loss":0,"event_name":"Transmorgrifier","floor":22,"gold_loss":0,"cards_obtained":["Whirlwind"]},{"damage_healed":0,"gold_gain":0,"player_choice":"Bet on Murderer","damage_taken":0,"max_hp_gain":0,"max_hp_loss":0,"event_name":"The Joust","floor":25,"gold_loss":50},{"cards_removed":["Strike_R"],"damage_healed":0,"gold_gain":0,"player_choice":"Gave Gold","damage_taken":0,"max_hp_gain":0,"max_hp_loss":0,"event_name":"Beggar","floor":29,"gold_loss":75}],"is_beta":false,"boss_relics":[{"not_picked":["Runic Pyramid","Busted Crown"],"picked":"Velvet Choker"}],"items_purged_floors":[2,19],"is_endless":false,"potions_floor_spawned":[1,6,8,16,20,23,31],"killed_by":"Collector","ascension_level":20}