{"gold_per_floor":[113,113,129,129,139,139,89,89,89,116,116,129,129,163,163,258,258,268,193,193,193,93,93,121,155,155,155,30,40,40,50,50,154,154,165,165,265,265,283,283,318,168,168,168,202,221,221,148,148,148,148,148,22,54,54],"floor_reached":56,"playtime":1525,"items_purged":["Strike_R","Strike_R","Strike_R","Defend_R+1"],"score":1455,"play_id":"e844a310-6a1a-44ad-9c09-6199a8698523","local_time":"20190324145758","is_ascension_mode":true,"campfire_choices":[{"data":"Body Slam","floor":6.0,"key":"SMITH"},{"data":"Defend_R","floor":8.0,"key":"SMITH"},{"data":"Defend_R","floor":13.0,"key":"SMITH"},{"data":"Barricade","floor":15.0,"key":"SMITH"},{"data":"Defend_R","floor":23.0,"key":"SMITH"},{"data":"Body Slam","floor":27.0,"key":"SMITH"},{"data":"Impervious","floor":30.0,"key":"SMITH"},{"data":"Defend_R","floor":32.0,"key":"SMITH"},{"floor":44,"key":"RECALL"},{"data":"Battle Trance","floor":49,"key":"SMITH"},{"floor":52,"key":"REST"}],"neow_cost":"TEN_PERCENT_HP_LOSS","seed_source_timestamp":0,"circlet_count":0,"master_deck":["Defend_R+1","Defend_R+1","Defend_R+1","Body Slam+1","Barricade+1","Impervious+1","Shrug It Off+1","Body Slam+1","Battle Trance+1","Shrug It Off","Shrug It Off+1"],"special_seed":0,"relics":["Burning Blood","Dead Branch","Happy Flower","Juzu Bracelet","Singing Bowl","Velvet Choker","PreservedInsect","Red Mask","Empty Cage","Calipers","Bronze Scales","Sundial","Centennial Puzzle","Bottled Lightning"],"potions_floor_usage":[50,55,55,55],"damage_taken":[{"damage":4.0,"enemies":"Small Slimes","floor":1.0,"turns":4.0},{"damage":1.0,"enemies":"Cultist","floor":3.0,"turns":3.0},{"damage":7.0,"enemies":"2 Louse","floor":5.0,"turns":2.0},{"damage":8.0,"enemies":"Gremlin Nob","floor":10.0,"turns":4.0},{"damage":2.0,"enemies":"Blue Slaver","floor":12.0,"turns":3.0},{"damage":3.0,"enemies":"3 Sentries","floor":14.0,"turns":7.0},{"damage":31.0,"enemies":"Slime Boss","floor":16.0,"turns":8.0},{"damage":12.0,"enemies":"2 Thieves","floor":18.0,"turns":4.0},{"damage":0.0,"enemies":"Book of Stabbing","floor":24.0,"turns":3.0},{"damage":0.0,"enemies":"Masked Bandits","floor":25.0,"turns":3.0},{"damage":0.0,"enemies":"3 Byrds","floor":29.0,"turns":5.0},{"damage":0.0,"enemies":"Centurion and Healer","floor":31.0,"turns":4.0},{"damage":16.0,"enemies":"Collector","floor":33.0,"turns":6.0},{"damage":0.0,"enemies":"3 Darklings","floor":35.0,"turns":4.0},{"damage":0.0,"enemies":"Mind Bloom Boss Battle","floor":37.0,"turns":4.0},{"damage":0,"enemies":"Orb Walker","floor":39,"turns":2},{"damage":23,"enemies":"Reptomancer","floor":41,"turns":8},{"damage":0,"enemies":"Giant Head","floor":45,"turns":3},{"damage":3,"enemies":"Transient","floor":46,"turns":5},{"damage":0,"enemies":"Time Eater","floor":50,"turns":9},{"damage":6,"enemies":"Shield and Spear","floor":54,"turns":3},{"damage":5,"enemies":"The Heart","floor":55,"turns":8}],"seed_played":"-816867587417986111","potions_obtained":[{"floor":10.0,"key":"Ancient Potion"},{"floor":12.0,"key":"SkillPotion"},{"floor":14.0,"key":"Ancient Potion"},{"floor":16.0,"key":"Energy Potion"},{"floor":25.0,"key":"SteroidPotion"},{"floor":31.0,"key":"Explosive Potion"},{"floor":33.0,"key":"SpeedPotion"},{"floor":39,"key":"Weak Potion"}],"is_trial":false,"path_per_floor":["M","?","M","$","M","R","?","R","T","E","$","M","R","E","R","B",null,"M","$","?","?","$","R","E","?","T","R","$","M","R","M","R","B",null,"M","$","?","?","M","?","E","$","T","R","E","M","?","$","R","B",null,"R","$","E","B",null],"character_chosen":"IRONCLAD","items_purchased":["Battle Trance","Shrug It Off","EssenceOfSteel"],"campfire_rested":1,"item_purchase_floors":[48,53,53],"current_hp_per_floor":[72,72,72,72,71,71,71,71,71,69,69,72,72,72,72,47,72,68,68,68,68,68,68,74,76,76,76,76,78,78,80,80,72,82,84,84,86,86,88,90,75,75,75,75,83,88,88,88,88,91,91,91,91,91,91],"gold":54,"neow_bonus":"ONE_RARE_RELIC","is_prod":false,"is_daily":false,"chose_seed":false,"campfire_upgraded":9,"win_rate":0,"timestamp":1553464678,"path_taken":["M","?","?","$","M","R","?","R","T","E","$","M","R","E","R","BOSS","M","$","?","?","$","R","E","?","T","R","$","M","R","M","R","BOSS","M","$","?","?","M","?","E","?","T","R","E","M","?","$","R","BOSS","R","$","E","BOSS"],"build_version":"2019-01-23","purchased_purges":4,"victory":true,"max_hp_per_floor":[72,72,72,72,72,72,72,72,72,72,72,72,72,72,72,72,72,74,74,74,74,74,74,74,76,76,76,76,78,78,80,80,82,82,84,84,86,86,88,90,92,92,92,92,94,96,91,91,91,91,91,91,91,91,91],"card_choices":[{"not_picked":["Iron Wave","Heavy Blade","Thunderclap"],"picked":"SKIP","floor":1.0},{"not_picked":["Iron Wave","Heavy Blade","Thunderclap"],"picked":"SKIP","floor":1.0},{"not_picked":["Flame Barrier","Cleave","Inflame"],"picked":"SKIP","floor":3.0},{"not_picked":["Headbutt","Heavy Blade"],"picked":"Body Slam","floor":5.0},{"not_picked":["Power Through","Pommel Strike","Pummel"],"picked":"SKIP","floor":10.0},{"not_picked":["Clash","Anger","Clothesline"],"picked":"SKIP","floor":12.0},{"not_picked":["Sentinel","Sword Boomerang"],"picked":"Barricade","floor":14.0},{"not_picked":["Limit Break","Bludgeon"],"picked":"Impervious","floor":16.0},{"not_picked":["Anger","Sword Boomerang","Headbutt"],"picked":"Singing Bowl","floor":18.0},{"not_picked":["Headbutt+1","Blood for Blood"],"picked":"Body Slam","floor":24.0},{"not_picked":["Clothesline","Rampage","Twin Strike+1"],"picked":"Singing Bowl","floor":25.0},{"not_picked":["Iron Wave","Infernal Blade","Whirlwind"],"picked":"Singing Bowl","floor":29.0},{"not_picked":["Searing Blow","Corruption","Feel No Pain"],"picked":"Singing Bowl","floor":31.0},{"not_picked":["Dark Embrace","Bludgeon","Double Tap"],"picked":"Singing Bowl","floor":33.0},{"not_picked":["Shrug It Off","Spot Weakness","Inflame"],"picked":"Singing Bowl","floor":35.0},{"not_picked":["Thunderclap+1","Body Slam+1","Cleave"],"picked":"Singing Bowl","floor":37.0},{"not_picked":["Pummel","Anger+1","Exhume"],"picked":"Singing Bowl","floor":39},{"not_picked":["Violence","Forethought","Magnetism"],"picked":"Singing Bowl","floor":40},{"not_picked":["Intimidate+1","Warcry+1","Pummel+1"],"picked":"Singing Bowl","floor":41},{"not_picked":["Exhume","Sever Soul+1","Iron Wave+1"],"picked":"Singing Bowl","floor":45},{"not_picked":["Havoc+1","True Grit","Clash"],"picked":"Singing Bowl","floor":46},{"not_picked":["Cleave","Blood for Blood"],"picked":"Shrug It Off+1","floor":54}],"player_experience":822882,"relics_obtained":[{"floor":9.0,"key":"Happy Flower"},{"floor":10.0,"key":"Juzu Bracelet"},{"floor":14.0,"key":"Singing Bowl"},{"floor":24.0,"key":"PreservedInsect"},{"floor":25.0,"key":"Red Mask"},{"floor":37.0,"key":"Calipers"},{"floor":41,"key":"Bronze Scales"},{"floor":43,"key":"Sundial"},{"floor":45,"key":"Centennial Puzzle"},{"floor":54,"key":"Bottled Lightning"}],"event_choices":[{"damage_healed":0.0,"max_hp_gain":0.0,"max_hp_loss":0.0,"gold_gain":0.0,"event_name":"The Woman in Blue","player_choice":"Bought 0 Potions","floor":2.0,"gold_loss":0.0,"damage_taken":0.0},{"cards_removed":["Strike_R"],"damage_healed":0.0,"max_hp_gain":0.0,"max_hp_loss":0.0,"gold_gain":0.0,"event_name":"The Cleric","player_choice":"Card Removal","floor":7.0,"gold_loss":50.0,"damage_taken":0.0},{"damage_healed":0.0,"max_hp_gain":0.0,"max_hp_loss":0.0,"gold_gain":0.0,"event_name":"The Library","player_choice":"Read","floor":20.0,"gold_loss":0.0,"damage_taken":0.0,"cards_obtained":["Shrug It Off"]},{"damage_healed":0.0,"max_hp_gain":0.0,"max_hp_loss":0.0,"gold_gain":0.0,"event_name":"Accursed Blacksmith","player_choice":"Forge","floor":21.0,"gold_loss":0.0,"damage_taken":0.0,"cards_upgraded":["Shrug It Off"]},{"damage_healed":0.0,"max_hp_gain":0.0,"max_hp_loss":0.0,"gold_gain":0.0,"event_name":"Masked Bandits","player_choice":"Fought Bandits","floor":25.0,"gold_loss":0.0,"damage_taken":0.0},{"damage_healed":0.0,"max_hp_gain":0.0,"max_hp_loss":0.0,"gold_gain":0.0,"event_name":"MindBloom","player_choice":"Fight","floor":37.0,"gold_loss":0.0,"damage_taken":0.0},{"damage_healed":0,"gold_gain":0,"player_choice":"Ignored","damage_taken":0,"max_hp_gain":0,"max_hp_loss":0,"event_name":"Mysterious Sphere","floor":38,"gold_loss":0},{"damage_healed":0,"gold_gain":0,"player_choice":"Memory 1","damage_taken":0,"max_hp_gain":0,"max_hp_loss":0,"event_name":"SensoryStone","floor":40,"gold_loss":0},{"damage_healed":0,"gold_gain":0,"player_choice":"Max HP","damage_taken":0,"max_hp_gain":0,"max_hp_loss":5,"event_name":"Winding Halls","floor":47,"gold_loss":0}],"is_beta":false,"boss_relics":[{"not_picked":["Ectoplasm","Busted Crown"],"picked":"Velvet Choker"},{"not_picked":["Coffee Dripper","Lizard Tail"],"picked":"Empty Cage"}],"items_purged_floors":[19,22,28,42],"is_endless":false,"potions_floor_spawned":[10,12,14,16,25,31,33,39,41,46,54],"ascension_level":1}