{"gold_per_floor":[114,114,130,130,48,48,81,81,105,105,140,159,159,209,209,281,281,297,313,313,313,324,324,355,355,355,307,307,19,46,56,56,134,134,147,199,213,18,0,0,16,16,16,16,51,51,51,51,51,51],"floor_reached":50,"playtime":1994,"items_purged":["Strike_R+1"],"score":936,"play_id":"8ec9e5ef-fc3b-4672-9cb0-23f46cc357a5","local_time":"20190410181727","is_ascension_mode":true,"campfire_choices":[{"data":"Carnage","floor":6,"key":"SMITH"},{"data":"Bash","floor":8,"key":"SMITH"},{"data":"Spot Weakness","floor":10,"key":"SMITH"},{"data":"Clothesline","floor":13,"key":"SMITH"},{"data":"Battle Trance","floor":15,"key":"SMITH"},{"data":"True Grit","floor":23,"key":"SMITH"},{"data":"Cleave","floor":25,"key":"SMITH"},{"data":"Offering","floor":28,"key":"SMITH"},{"floor":32,"key":"REST"},{"data":"Sword Boomerang","floor":40,"key":"SMITH"},{"floor":42,"key":"REST"},{"floor":47,"key":"REST"},{"floor":49,"key":"REST"}],"neow_cost":"NONE","seed_source_timestamp":8197796632330,"circlet_count":0,"master_deck":["AscendersBane","Strike_R+1","Strike_R+1","Strike_R+1","Strike_R+1","Defend_R+1","Defend_R+1","Defend_R+1","Defend_R+1","Bash+1","Headbutt","Spot Weakness+1","Carnage+1","Shrug It Off","Battle Trance+1","Clothesline+1","Offering+1","True Grit+1","Cleave+1","Shrug It Off","Shrug It Off","Immolate","Double Tap","Rampage+1","Impervious","Shockwave","Sword Boomerang+1","Offering","Chrysalis"],"relics":["Black Blood","NeowsBlessing","Oddly Smooth Stone","Kunai","Bronze Scales","Happy Flower","Cursed Key","Bag of Preparation","Mummified Hand","Torii","Red Mask","Darkstone Periapt"],"potions_floor_usage":[36,36,45],"damage_taken":[{"damage":0,"enemies":"Jaw Worm","floor":1,"turns":1},{"damage":0,"enemies":"2 Louse","floor":3,"turns":1},{"damage":0,"enemies":"3 Sentries","floor":7,"turns":2},{"damage":25,"enemies":"Lagavulin","floor":11,"turns":5},{"damage":0,"enemies":"Cultist","floor":12,"turns":3},{"damage":9,"enemies":"The Guardian","floor":16,"turns":10},{"damage":9,"enemies":"Shell Parasite","floor":18,"turns":3},{"damage":6,"enemies":"3 Byrds","floor":19,"turns":3},{"damage":6,"enemies":"Snecko","floor":22,"turns":4},{"damage":15,"enemies":"Book of Stabbing","floor":24,"turns":4},{"damage":24,"enemies":"Slavers","floor":30,"turns":4},{"damage":6,"enemies":"Sentry and Sphere","floor":31,"turns":3},{"damage":56,"enemies":"Automaton","floor":33,"turns":9},{"damage":18,"enemies":"3 Darklings","floor":35,"turns":4},{"damage":43,"enemies":"2 Orb Walkers","floor":36,"turns":5},{"damage":2,"enemies":"Orb Walker","floor":37,"turns":3},{"damage":6,"enemies":"Transient","floor":41,"turns":5},{"damage":45,"enemies":"Nemesis","floor":45,"turns":7},{"damage":60,"enemies":"Donu and Deca","floor":50,"turns":7}],"seed_played":"1543671358866024662","potions_obtained":[{"floor":3,"key":"SneckoOil"},{"floor":12,"key":"FearPotion"},{"floor":16,"key":"EntropicBrew"},{"floor":22,"key":"PowerPotion"}],"is_trial":false,"path_per_floor":["M","?","M","?","$","R","E","R","T","R","E","M","R","?","R","B",null,"M","M","?","T","M","R","E","R","T","$","R","$","E","M","R","B",null,"M","?","M","$","?","R","M","R","T","$","E","?","R","?","R","B"],"character_chosen":"IRONCLAD","items_purchased":["Carnage","Shrug It Off","Shrug It Off","Immolate","Double Tap","Shockwave","Sword Boomerang"],"campfire_rested":4,"item_purchase_floors":[5,5,27,29,29,38,38],"current_hp_per_floor":[74,74,75,57,57,57,63,63,63,63,44,50,50,43,43,40,66,63,63,63,63,63,63,54,54,54,54,54,54,36,36,58,8,58,50,17,25,25,25,25,29,51,51,51,16,16,37,37,58,0],"gold":51,"neow_bonus":"THREE_ENEMY_KILL","is_prod":false,"is_daily":false,"chose_seed":false,"campfire_upgraded":9,"win_rate":0,"timestamp":1554931047,"path_taken":["M","?","M","?","$","R","E","R","T","R","E","M","R","?","R","BOSS","M","?","?","?","M","R","E","R","T","$","R","$","E","?","R","BOSS","M","?","M","$","?","R","?","R","T","$","E","?","R","?","R","BOSS"],"build_version":"2019-01-23","purchased_purges":1,"victory":false,"max_hp_per_floor":[75,75,75,75,75,75,75,75,75,75,75,75,75,75,75,75,75,75,75,75,75,75,75,75,75,75,75,75,75,75,75,75,75,75,75,75,75,75,75,75,75,75,75,75,75,71,71,71,71,71],"card_choices":[{"not_picked":["Iron Wave","Spot Weakness"],"picked":"Headbutt","floor":1},{"not_picked":["True Grit","Intimidate"],"picked":"Spot Weakness","floor":3},{"not_picked":["Dual Wield","Cleave"],"picked":"Battle Trance","floor":7},{"not_picked":["Seeing Red","Headbutt","Flex"],"picked":"SKIP","floor":11},{"not_picked":["Havoc","Anger"],"picked":"Clothesline","floor":12},{"not_picked":["Juggernaut","Double Tap"],"picked":"Offering","floor":16},{"not_picked":["Cleave","Clash"],"picked":"True Grit","floor":18},{"not_picked":["Clash","Fire Breathing","Carnage"],"picked":"SKIP","floor":19},{"not_picked":["Fire Breathing","Heavy Blade"],"picked":"Cleave","floor":22},{"not_picked":["Clash","Headbutt+1"],"picked":"Shrug It Off","floor":24},{"not_picked":["Rupture","Bloodletting"],"picked":"Rampage+1","floor":30},{"not_picked":["Havoc","Armaments","Heavy Blade"],"picked":"SKIP","floor":31},{"not_picked":["Exhume","Fiend Fire"],"picked":"Impervious","floor":33},{"not_picked":["Flex","Thunderclap+1","Cleave"],"picked":"SKIP","floor":35},{"not_picked":["Intimidate","Headbutt","Flex"],"picked":"SKIP","floor":37},{"not_picked":["Sentinel","True Grit"],"picked":"Offering","floor":41},{"not_picked":["Dual Wield","Entrench","Armaments"],"picked":"SKIP","floor":45},{"not_picked":["Swift Strike","Panache"],"picked":"Chrysalis","floor":48}],"player_experience":580708,"relics_obtained":[{"floor":7,"key":"Kunai"},{"floor":9,"key":"Bronze Scales"},{"floor":11,"key":"Happy Flower"},{"floor":24,"key":"Bag of Preparation"},{"floor":30,"key":"Mummified Hand"},{"floor":36,"key":"Torii"},{"floor":45,"key":"Darkstone Periapt"}],"event_choices":[{"damage_healed":0,"gold_gain":0,"player_choice":"Ignored","damage_taken":0,"max_hp_gain":0,"max_hp_loss":0,"event_name":"Shining Light","floor":2,"gold_loss":0},{"damage_healed":0,"gold_gain":0,"player_choice":"Success","damage_taken":18,"relics_obtained":["Oddly Smooth Stone"],"max_hp_gain":0,"max_hp_loss":0,"event_name":"Scrap Ooze","floor":4,"gold_loss":0},{"damage_healed":0,"gold_gain":50,"player_choice":"Touch","damage_taken":7,"max_hp_gain":0,"max_hp_loss":0,"event_name":"FaceTrader","floor":14,"gold_loss":0},{"damage_healed":0,"gold_gain":0,"player_choice":"Simplicity","damage_taken":0,"max_hp_gain":0,"max_hp_loss":0,"event_name":"Back to Basics","floor":20,"gold_loss":0,"cards_upgraded":["Strike_R","Strike_R","Strike_R","Strike_R","Strike_R","Defend_R","Defend_R","Defend_R","Defend_R"]},{"damage_healed":0,"gold_gain":0,"player_choice":"Fight","damage_taken":0,"max_hp_gain":0,"max_hp_loss":0,"event_name":"Mysterious Sphere","floor":36,"gold_loss":0},{"damage_healed":0,"gold_gain":0,"player_choice":"Paid","damage_taken":0,"relics_obtained":["Red Mask"],"max_hp_gain":0,"max_hp_loss":0,"event_name":"Tomb of Lord Red Mask","floor":39,"gold_loss":18},{"damage_healed":0,"gold_gain":0,"player_choice":"Max HP","damage_taken":0,"max_hp_gain":0,"max_hp_loss":4,"event_name":"Winding Halls","floor":46,"gold_loss":0},{"damage_healed":0,"gold_gain":0,"player_choice":"Memory 1","damage_taken":0,"max_hp_gain":0,"max_hp_loss":0,"event_name":"SensoryStone","floor":48,"gold_loss":0}],"is_beta":false,"boss_relics":[{"not_picked":["Coffee Dripper","Mark of Pain"],"picked":"Cursed Key"},{"not_picked":["Lizard Tail","Calling Bell"],"picked":"Black Blood"}],"items_purged_floors":[38],"is_endless":false,"potions_floor_spawned":[3,12,16,19,22,24,35],"killed_by":"Donu and Deca","ascension_level":15}