{"gold_per_floor":[215,231,3,3,18,52,62,88,111,138,176,208,220,249,261,349,361,388,400,327,339,364,402,414,454,466,489,535,547,559,571,583,669,681,711,735,762,774,786,856,868],"floor_reached":41,"playtime":1786,"items_purged":[],"score":877,"play_id":"40a47bf3-2c7e-4b51-b108-5e6486f1a68f","local_time":"20190421031804","is_ascension_mode":true,"campfire_choices":[{"data":"Defragment","floor":13,"key":"SMITH"},{"data":"Zap","floor":15,"key":"SMITH"},{"floor":24,"key":"REST"},{"data":"Capacitor","floor":30,"key":"SMITH"},{"floor":32,"key":"REST"}],"neow_cost":"NONE","seed_source_timestamp":47908925395529,"circlet_count":0,"master_deck":["AscendersBane","Strike_B+1","Strike_B","Strike_B+1","Strike_B","Defend_B","Defend_B","Defend_B","Defend_B","Zap+1","Dualcast","Cold Snap","Barrage","Electrodynamics","Ball Lightning","Conserve Battery","Conserve Battery","Defragment+1","White Noise","Glacier","Compile Driver","Cold Snap","Seek","Ball Lightning","Glacier","Hologram","Capacitor+1","Ball Lightning","Seek","Coolheaded+1","Conserve Battery+1","Core Surge","Auto Shields+1"],"relics":["Cracked Core","Mango","Whetstone","MawBank","Art of War","Inserter","Pantograph","Question Card","Ornamental Fan","The Courier","Strawberry","StoneCalendar","Nuclear Battery","Tiny Chest"],"potions_floor_usage":[6,22,23,28,28,28,33],"damage_taken":[{"damage":7,"enemies":"Jaw Worm","floor":1,"turns":3},{"damage":0,"enemies":"Cultist","floor":2,"turns":3},{"damage":9,"enemies":"2 Louse","floor":5,"turns":3},{"damage":20,"enemies":"Gremlin Nob","floor":6,"turns":4},{"damage":3,"enemies":"Looter","floor":7,"turns":3},{"damage":14,"enemies":"3 Sentries","floor":8,"turns":5},{"damage":1,"enemies":"3 Louse","floor":10,"turns":2},{"damage":19,"enemies":"Lagavulin","floor":11,"turns":7},{"damage":0,"enemies":"Lots of Slimes","floor":12,"turns":1},{"damage":0,"enemies":"Large Slime","floor":14,"turns":4},{"damage":1,"enemies":"The Guardian","floor":16,"turns":9},{"damage":1,"enemies":"Chosen","floor":18,"turns":5},{"damage":0,"enemies":"3 Byrds","floor":22,"turns":2},{"damage":18,"enemies":"Gremlin Leader","floor":23,"turns":5},{"damage":24,"enemies":"Book of Stabbing","floor":25,"turns":6},{"damage":11,"enemies":"Centurion and Healer","floor":27,"turns":4},{"damage":21,"enemies":"Gremlin Leader","floor":28,"turns":7},{"damage":54,"enemies":"Collector","floor":33,"turns":10},{"damage":15,"enemies":"Orb Walker","floor":35,"turns":4},{"damage":13,"enemies":"3 Shapes","floor":36,"turns":6},{"damage":0,"enemies":"Sphere and 2 Shapes","floor":37,"turns":3},{"damage":36,"enemies":"Reptomancer","floor":40,"turns":7},{"damage":21,"enemies":"3 Darklings","floor":41,"turns":2}],"seed_played":"-3422755117882405635","potions_obtained":[{"floor":2,"key":"FearPotion"},{"floor":5,"key":"Energy Potion"},{"floor":6,"key":"SpeedPotion"},{"floor":22,"key":"Strength Potion"},{"floor":25,"key":"Strength Potion"},{"floor":27,"key":"EntropicBrew"},{"floor":28,"key":"GamblersBrew"},{"floor":37,"key":"Explosive Potion"}],"is_trial":false,"path_per_floor":["M","M","$","?","M","E","M","E","T","M","E","M","R","M","R","B",null,"M","?","?","?","M","E","R","E","T","M","E","T","R","$","R","B",null,"M","M","M","?","$","E","M"],"character_chosen":"DEFECT","items_purchased":["Electrodynamics","Ball Lightning","Conserve Battery"],"campfire_rested":2,"item_purchase_floors":[3,3,3],"current_hp_per_floor":[61,61,61,75,66,60,57,43,43,42,23,23,23,23,23,22,72,71,71,71,55,55,37,63,39,39,28,29,29,29,29,57,28,79,64,51,51,51,51,15,0],"gold":868,"neow_bonus":"HUNDRED_GOLD","is_prod":false,"is_daily":false,"chose_seed":false,"campfire_upgraded":3,"win_rate":0,"timestamp":1555827484,"path_taken":["M","M","$","?","M","E","?","E","T","M","E","M","R","M","R","BOSS","M","?","?","?","M","E","R","E","T","M","E","?","R","$","R","BOSS","M","M","M","?","$","E","M"],"build_version":"2019-01-23","purchased_purges":0,"victory":false,"max_hp_per_floor":[75,75,75,75,75,89,89,89,89,89,89,89,89,89,89,89,89,89,89,89,89,89,89,89,89,89,89,96,96,96,96,96,96,96,96,96,96,96,96,96,96],"card_choices":[{"not_picked":["Static Discharge","Self Repair"],"picked":"Cold Snap","floor":1},{"not_picked":["Aggregate","Go for the Eyes"],"picked":"Barrage","floor":2},{"not_picked":["Beam Cell","Force Field"],"picked":"Conserve Battery","floor":5},{"not_picked":["Go for the Eyes","Conserve Battery"],"picked":"Defragment","floor":6},{"not_picked":["Streamline","Blizzard","Steam"],"picked":"SKIP","floor":7},{"not_picked":["Compile Driver","Aggregate"],"picked":"White Noise","floor":8},{"not_picked":["Gash","White Noise"],"picked":"Glacier","floor":10},{"not_picked":["Rainbow","Rebound","Gash"],"picked":"SKIP","floor":11},{"not_picked":["Chaos","Streamline"],"picked":"Compile Driver","floor":12},{"not_picked":["Coolheaded","FTL"],"picked":"Cold Snap","floor":14},{"not_picked":["Rainbow","Amplify"],"picked":"Seek","floor":16},{"not_picked":["Hologram","Leap","Redo"],"picked":"SKIP","floor":18},{"not_picked":["Sweeping Beam","Genetic Algorithm"],"picked":"Ball Lightning","floor":22},{"not_picked":["Compile Driver","Double Energy"],"picked":"Glacier","floor":23},{"not_picked":["Buffer","Chaos","Gash"],"picked":"Hologram","floor":25},{"not_picked":["Streamline","Beam Cell","FTL"],"picked":"Capacitor","floor":27},{"not_picked":["Sweeping Beam","Gash","Blizzard"],"picked":"Ball Lightning","floor":28},{"not_picked":["Machine Learning","Multi-Cast","Amplify"],"picked":"Seek","floor":33},{"not_picked":["Turbo","Chill+1","Streamline"],"picked":"Coolheaded+1","floor":35},{"not_picked":["Reprogram","Stack+1","Darkness"],"picked":"Conserve Battery+1","floor":36},{"not_picked":["Barrage","Stack","Go for the Eyes"],"picked":"Core Surge","floor":37},{"not_picked":["Turbo","Hologram","Scrape"],"picked":"Auto Shields+1","floor":40}],"player_experience":710899,"relics_obtained":[{"floor":6,"key":"Mango"},{"floor":8,"key":"Whetstone"},{"floor":9,"key":"MawBank"},{"floor":11,"key":"Art of War"},{"floor":23,"key":"Question Card"},{"floor":25,"key":"Ornamental Fan"},{"floor":26,"key":"The Courier"},{"floor":28,"key":"Strawberry"},{"floor":29,"key":"StoneCalendar"},{"floor":40,"key":"Tiny Chest"}],"event_choices":[{"damage_healed":14,"gold_gain":0,"player_choice":"Full Heal","damage_taken":0,"max_hp_gain":0,"max_hp_loss":0,"event_name":"Wheel of Change","floor":4,"gold_loss":0},{"damage_healed":0,"gold_gain":0,"player_choice":"Ignored","damage_taken":0,"max_hp_gain":0,"max_hp_loss":0,"event_name":"The Mausoleum","floor":19,"gold_loss":0},{"damage_healed":0,"gold_gain":0,"player_choice":"Obtained Relic","damage_taken":0,"relics_obtained":["Pantograph"],"max_hp_gain":0,"max_hp_loss":0,"event_name":"Addict","floor":20,"gold_loss":85},{"damage_healed":0,"gold_gain":0,"player_choice":"Obtained Book","damage_taken":16,"max_hp_gain":0,"max_hp_loss":0,"event_name":"Cursed Tome","floor":21,"gold_loss":0},{"damage_healed":0,"gold_gain":0,"player_choice":"Ignored","damage_taken":0,"max_hp_gain":0,"max_hp_loss":0,"event_name":"Tomb of Lord Red Mask","floor":38,"gold_loss":0}],"is_beta":false,"boss_relics":[{"not_picked":["Lizard Tail","FrozenCore"],"picked":"Inserter"},{"not_picked":["Tiny House","Black Star"],"picked":"Nuclear Battery"}],"items_purged_floors":[],"is_endless":false,"potions_floor_spawned":[2,5,6,10,12,14,22,25,27,28,37],"killed_by":"3 Darklings","ascension_level":13}