{"path_per_floor":["M","?","?","$","M","E","R","E","T","M","M","?","M","M","R","B",null,"M","?","T","?","M","E","R","M","T","R","M","M","E","M","R","B",null,"M","?","$","?","M","E","R","E","T","?","R","M","?","M","R"],"character_chosen":"IRONCLAD","items_purchased":["Torii","Shrug It Off","Toxic Egg 2","Panache"],"gold_per_floor":[366,366,366,17,31,63,63,98,152,163,175,175,194,205,205,302,302,322,322,322,247,262,287,287,306,383,383,400,420,455,466,466,566,566,579,631,177,0,19,53,53,84,84,84,84,99,199,214,214,214],"floor_reached":50,"campfire_rested":2,"playtime":4029,"item_purchase_floors":[4,4,37,37],"current_hp_per_floor":[72,77,74,74,77,67,67,65,65,73,77,77,77,77,77,74,77,77,77,77,77,77,61,61,60,60,60,59,59,71,77,77,12,77,76,43,43,43,50,58,58,28,28,18,44,47,47,40,67,0],"items_purged":[],"gold":214,"score":602,"play_id":"687204be-e795-4520-bad4-0c0d46b20fa9","local_time":"20180626002252","is_prod":false,"is_daily":false,"chose_seed":false,"is_ascension_mode":false,"campfire_upgraded":6,"win_rate":0,"timestamp":1529997772,"campfire_choices":[{"data":"Armaments","floor":7,"key":"SMITH"},{"data":"Pommel Strike","floor":15,"key":"SMITH"},{"data":"Shockwave","floor":24,"key":"SMITH"},{"data":"Warcry","floor":27,"key":"SMITH"},{"data":"Clothesline","floor":32,"key":"SMITH"},{"data":"Searing Blow+1","floor":41,"key":"SMITH"},{"floor":45,"key":"REST"},{"floor":49,"key":"REST"}],"path_taken":["M","?","?","$","M","E","R","E","T","M","M","?","M","M","R","BOSS","M","?","?","?","M","E","R","M","T","R","M","?","E","M","R","BOSS","M","?","$","?","M","E","R","E","T","?","R","?","?","?","R","BOSS"],"build_version":"2018-06-21","seed_source_timestamp":916368282414462,"purchased_purges":0,"circlet_count":0,"victory":false,"master_deck":["Strike_R","Defend_R","Defend_R","Defend_R","Defend_R","Bash","Reckless Charge","Shrug It Off","Armaments+1","Pummel","Carnage","Clothesline","Warcry+1","Anger","Pommel Strike+1","Shockwave+1","Offering","Battle Trance","Offering","Pommel Strike+1","Limit Break","Corruption","Clothesline+1","Pommel Strike+1","Iron Wave+1","Headbutt+1","Feed","Headbutt+1","Iron Wave+1","Panache","Uppercut+1","Searing Blow+2","Pummel+1","Madness+1","Finesse+1","Trip+1","Whirlwind","Havoc+1"],"max_hp_per_floor":[72,77,77,77,77,77,77,77,77,77,77,77,77,77,77,77,77,77,77,77,77,77,77,77,77,77,77,77,77,77,77,77,77,77,77,80,80,80,80,87,87,87,87,87,87,90,90,90,90,90],"relics":["Burning Blood","Blood Vial","Torii","Orichalcum","Centennial Puzzle","Omamori","Mark of Pain","Blue Candle","Incense Burner","Question Card","Letter Opener","Empty Cage","Ice Cream","Toxic Egg 2","Red Mask","Strawberry","Gremlin Horn","Mummified Hand"],"card_choices":[{"not_picked":["Dual Wield","Perfected Strike"],"picked":"Reckless Charge","floor":1},{"not_picked":["Second Wind","Wild Strike"],"picked":"Armaments","floor":5},{"not_picked":["Combust","Burning Pact"],"picked":"Pummel","floor":6},{"not_picked":["Body Slam","Bloodletting"],"picked":"Carnage","floor":8},{"not_picked":["Warcry","Iron Wave"],"picked":"Clothesline","floor":10},{"not_picked":["Blood for Blood","Thunderclap"],"picked":"Warcry","floor":11},{"not_picked":["Dropkick","Warcry"],"picked":"Pommel Strike","floor":13},{"not_picked":["Anger","True Grit"],"picked":"Shockwave","floor":14},{"not_picked":["Reaper","Double Tap"],"picked":"Offering","floor":16},{"not_picked":["Armaments+1","Corruption"],"picked":"Battle Trance","floor":18},{"not_picked":["Armaments","Wild Strike"],"picked":"Pommel Strike+1","floor":22},{"not_picked":["Clothesline","Headbutt"],"picked":"Limit Break","floor":23},{"not_picked":["Flex","Bloodletting"],"picked":"Corruption","floor":25},{"not_picked":["Flex","Wild Strike","Body Slam"],"picked":"Clothesline","floor":28},{"not_picked":["Cleave+1","Thunderclap","Blood for Blood"],"picked":"Pommel Strike+1","floor":29},{"not_picked":["Bludgeon","Rupture","Sword Boomerang"],"picked":"Iron Wave+1","floor":30},{"not_picked":["Clash","Shrug It Off","Cleave"],"picked":"Headbutt+1","floor":31},{"not_picked":["Fiend Fire","Offering","Brutality"],"picked":"Feed","floor":33},{"not_picked":["Heavy Blade+1","Intimidate","Combust+1"],"picked":"Headbutt+1","floor":35},{"not_picked":["Thunderclap","Warcry","True Grit"],"picked":"Iron Wave+1","floor":36},{"not_picked":["Perfected Strike+1","Havoc+1","Sentinel+1"],"picked":"Uppercut+1","floor":39},{"not_picked":["Flex+1","Anger+1","Inflame+1"],"picked":"Searing Blow+1","floor":40},{"not_picked":["Brutality","Body Slam","Iron Wave+1"],"picked":"Pummel+1","floor":42},{"not_picked":["Purity+1","Deep Breath+1","Thinking Ahead+1"],"picked":"Madness+1","floor":44},{"not_picked":["Good Instincts+1","Madness+1","Transmutation+1"],"picked":"Finesse+1","floor":44},{"not_picked":["Swift Strike","Transmutation+1","Bandage Up+1"],"picked":"Trip+1","floor":44},{"not_picked":["Dual Wield+1","Burning Pact+1","Anger"],"picked":"Whirlwind","floor":46},{"not_picked":["Anger+1","Entrench+1","Flex+1"],"picked":"Havoc+1","floor":48}],"player_experience":205126,"potions_floor_usage":[6,16,16,23,25,30,30,33,40,40,46,50],"damage_taken":[{"damage":6,"enemies":"Jaw Worm","floor":1,"turns":4},{"damage":1,"enemies":"Small Slimes","floor":5,"turns":4},{"damage":16,"enemies":"Gremlin Nob","floor":6,"turns":4},{"damage":10,"enemies":"3 Sentries","floor":8,"turns":9},{"damage":0,"enemies":"2 Louse","floor":10,"turns":2},{"damage":1,"enemies":"2 Fungi Beasts","floor":11,"turns":3},{"damage":2,"enemies":"Gremlin Gang","floor":13,"turns":5},{"damage":1,"enemies":"3 Louse","floor":14,"turns":2},{"damage":9,"enemies":"Hexaghost","floor":16,"turns":9},{"damage":5,"enemies":"Spheric Guardian","floor":18,"turns":3},{"damage":4,"enemies":"3 Byrds","floor":22,"turns":4},{"damage":22,"enemies":"Book of Stabbing","floor":23,"turns":5},{"damage":9,"enemies":"3 Cultists","floor":25,"turns":4},{"damage":9,"enemies":"Chosen and Byrds","floor":28,"turns":5},{"damage":8,"enemies":"Snake Plant","floor":29,"turns":4},{"damage":10,"enemies":"Gremlin Leader","floor":30,"turns":6},{"damage":2,"enemies":"Centurion and Healer","floor":31,"turns":2},{"damage":71,"enemies":"Automaton","floor":33,"turns":12},{"damage":7,"enemies":"Orb Walker","floor":35,"turns":2},{"damage":43,"floor":36,"turns":5},{"damage":1,"enemies":"3 Shapes","floor":39,"turns":3},{"damage":7,"enemies":"Nemesis","floor":40,"turns":5},{"damage":38,"enemies":"Giant Head","floor":42,"turns":8},{"damage":8,"enemies":"Sphere and 2 Shapes","floor":46,"turns":4},{"damage":15,"enemies":"Maw","floor":48,"turns":5},{"damage":72,"enemies":"Time Eater","floor":50,"turns":9}],"relics_obtained":[{"floor":6,"key":"Orichalcum"},{"floor":8,"key":"Centennial Puzzle"},{"floor":9,"key":"Omamori"},{"floor":20,"key":"Blue Candle"},{"floor":23,"key":"Incense Burner"},{"floor":26,"key":"Question Card"},{"floor":30,"key":"Letter Opener"},{"floor":36,"key":"Ice Cream"},{"floor":40,"key":"Strawberry"},{"floor":42,"key":"Gremlin Horn"},{"floor":43,"key":"Mummified Hand"}],"event_choices":[{"event_name":"Big Fish","player_choice":"Donut","floor":2,"damage_taken":0},{"event_name":"Scrap Ooze","player_choice":"success","floor":3,"damage_taken":3},{"event_name":"Transmorgrifier","player_choice":"Transform","floor":12,"damage_taken":0},{"event_name":"Duplicator","player_choice":"One dupe","floor":19,"damage_taken":0},{"event_name":"Beggar","player_choice":"Gave Gold","floor":21,"damage_taken":0},{"event_name":"Mysterious Sphere","player_choice":"Fight","floor":36,"damage_taken":0},{"event_name":"Tomb of Lord Red Mask","player_choice":"Paid","floor":38,"damage_taken":0},{"event_name":"SensoryStone","player_choice":"Memory 3","floor":44,"damage_taken":0},{"event_name":"Golden Shrine","player_choice":"Pray","floor":47,"damage_taken":0}],"boss_relics":[{"not_picked":["Busted Crown","Pandora\u0027s Box"],"picked":"Mark of Pain"},{"not_picked":["Snecko Eye","Runic Pyramid"],"picked":"Empty Cage"}],"items_purged_floors":[],"is_endless":true,"potions_floor_spawned":[1,10,11,16,23,25,29,31,33,36,42,48],"seed_played":"-3448582844446467329","killed_by":"Time Eater","ascension_level":0,"potions_obtained":[{"floor":1,"key":"Strength Potion"},{"floor":10,"key":"Dexterity Potion"},{"floor":11,"key":"Dexterity Potion"},{"floor":16,"key":"Ancient Potion"},{"floor":23,"key":"AttackPotion"},{"floor":25,"key":"Energy Potion"},{"floor":29,"key":"Regen Potion"},{"floor":31,"key":"SkillPotion"},{"floor":33,"key":"FearPotion"},{"floor":36,"key":"Strength Potion"},{"floor":42,"key":"EssenceOfSteel"},{"floor":48,"key":"PowerPotion"}],"is_trial":false}