{"gold_per_floor":[116,266,282,112,112,147,147,161,185,185,220,220,233,249,249,325,325,301,317,317,333,351,351],"floor_reached":23,"playtime":1473,"items_purged":["Doubt"],"score":456,"play_id":"8c5f8793-2be0-479f-9252-bf758535cf21","local_time":"20190409144247","is_ascension_mode":true,"campfire_choices":[{"data":"Defragment","floor":7.0,"key":"SMITH"},{"data":"Zap","floor":12.0,"key":"SMITH"},{"floor":15.0,"key":"REST"}],"neow_cost":"NONE","seed_source_timestamp":0,"circlet_count":0,"master_deck":["AscendersBane","Strike_B","Strike_B","Strike_B+1","Defend_B","Defend_B","Defend_B","Defend_B","Zap+1","Dualcast","Ball Lightning+1","Genetic Algorithm","Defragment+1","Glacier","Loop","Decay","Gash","BootSequence","White Noise","Buffer","Coolheaded","Cold Snap"],"special_seed":0,"relics":["Cracked Core","NeowsBlessing","Regal Pillow","Whetstone","Pen Nib","Velvet Choker"],"potions_floor_usage":[18],"damage_taken":[{"damage":0.0,"enemies":"Small Slimes","floor":1.0,"turns":1.0},{"damage":0.0,"enemies":"Cultist","floor":3.0,"turns":1.0},{"damage":0.0,"enemies":"Lagavulin","floor":6.0,"turns":1.0},{"damage":11.0,"enemies":"Jaw Worm","floor":8.0,"turns":3.0},{"damage":20.0,"enemies":"Gremlin Nob","floor":11.0,"turns":4.0},{"damage":9.0,"enemies":"3 Louse","floor":13.0,"turns":3.0},{"damage":0.0,"enemies":"Exordium Wildlife","floor":14.0,"turns":4.0},{"damage":2,"enemies":"Slime Boss","floor":16,"turns":8},{"damage":16,"enemies":"2 Thieves","floor":18,"turns":4},{"damage":7,"enemies":"3 Byrds","floor":19,"turns":6},{"damage":3,"enemies":"Centurion and Healer","floor":21,"turns":8},{"damage":19,"enemies":"Snake Plant","floor":22,"turns":5},{"damage":41,"enemies":"Gremlin Leader","floor":23,"turns":5}],"seed_played":"7052410780954994263","potions_obtained":[{"floor":6.0,"key":"FearPotion"},{"floor":8.0,"key":"Fire Potion"},{"floor":13.0,"key":"Regen Potion"},{"floor":14.0,"key":"Poison Potion"},{"floor":18,"key":"Strength Potion"}],"is_trial":false,"path_per_floor":["M","?","M","$","?","E","R","M","T","?","E","R","M","M","R","B",null,"M","M","$","M","M","E"],"character_chosen":"DEFECT","items_purchased":["Defragment","Block Potion"],"campfire_rested":1,"item_purchase_floors":[4,4],"current_hp_per_floor":[64,64,64,64,57,57,57,46,46,46,26,26,17,17,53,51,66,62,55,55,52,33,0],"gold":351,"neow_bonus":"THREE_ENEMY_KILL","is_prod":false,"is_daily":false,"chose_seed":false,"campfire_upgraded":2,"win_rate":0,"timestamp":1554813767,"path_taken":["M","?","M","$","?","E","R","M","T","?","E","R","M","M","R","BOSS","M","M","$","M","?","E"],"build_version":"2019-01-23","purchased_purges":1,"victory":false,"max_hp_per_floor":[71,71,71,71,71,71,71,71,71,71,71,71,71,71,71,71,71,71,71,71,71,71,71],"card_choices":[{"not_picked":["Streamline","Coolheaded"],"picked":"Ball Lightning","floor":1.0},{"not_picked":["Compile Driver","Steam"],"picked":"Genetic Algorithm","floor":3.0},{"not_picked":["Multi-Cast","Leap"],"picked":"Glacier","floor":6.0},{"not_picked":["Steam","Turbo"],"picked":"Loop","floor":8.0},{"not_picked":["Barrage","Tempest"],"picked":"Gash","floor":11.0},{"not_picked":["Hologram","Compile Driver"],"picked":"BootSequence","floor":13.0},{"not_picked":["Lockon","Compile Driver"],"picked":"White Noise","floor":14.0},{"not_picked":["Multi-Cast","Meteor Strike"],"picked":"Buffer","floor":16},{"not_picked":["Barrage","Hello World","Stack"],"picked":"SKIP","floor":18},{"not_picked":["Streamline","Beam Cell+1"],"picked":"Coolheaded","floor":19},{"not_picked":["Auto Shields","Turbo"],"picked":"Cold Snap","floor":21},{"not_picked":["Hyperbeam","Reprogram","Redo"],"picked":"SKIP","floor":22}],"player_experience":1430427,"relics_obtained":[{"floor":6.0,"key":"Regal Pillow"},{"floor":9.0,"key":"Whetstone"},{"floor":11.0,"key":"Pen Nib"}],"event_choices":[{"damage_healed":0.0,"max_hp_gain":0.0,"max_hp_loss":0.0,"gold_gain":150.0,"event_name":"Liars Game","player_choice":"AGREE","floor":2.0,"gold_loss":0.0,"damage_taken":0.0,"cards_obtained":["Doubt"]},{"cards_removed":["Strike_B"],"damage_healed":0.0,"max_hp_gain":0.0,"max_hp_loss":0.0,"gold_gain":0.0,"event_name":"Golden Wing","player_choice":"Card Removal","floor":5.0,"gold_loss":0.0,"damage_taken":7.0},{"damage_healed":0.0,"max_hp_gain":0.0,"max_hp_loss":0.0,"gold_gain":0.0,"event_name":"Wheel of Change","player_choice":"Cursed","floor":10.0,"gold_loss":0.0,"damage_taken":0.0,"cards_obtained":["Decay"]}],"is_beta":false,"boss_relics":[{"not_picked":["Philosopher\u0027s Stone","White Beast Statue"],"picked":"Velvet Choker"}],"items_purged_floors":[4],"is_endless":false,"potions_floor_spawned":[6,8,13,14,18],"killed_by":"Gremlin Leader","ascension_level":20}