{"path_per_floor":["M","?","$","M","M","E","M","?","T","E","R","?","M","M","R","B",null,"M","M","?","?","?","R","M","?","T","R","?","$","?","M","R"],"character_chosen":"THE_SILENT","items_purchased":["Quick Slash"],"gold_per_floor":[116,116,41,66,87,122,136,136,182,220,220,220,233,248,248,372,372,390,363,0,0,0,0,15,115,139,139,139,114,114,132,132,132],"floor_reached":33,"campfire_rested":4,"playtime":2068,"item_purchase_floors":[29],"current_hp_per_floor":[65,65,65,62,61,54,50,55,55,3,25,25,25,25,47,31,75,32,11,11,11,11,45,24,24,24,58,52,52,52,19,33,0],"items_purged":["Injury"],"gold":132,"score":305,"play_id":"0ebc67be-cc26-4a20-9cf7-e1d8b0949a68","local_time":"20180624110805","is_prod":false,"is_daily":false,"chose_seed":false,"is_ascension_mode":false,"campfire_upgraded":1,"win_rate":0,"timestamp":1529863685,"campfire_choices":[{"floor":11,"key":"REST"},{"floor":15,"key":"REST"},{"floor":23,"key":"REST"},{"floor":27,"key":"REST"},{"data":"Mind Blast","floor":32,"key":"SMITH"}],"path_taken":["M","?","$","M","M","E","?","?","T","E","R","?","M","M","R","BOSS","M","M","?","?","?","R","M","?","T","R","?","$","?","M","R","BOSS"],"build_version":"2018-06-21","seed_source_timestamp":784240502760686,"purchased_purges":1,"circlet_count":0,"victory":false,"master_deck":["Defend_G","Defend_G","Defend_G","Defend_G","Defend_G","Survivor","Neutralize","Prepared","A Thousand Cuts","Dagger Spray","Backflip","Heel Hook","Cloak And Dagger","Flying Knee","Blur","Burst","Backflip","Crippling Poison","Distraction","Mind Blast+1","Calculated Gamble","Cloak And Dagger","Escape Plan","Tools of the Trade","Setup+1","Flying Knee","Quick Slash","Cloak And Dagger+1","Sucker Punch","Bite","Bite","Bite","Bite","Bite","Quick Slash","Endless Agony+1"],"max_hp_per_floor":[70,70,70,70,70,70,70,75,75,75,75,75,75,75,75,75,75,75,75,75,75,75,75,75,75,75,75,52,52,52,53,53,53],"relics":["Orrery","Golden Idol","Paper Crane","Dream Catcher","Juzu Bracelet","Eternal Feather","Omamori","FaceOfCleric"],"card_choices":[{"not_picked":["PiercingWail","Poisoned Stab"],"picked":"Prepared","floor":0},{"not_picked":["Cloak And Dagger","Concentrate"],"picked":"A Thousand Cuts","floor":0},{"not_picked":["Prepared","Endless Agony"],"picked":"Dagger Spray","floor":0},{"not_picked":["Deflect","Cloak And Dagger"],"picked":"Backflip","floor":0},{"not_picked":["Slice","Deflect"],"picked":"Heel Hook","floor":0},{"not_picked":["Reflex","Acrobatics"],"picked":"Cloak And Dagger","floor":1},{"not_picked":["Deadly Poison","Bane"],"picked":"Flying Knee","floor":4},{"not_picked":["Concentrate","Predator"],"picked":"Blur","floor":5},{"not_picked":["Dagger Throw","Catalyst"],"picked":"Burst","floor":6},{"not_picked":["Outmaneuver","Masterful Stab"],"picked":"Backflip","floor":7},{"not_picked":["Deadly Poison","Dagger Spray"],"picked":"Crippling Poison","floor":10},{"not_picked":["Deadly Poison","Grand Finale"],"picked":"Distraction","floor":11},{"not_picked":["Eviscerate","Acrobatics"],"picked":"Calculated Gamble","floor":13},{"not_picked":["Skewer","Dagger Throw"],"picked":"Cloak And Dagger","floor":14},{"not_picked":["Dagger Spray","Riddle With Holes"],"picked":"Escape Plan","floor":15},{"not_picked":["Burst","Grand Finale"],"picked":"Tools of the Trade","floor":16},{"not_picked":["Distraction","Well Laid Plans"],"picked":"Setup+1","floor":18},{"not_picked":["Backflip","PiercingWail"],"picked":"Flying Knee","floor":19},{"not_picked":["Masterful Stab","PiercingWail"],"picked":"Quick Slash","floor":23},{"not_picked":["Noxious Fumes+1","Bane"],"picked":"Cloak And Dagger+1","floor":24},{"not_picked":["Poisoned Stab","Backflip"],"picked":"Sucker Punch","floor":27},{"not_picked":["Outmaneuver+1","Underhanded Strike"],"picked":"Endless Agony+1","floor":31}],"player_experience":181053,"potions_floor_usage":[6,10,16,24,33],"damage_taken":[{"damage":5,"enemies":"2 Louse","floor":1,"turns":2},{"damage":3,"enemies":"Jaw Worm","floor":4,"turns":4},{"damage":1,"enemies":"Cultist","floor":5,"turns":3},{"damage":7,"enemies":"3 Sentries","floor":6,"turns":6},{"damage":4,"enemies":"3 Louse","floor":7,"turns":2},{"damage":52,"enemies":"Gremlin Nob","floor":10,"turns":6},{"damage":0,"enemies":"Exordium Wildlife","floor":13,"turns":3},{"damage":0,"enemies":"Gremlin Gang","floor":14,"turns":4},{"damage":16,"enemies":"The Guardian","floor":16,"turns":15},{"damage":43,"enemies":"Spheric Guardian","floor":18,"turns":6},{"damage":21,"enemies":"2 Thieves","floor":19,"turns":5},{"damage":36,"enemies":"Snake Plant","floor":24,"turns":6},{"damage":42,"enemies":"Chosen and Byrds","floor":31,"turns":8},{"damage":85,"enemies":"Automaton","floor":33,"turns":12}],"relics_obtained":[{"floor":6,"key":"Paper Crane"},{"floor":9,"key":"Dream Catcher"},{"floor":10,"key":"Juzu Bracelet"},{"floor":26,"key":"Omamori"}],"event_choices":[{"event_name":"Golden Idol","player_choice":"Take Wound","floor":2,"damage_taken":0},{"event_name":"Big Fish","player_choice":"Donut","floor":8,"damage_taken":0},{"event_name":"Match and Keep!","player_choice":"1 cards matched","floor":12,"damage_taken":0},{"event_name":"Masked Bandits","player_choice":"Paid Bandits 363 gold","floor":20,"damage_taken":0},{"event_name":"Addict","player_choice":"Ignored","floor":21,"damage_taken":0},{"event_name":"Drug Dealer","player_choice":"Ignored","floor":22,"damage_taken":0},{"event_name":"Golden Shrine","player_choice":"Pray","floor":25,"damage_taken":0},{"event_name":"Vampires","player_choice":"Became a vampire","floor":28,"damage_taken":0},{"event_name":"FaceTrader","player_choice":"Took Face Of Cleric","floor":30,"damage_taken":0}],"boss_relics":[{"not_picked":["Fusion Hammer","White Beast Statue"],"picked":"Eternal Feather"}],"items_purged_floors":[3],"is_endless":true,"potions_floor_spawned":[4,7,14,18,31],"seed_played":"2297001330818665321","killed_by":"Automaton","ascension_level":0,"potions_obtained":[{"floor":4,"key":"SkillPotion"},{"floor":7,"key":"Swift Potion"},{"floor":14,"key":"Ancient Potion"},{"floor":18,"key":"Regen Potion"},{"floor":31,"key":"GhostInAJar"}],"is_trial":false}