{"gold_per_floor":[111,111,71,71,71,87,116,116,116,68,88,104,130,142,154,256,268,300,237,270,282,317,363,375,418,456,33,33,66,80,80],"floor_reached":31,"playtime":1129,"items_purged":["Strike_B"],"score":579,"play_id":"cec264af-079f-4bfc-b743-abaf31edbdf8","local_time":"20190422150011","is_ascension_mode":true,"campfire_choices":[{"data":"Defragment","floor":8,"key":"SMITH"},{"data":"Loop","floor":15,"key":"SMITH"},{"floor":24,"key":"REST"},{"floor":28,"key":"REST"}],"neow_cost":"NONE","seed_source_timestamp":10978987398141,"circlet_count":0,"master_deck":["AscendersBane","Strike_B","Defend_B","Defend_B","Defend_B","Defend_B","Zap","Dualcast","Compile Driver","Loop+1","Defragment+1","Conserve Battery","Compile Driver","Lockon","Electrodynamics","Barrage+1","Gash","Ball Lightning","Reinforced Body","Loop","Doom and Gloom"],"relics":["Cracked Core","NeowsBlessing","Cables","Kunai","Du-Vu Doll","Calipers","MawBank","Golden Idol","Fusion Hammer","Unceasing Top","PreservedInsect","Orichalcum","Question Card","Anchor"],"potions_floor_usage":[16,22,25],"damage_taken":[{"damage":0,"enemies":"Small Slimes","floor":1,"turns":1},{"damage":0,"enemies":"Jaw Worm","floor":6,"turns":1},{"damage":0,"enemies":"Lagavulin","floor":7,"turns":3},{"damage":0,"enemies":"Cultist","floor":11,"turns":3},{"damage":5,"enemies":"2 Fungi Beasts","floor":12,"turns":3},{"damage":18,"enemies":"3 Sentries","floor":13,"turns":6},{"damage":12,"enemies":"The Guardian","floor":16,"turns":11},{"damage":6,"enemies":"Spheric Guardian","floor":18,"turns":3},{"damage":9,"enemies":"Chosen","floor":20,"turns":4},{"damage":19,"enemies":"Centurion and Healer","floor":22,"turns":4},{"damage":0,"enemies":"Gremlin Leader","floor":23,"turns":4},{"damage":31,"enemies":"Slavers","floor":25,"turns":4},{"damage":9,"enemies":"Gremlin Leader","floor":29,"turns":5},{"damage":14,"enemies":"Sentry and Sphere","floor":30,"turns":4},{"damage":0,"enemies":"Shelled Parasite and Fungi","floor":31,"turns":2}],"seed_played":"7422615064331179975","potions_obtained":[{"floor":6,"key":"GamblersBrew"},{"floor":13,"key":"SkillPotion"},{"floor":18,"key":"FearPotion"},{"floor":22,"key":"EssenceOfSteel"},{"floor":30,"key":"Strength Potion"}],"is_trial":false,"path_per_floor":["M","?","$","?","T","M","E","R","T","$","M","M","E","?","R","B",null,"M","?","M","?","M","E","R","E","T","$","R","E","M","M"],"character_chosen":"DEFECT","items_purchased":["Loop","Conserve Battery","Reinforced Body","Loop","Question Card"],"campfire_rested":2,"item_purchase_floors":[3,10,27,27,27],"current_hp_per_floor":[68,50,50,43,43,43,43,43,43,43,43,38,20,20,20,8,54,48,48,39,39,20,20,40,9,9,9,29,20,6,6],"gold":80,"neow_bonus":"THREE_ENEMY_KILL","is_prod":false,"is_daily":false,"chose_seed":false,"campfire_upgraded":2,"win_rate":0,"timestamp":1555956011,"path_taken":["M","?","$","?","?","?","E","R","T","$","M","M","E","?","R","BOSS","M","?","M","?","M","E","R","E","T","?","R","E","M","M"],"build_version":"2019-01-23","purchased_purges":1,"victory":false,"max_hp_per_floor":[75,75,75,75,75,75,75,75,75,75,75,75,75,69,69,69,69,69,69,69,69,69,69,69,69,69,69,69,69,69,69],"card_choices":[{"not_picked":["Redo","Stack"],"picked":"Compile Driver","floor":1},{"not_picked":["Redo","Melter"],"picked":"Defragment","floor":6},{"not_picked":["Meteor Strike","Blizzard","Leap"],"picked":"SKIP","floor":7},{"not_picked":["Stack","Go for the Eyes"],"picked":"Compile Driver","floor":11},{"not_picked":["Streamline","Fusion","Beam Cell"],"picked":"SKIP","floor":12},{"not_picked":["Redo","Go for the Eyes"],"picked":"Lockon","floor":13},{"not_picked":["Thunder Strike","All For One"],"picked":"Electrodynamics","floor":16},{"not_picked":["Redo","Storm","Rebound"],"picked":"SKIP","floor":18},{"not_picked":["Blizzard","Defragment"],"picked":"Barrage+1","floor":20},{"not_picked":["Streamline","Sweeping Beam+1"],"picked":"Gash","floor":22},{"not_picked":["Recycle","Compile Driver","Redo"],"picked":"SKIP","floor":23},{"not_picked":["Thunder Strike","Double Energy"],"picked":"Ball Lightning","floor":25},{"not_picked":["Compile Driver","Meteor Strike","Hologram","Streamline"],"picked":"SKIP","floor":29},{"not_picked":["Reinforced Body","Sweeping Beam+1","Force Field"],"picked":"Doom and Gloom","floor":30}],"player_experience":719963,"relics_obtained":[{"floor":5,"key":"Kunai"},{"floor":7,"key":"Du-Vu Doll"},{"floor":9,"key":"Calipers"},{"floor":13,"key":"MawBank"},{"floor":23,"key":"Unceasing Top"},{"floor":25,"key":"PreservedInsect"},{"floor":26,"key":"Orichalcum"},{"floor":29,"key":"Anchor"}],"event_choices":[{"damage_healed":0,"gold_gain":0,"player_choice":"Success","damage_taken":18,"relics_obtained":["Cables"],"max_hp_gain":0,"max_hp_loss":0,"event_name":"Scrap Ooze","floor":2,"gold_loss":0},{"cards_removed":["Strike_B"],"damage_healed":0,"gold_gain":0,"player_choice":"Card Removal","damage_taken":7,"max_hp_gain":0,"max_hp_loss":0,"event_name":"Golden Wing","floor":4,"gold_loss":0},{"damage_healed":0,"gold_gain":0,"player_choice":"Lose Max HP","damage_taken":0,"relics_obtained":["Golden Idol"],"max_hp_gain":0,"max_hp_loss":6,"event_name":"Golden Idol","floor":14,"gold_loss":0},{"cards_removed":["Strike_B"],"damage_healed":0,"gold_gain":0,"player_choice":"Gave Gold","damage_taken":0,"max_hp_gain":0,"max_hp_loss":0,"event_name":"Beggar","floor":19,"gold_loss":75},{"damage_healed":0,"gold_gain":0,"player_choice":"Ignored","damage_taken":0,"max_hp_gain":0,"max_hp_loss":0,"event_name":"Vampires","floor":21,"gold_loss":0}],"is_beta":false,"boss_relics":[{"not_picked":["Runic Dome","Coffee Dripper"],"picked":"Fusion Hammer"}],"items_purged_floors":[27],"is_endless":false,"potions_floor_spawned":[6,13,18,22,23,30],"killed_by":"Shelled Parasite and Fungi","ascension_level":13}