{"gold_per_floor":[360,380,397,128,141,168,168,196,196,196,207,236,236,256,256,361,361,371,471,485,500,500,527,527,544,544,554,554,554,579,579,579,680,680,697,707,755,774,342,342,358,358,406,406,406,431,431,446,446,446],"floor_reached":51,"playtime":3404,"items_purged":["Strike_R","Strike_R"],"score":762,"play_id":"fca7125d-30bc-494d-9d96-09f24c7b4401","local_time":"20190429011109","is_ascension_mode":false,"campfire_choices":[{"data":"Bash","floor":10.0,"key":"SMITH"},{"data":"Disarm","floor":13,"key":"SMITH"},{"floor":15,"key":"REST"},{"data":"True Grit","floor":24,"key":"SMITH"},{"floor":29,"key":"REST"},{"floor":32,"key":"REST"},{"data":"Shockwave","floor":40,"key":"SMITH"},{"data":"Flame Barrier","floor":45,"key":"SMITH"},{"floor":47,"key":"DIG"},{"data":"Evolve","floor":49,"key":"SMITH"}],"neow_cost":"PERCENT_DAMAGE","seed_source_timestamp":1431620445136000,"circlet_count":0,"master_deck":["Strike_R","Strike_R","Defend_R","Defend_R","Defend_R+1","Bash+1","Twin Strike","Headbutt","Reaper","Ghostly Armor","Wild Strike","True Grit+1","Disarm+1","Juggernaut+1","Spot Weakness","Exhume","Twin Strike+1","Dual Wield+1","Flame Barrier+1","Uppercut+1","Exhume","Spot Weakness","Corruption+1","Offering+1","Shockwave+1","Madness","Madness","Power Through+1","Evolve+1"],"special_seed":0,"relics":["Burning Blood","Mummified Hand","Sundial","Bottled Lightning","Singing Bowl","Boot","Sozu","Champion Belt","Letter Opener","Question Card","Bag of Preparation","Enchiridion","Incense Burner","Bottled Flame","Empty Cage","Shovel","War Paint","Centennial Puzzle","Lantern","Potion Belt","Prayer Wheel"],"potions_floor_usage":[33,50,50],"damage_taken":[{"damage":1.0,"enemies":"Cultist","floor":1.0,"turns":3.0},{"damage":0.0,"enemies":"Small Slimes","floor":2.0,"turns":4.0},{"damage":2.0,"enemies":"2 Louse","floor":3.0,"turns":3.0},{"damage":13.0,"enemies":"Gremlin Gang","floor":5.0,"turns":9.0},{"damage":22.0,"enemies":"3 Sentries","floor":6.0,"turns":8.0},{"damage":31.0,"enemies":"Gremlin Nob","floor":8.0,"turns":5.0},{"damage":2.0,"enemies":"Large Slime","floor":11.0,"turns":6.0},{"damage":20.0,"enemies":"Lagavulin","floor":12.0,"turns":10.0},{"damage":9,"enemies":"Exordium Wildlife","floor":14,"turns":6},{"damage":24,"enemies":"The Guardian","floor":16,"turns":14},{"damage":9,"enemies":"Spheric Guardian","floor":18,"turns":4},{"damage":19,"enemies":"Colosseum Slavers","floor":19,"turns":7},{"damage":35,"enemies":"Colosseum Nobs","floor":19,"turns":6},{"damage":10,"enemies":"Chosen","floor":20,"turns":6},{"damage":9,"enemies":"Snake Plant","floor":21,"turns":6},{"damage":17,"enemies":"Book of Stabbing","floor":23,"turns":6},{"damage":28,"enemies":"Cultist and Chosen","floor":25,"turns":8},{"damage":23,"enemies":"3 Cultists","floor":27,"turns":6},{"damage":28,"enemies":"Slavers","floor":30,"turns":5},{"damage":38,"enemies":"Collector","floor":33,"turns":7},{"damage":0,"enemies":"3 Shapes","floor":35,"turns":3},{"damage":15,"enemies":"3 Darklings","floor":36,"turns":9},{"damage":51,"enemies":"2 Orb Walkers","floor":37,"turns":6},{"damage":9,"enemies":"Maw","floor":38,"turns":8},{"damage":6,"enemies":"Transient","floor":41,"turns":5},{"damage":6,"enemies":"Reptomancer","floor":46,"turns":5},{"damage":6,"enemies":"4 Shapes","floor":48,"turns":2},{"damage":52,"enemies":"Donu and Deca","floor":50,"turns":8}],"seed_played":"2413973643762308056","potions_obtained":[{"floor":2.0,"key":"SkillPotion"},{"floor":5.0,"key":"LiquidBronze"},{"floor":6.0,"key":"SpeedPotion"},{"floor":12,"key":"Strength Potion"},{"floor":16,"key":"Strength Potion"}],"is_trial":false,"path_per_floor":["M","M","M","$","M","E","?","E","T","R","M","E","R","M","R","B",null,"M","?","M","M","?","E","R","M","T","M","?","R","E","T","R","B",null,"M","M","?","M","$","R","M","?","T","?","R","E","R","M","R","B",null],"character_chosen":"IRONCLAD","items_purchased":["Reaper","Fire Potion","Ghostly Armor","Shockwave","War Paint","Centennial Puzzle"],"campfire_rested":3,"item_purchase_floors":[4,4,4,39,39,39],"current_hp_per_floor":[61,67,71,71,70,62,62,37,37,37,47,33,33,30,54,41,80,82,49,52,56,56,55,55,47,47,44,28,54,47,47,73,64,88,90,90,55,66,66,66,92,80,80,80,80,94,94,94,94,83],"gold":446,"neow_bonus":"TWO_FIFTY_GOLD","is_prod":false,"is_daily":false,"chose_seed":false,"campfire_upgraded":6,"win_rate":1,"timestamp":1556525469,"path_taken":["M","M","M","$","?","E","?","E","T","R","M","E","R","M","R","BOSS","M","?","M","M","?","E","R","?","T","M","?","R","E","?","R","BOSS","M","M","?","M","$","R","M","?","T","?","R","E","R","?","R","BOSS"],"build_version":"2019-01-23","purchased_purges":2,"victory":true,"max_hp_per_floor":[80,80,80,80,80,80,80,80,80,80,80,80,80,80,80,80,80,82,84,86,86,86,86,86,88,88,88,88,88,88,88,88,88,88,90,90,90,90,90,90,92,92,92,92,92,94,94,94,94,94],"card_choices":[{"not_picked":["Wild Strike","Bloodletting"],"picked":"Twin Strike","floor":1.0},{"not_picked":["True Grit","Infernal Blade"],"picked":"Headbutt","floor":2.0},{"not_picked":["Evolve","Warcry","Fire Breathing"],"picked":"SKIP","floor":3.0},{"not_picked":["Evolve","Infernal Blade"],"picked":"Wild Strike","floor":5.0},{"not_picked":["Intimidate","Thunderclap"],"picked":"True Grit","floor":6.0},{"not_picked":["Combust","Brutality","Dropkick"],"picked":"SKIP","floor":8.0},{"not_picked":["Shrug It Off","Clash"],"picked":"Disarm","floor":11.0},{"not_picked":["Headbutt","Twin Strike"],"picked":"Juggernaut","floor":12},{"not_picked":["Perfected Strike","Cleave"],"picked":"Spot Weakness","floor":14},{"not_picked":["Juggernaut","Fiend Fire"],"picked":"Exhume","floor":16},{"not_picked":["Body Slam","Seeing Red","True Grit"],"picked":"Singing Bowl","floor":18},{"not_picked":["Cleave","Flex","Pommel Strike"],"picked":"Singing Bowl","floor":19},{"not_picked":["Burning Pact","Thunderclap","Pummel"],"picked":"Singing Bowl","floor":20},{"not_picked":["Havoc","Fire Breathing+1"],"picked":"Twin Strike+1","floor":21},{"not_picked":["Second Wind","Ghostly Armor"],"picked":"Dual Wield+1","floor":23},{"not_picked":["Thunderclap","Dropkick","Blood for Blood","Fiend Fire"],"picked":"Singing Bowl","floor":25},{"not_picked":["Second Wind","Fire Breathing","Warcry"],"picked":"Flame Barrier","floor":27},{"not_picked":["Carnage","Evolve","Iron Wave"],"picked":"Uppercut+1","floor":30},{"not_picked":["Barricade","Bludgeon","Double Tap"],"picked":"Exhume","floor":33},{"not_picked":["True Grit","Havoc+1","Body Slam","Intimidate"],"picked":"Singing Bowl","floor":35},{"not_picked":["Sword Boomerang+1","Clothesline","Burning Pact"],"picked":"Spot Weakness","floor":36},{"not_picked":["Pommel Strike+1","Thunderclap+1","Flex"],"picked":"Corruption+1","floor":37},{"not_picked":["Clothesline","Hemokinesis+1","Cleave+1"],"picked":"Offering","floor":38},{"not_picked":["Bloodletting+1","Sword Boomerang","Dual Wield","Heavy Blade+1"],"picked":"Singing Bowl","floor":41},{"not_picked":["Sever Soul","Warcry","Sentinel+1","Carnage"],"picked":"Singing Bowl","floor":46},{"not_picked":["Anger+1","Thunderclap","True Grit+1"],"picked":"Power Through+1","floor":48},{"not_picked":["Clothesline","Clash","Thunderclap+1"],"picked":"Evolve","floor":48}],"player_experience":649500,"relics_obtained":[{"floor":6.0,"key":"Mummified Hand"},{"floor":8.0,"key":"Bottled Lightning"},{"floor":9.0,"key":"Singing Bowl"},{"floor":12,"key":"Boot"},{"floor":19,"key":"Champion Belt"},{"floor":19,"key":"Letter Opener"},{"floor":23,"key":"Question Card"},{"floor":26,"key":"Bag of Preparation"},{"floor":28,"key":"Enchiridion"},{"floor":30,"key":"Incense Burner"},{"floor":31,"key":"Bottled Flame"},{"floor":37,"key":"Shovel"},{"floor":43,"key":"Lantern"},{"floor":46,"key":"Potion Belt"},{"floor":47,"key":"Prayer Wheel"}],"event_choices":[{"damage_healed":0.0,"max_hp_gain":0.0,"max_hp_loss":0.0,"gold_gain":0.0,"event_name":"WeMeetAgain","player_choice":"Gave Potion","floor":7.0,"gold_loss":0.0,"damage_taken":0.0,"relics_obtained":["Sundial"]},{"damage_healed":0,"gold_gain":0,"player_choice":"Fight","damage_taken":0,"max_hp_gain":0,"max_hp_loss":0,"event_name":"Colosseum","floor":19,"gold_loss":0},{"damage_healed":0,"gold_gain":0,"player_choice":"Fought Nobs","damage_taken":0,"max_hp_gain":0,"max_hp_loss":0,"event_name":"Colosseum","floor":19,"gold_loss":0},{"damage_healed":0,"gold_gain":0,"player_choice":"Forge","damage_taken":0,"max_hp_gain":0,"max_hp_loss":0,"event_name":"Accursed Blacksmith","floor":22,"gold_loss":0,"cards_upgraded":["Juggernaut"]},{"damage_healed":0,"gold_gain":0,"player_choice":"Obtained Book","damage_taken":16,"max_hp_gain":0,"max_hp_loss":0,"event_name":"Cursed Tome","floor":28,"gold_loss":0},{"damage_healed":0,"gold_gain":0,"player_choice":"Fight","damage_taken":0,"max_hp_gain":0,"max_hp_loss":0,"event_name":"Mysterious Sphere","floor":37,"gold_loss":0},{"damage_healed":0,"gold_gain":0,"player_choice":"Embrace Madness","damage_taken":12,"max_hp_gain":0,"max_hp_loss":0,"event_name":"Winding Halls","floor":42,"gold_loss":0,"cards_obtained":["Madness","Madness"]},{"damage_healed":0,"gold_gain":0,"player_choice":"Ignored","damage_taken":0,"max_hp_gain":0,"max_hp_loss":0,"event_name":"NoteForYourself","floor":44,"gold_loss":0}],"is_beta":false,"boss_relics":[{"not_picked":["Runic Cube","Black Star"],"picked":"Sozu"},{"not_picked":["Lizard Tail","Tiny House"],"picked":"Empty Cage"}],"items_purged_floors":[4,39],"is_endless":false,"potions_floor_spawned":[2,5,6,12,16,18,19,20,25,36,37,38,46],"ascension_level":0}