{"gold_per_floor":[116,116,116,116,116,150,150,170,193,228,228,257,64,93,105,212,224,255,342,341,363,388,400,437,449,461,473],"floor_reached":27,"playtime":1016,"items_purged":["Strike_B"],"score":296,"play_id":"d694b270-935a-4e1f-8882-c10a592e6953","local_time":"20190220235957","is_ascension_mode":true,"campfire_choices":[{"data":"Dualcast","floor":7,"key":"SMITH"},{"floor":15,"key":"REST"},{"data":"Capacitor","floor":23,"key":"SMITH"}],"neow_cost":"NONE","seed_source_timestamp":23940711419490,"circlet_count":0,"master_deck":["Strike_B","Strike_B","Defend_B","Defend_B","Defend_B","Defend_B","Zap+1","Dualcast+1","Auto Shields+1","Consume+1","Capacitor+1","Seek","Coolheaded","Self Repair+1","Blizzard+1","All For One"],"relics":["Cracked Core","NeowsBlessing","Pantograph","Smiling Mask","Bird Faced Urn","Meat on the Bone","Regal Pillow","War Paint","MawBank","Velvet Choker","Gambling Chip","PreservedInsect"],"potions_floor_usage":[12,24,24,24],"damage_taken":[{"damage":0,"enemies":"Cultist","floor":1,"turns":1},{"damage":0,"enemies":"3 Sentries","floor":6,"turns":1},{"damage":0,"enemies":"Small Slimes","floor":8,"turns":1},{"damage":24,"enemies":"Lagavulin","floor":10,"turns":8},{"damage":81,"enemies":"Gremlin Nob","floor":12,"turns":6},{"damage":13,"enemies":"3 Sentries","floor":14,"turns":7},{"damage":39,"enemies":"The Guardian","floor":16,"turns":11},{"damage":7,"enemies":"Shell Parasite","floor":18,"turns":6},{"damage":10,"enemies":"2 Thieves","floor":20,"turns":4},{"damage":8,"enemies":"Shelled Parasite and Fungi","floor":21,"turns":8},{"damage":13,"enemies":"3 Cultists","floor":22,"turns":8},{"damage":49,"enemies":"Slavers","floor":24,"turns":7},{"damage":33,"enemies":"Book of Stabbing","floor":27,"turns":4}],"seed_played":"5647066283799915054","potions_obtained":[{"floor":1,"key":"FairyPotion"},{"floor":10,"key":"PowerPotion"},{"floor":12,"key":"Weak Potion"},{"floor":18,"key":"Dexterity Potion"},{"floor":22,"key":"AttackPotion"}],"is_trial":false,"path_per_floor":["M","$","?","?","?","E","R","M","T","E","?","E","$","E","R","B",null,"M","?","M","M","M","R","E","?","T","E"],"character_chosen":"DEFECT","items_purchased":["War Paint"],"campfire_rested":1,"item_purchase_floors":[13],"current_hp_per_floor":[75,75,80,73,73,73,73,73,73,49,42,20,20,21,60,41,80,73,65,57,51,52,52,29,29,29,0],"gold":473,"neow_bonus":"THREE_ENEMY_KILL","is_prod":false,"is_daily":false,"chose_seed":false,"campfire_upgraded":2,"win_rate":0,"timestamp":1550732397,"path_taken":["M","$","?","?","?","E","R","M","T","E","?","E","$","E","R","BOSS","M","?","M","?","M","R","E","?","T","E"],"build_version":"2019-01-23","purchased_purges":1,"victory":false,"max_hp_per_floor":[75,75,80,80,80,80,80,80,80,80,80,80,80,80,80,80,80,80,80,80,80,80,80,80,80,80,80],"card_choices":[{"not_picked":["Steam Power","Consume"],"picked":"Auto Shields","floor":1},{"not_picked":["Sweeping Beam","Leap","Redo"],"picked":"SKIP","floor":6},{"not_picked":["Scrape","Redo","Steam"],"picked":"SKIP","floor":8},{"not_picked":["Stack","Sweeping Beam"],"picked":"Consume","floor":10},{"not_picked":["Double Energy","Doom and Gloom"],"picked":"Capacitor","floor":12},{"not_picked":["Barrage","Scrape","Hello World"],"picked":"SKIP","floor":14},{"not_picked":["Fission","Core Surge"],"picked":"Seek","floor":16},{"not_picked":["Blizzard","Auto Shields","Gash"],"picked":"SKIP","floor":18},{"not_picked":["Ball Lightning+1","Skim"],"picked":"Coolheaded","floor":20},{"not_picked":["Sweeping Beam","Cold Snap"],"picked":"Self Repair+1","floor":21},{"not_picked":["Aggregate+1","Hologram"],"picked":"Blizzard","floor":22},{"not_picked":["Beam Cell","Scrape"],"picked":"All For One","floor":24}],"player_experience":767065,"relics_obtained":[{"floor":6,"key":"Pantograph"},{"floor":9,"key":"Smiling Mask"},{"floor":10,"key":"Bird Faced Urn"},{"floor":12,"key":"Regal Pillow"},{"floor":14,"key":"MawBank"},{"floor":24,"key":"Gambling Chip"},{"floor":26,"key":"PreservedInsect"}],"event_choices":[{"damage_healed":0,"gold_gain":0,"player_choice":"Donut","damage_taken":0,"max_hp_gain":5,"max_hp_loss":0,"event_name":"Big Fish","floor":3,"gold_loss":0},{"cards_removed":["Strike_B"],"damage_healed":0,"gold_gain":0,"player_choice":"Card Removal","damage_taken":7,"max_hp_gain":0,"max_hp_loss":0,"event_name":"Golden Wing","floor":4,"gold_loss":0},{"damage_healed":0,"gold_gain":0,"player_choice":"Grow","damage_taken":0,"max_hp_gain":0,"max_hp_loss":0,"event_name":"Living Wall","floor":5,"gold_loss":0,"cards_upgraded":["Zap"]},{"damage_healed":0,"gold_gain":0,"player_choice":"Success","damage_taken":7,"relics_obtained":["Meat on the Bone"],"max_hp_gain":0,"max_hp_loss":0,"event_name":"Scrap Ooze","floor":11,"gold_loss":0},{"damage_healed":0,"gold_gain":75,"player_choice":"Touch","damage_taken":8,"max_hp_gain":0,"max_hp_loss":0,"event_name":"FaceTrader","floor":19,"gold_loss":0},{"damage_healed":0,"gold_gain":0,"player_choice":"Forge","damage_taken":0,"max_hp_gain":0,"max_hp_loss":0,"event_name":"Accursed Blacksmith","floor":25,"gold_loss":0,"cards_upgraded":["Blizzard"]}],"is_beta":false,"boss_relics":[{"not_picked":["Nuclear Battery","Runic Dome"],"picked":"Velvet Choker"}],"items_purged_floors":[13],"is_endless":false,"potions_floor_spawned":[1,10,12,18,22],"killed_by":"Book of Stabbing","ascension_level":1}