{"gold_per_floor":[363,438,403,403,253,253,282,300,300,312,10,10,40,57,57,57],"floor_reached":16,"playtime":633,"items_purged":["Parasite"],"score":178,"play_id":"739345ff-8c12-4301-86b7-603bb6a87552","local_time":"20190422133244","is_ascension_mode":true,"campfire_choices":[{"data":"Hologram","floor":6,"key":"SMITH"},{"floor":15,"key":"REST"}],"neow_cost":"CURSE","seed_source_timestamp":6228602191882,"circlet_count":0,"master_deck":["AscendersBane","Strike_B","Strike_B","Strike_B","Strike_B","Defend_B","Defend_B","Defend_B","Defend_B","Zap","Dualcast","Compile Driver","Sweeping Beam","Hologram+1","Streamline","Barrage","Coolheaded","Biased Cognition+1","Genetic Algorithm","Compile Driver","Leap","Conserve Battery"],"relics":["Cracked Core","Symbiotic Virus","Gremlin Horn"],"potions_floor_usage":[16],"damage_taken":[{"damage":7,"enemies":"Jaw Worm","floor":1,"turns":4},{"damage":35,"enemies":"3 Sentries","floor":7,"turns":10},{"damage":0,"enemies":"2 Louse","floor":8,"turns":1},{"damage":1,"enemies":"Cultist","floor":10,"turns":3},{"damage":16,"enemies":"Lagavulin","floor":13,"turns":5},{"damage":14,"enemies":"3 Louse","floor":14,"turns":3},{"damage":27,"enemies":"Slime Boss","floor":16,"turns":8}],"seed_played":"3409344846882266265","potions_obtained":[{"floor":7,"key":"FocusPotion"}],"is_trial":false,"path_per_floor":["M","?","?","?","$","R","E","M","T","M","$","?","E","M","R","B"],"character_chosen":"DEFECT","items_purchased":["Sweeping Beam","Hologram","Biased Cognition","Genetic Algorithm","Compile Driver","Leap"],"campfire_rested":1,"item_purchase_floors":[5,5,11,11,11,11],"current_hp_per_floor":[61,50,68,68,68,68,33,33,33,32,32,32,16,2,23,0],"gold":57,"neow_bonus":"TWO_FIFTY_GOLD","is_prod":false,"is_daily":false,"chose_seed":false,"campfire_upgraded":1,"win_rate":0,"timestamp":1555950764,"path_taken":["M","?","?","?","$","R","E","M","T","M","$","?","E","?","R","BOSS"],"build_version":"2019-01-23","purchased_purges":1,"victory":false,"max_hp_per_floor":[75,75,75,75,72,72,72,72,72,72,72,72,72,72,72,72],"card_choices":[{"not_picked":["Rip and Tear","Beam Cell"],"picked":"Compile Driver","floor":1},{"not_picked":["Barrage","Go for the Eyes"],"picked":"Streamline","floor":7},{"not_picked":["Sweeping Beam","Steam Power"],"picked":"Barrage","floor":8},{"not_picked":["Darkness","Buffer"],"picked":"Coolheaded","floor":10},{"not_picked":["Amplify","Darkness","Self Repair"],"picked":"SKIP","floor":13},{"not_picked":["Beam Cell","Stack"],"picked":"Conserve Battery","floor":14}],"player_experience":715578,"relics_obtained":[{"floor":9,"key":"Symbiotic Virus"},{"floor":13,"key":"Gremlin Horn"}],"event_choices":[{"damage_healed":0,"gold_gain":75,"player_choice":"Gather Gold","damage_taken":11,"max_hp_gain":0,"max_hp_loss":0,"event_name":"World of Goop","floor":2,"gold_loss":0},{"damage_healed":18,"gold_gain":0,"player_choice":"Healed","damage_taken":0,"max_hp_gain":0,"max_hp_loss":0,"event_name":"The Cleric","floor":3,"gold_loss":35},{"damage_healed":0,"gold_gain":0,"player_choice":"Ignored","damage_taken":0,"max_hp_gain":0,"max_hp_loss":0,"event_name":"Liars Game","floor":4,"gold_loss":0},{"damage_healed":0,"gold_gain":0,"player_choice":"Grow","damage_taken":0,"max_hp_gain":0,"max_hp_loss":0,"event_name":"Living Wall","floor":12,"gold_loss":0,"cards_upgraded":["Biased Cognition"]}],"is_beta":false,"boss_relics":[],"items_purged_floors":[5],"is_endless":false,"potions_floor_spawned":[7],"killed_by":"Slime Boss","ascension_level":13}