{"gold_per_floor":[114,114,114,128,128,159,171,70,94,94,119,119,131,41,41,138,138,153,153,164,193,211,211,225,225,277,277,296,296],"floor_reached":29,"playtime":1186,"items_purged":["Strike_B"],"score":293,"play_id":"34ed0a82-e6a7-49e2-9698-79eb6670948d","local_time":"20190410234706","is_ascension_mode":true,"campfire_choices":[{"data":"Gash","floor":10,"key":"SMITH"},{"floor":15,"key":"REST"},{"data":"Scrape","floor":23,"key":"SMITH"},{"floor":25,"key":"REST"}],"neow_cost":"NONE","seed_source_timestamp":31050637272566,"circlet_count":0,"master_deck":["Strike_B","Strike_B+1","Strike_B+1","Defend_B+1","Defend_B","Defend_B","Zap","Dualcast","Gash+1","Hologram","Ball Lightning","Beam Cell","Conserve Battery","Gash+1","Chaos","Scrape+1","Dramatic Entrance","Reboot","Ball Lightning+1","Scrape","Go for the Eyes","Gash+1","Conserve Battery"],"relics":["FrozenCore","Happy Flower","Whetstone","Bronze Scales","Gambling Chip","Red Mask","Anchor"],"potions_floor_usage":[0,11,11,11,21,22],"damage_taken":[{"damage":7,"enemies":"Small Slimes","floor":1,"turns":3},{"damage":0,"enemies":"2 Louse","floor":4,"turns":2},{"damage":32,"enemies":"Gremlin Nob","floor":6,"turns":4},{"damage":0,"enemies":"Cultist","floor":7,"turns":2},{"damage":17,"enemies":"Lagavulin","floor":11,"turns":4},{"damage":0,"enemies":"Exordium Thugs","floor":13,"turns":3},{"damage":42,"enemies":"The Guardian","floor":16,"turns":8},{"damage":0,"enemies":"Spheric Guardian","floor":18,"turns":3},{"damage":5,"enemies":"Shell Parasite","floor":20,"turns":4},{"damage":34,"enemies":"Masked Bandits","floor":21,"turns":4},{"damage":15,"enemies":"Centurion and Healer","floor":22,"turns":4},{"damage":6,"enemies":"Cultist and Chosen","floor":24,"turns":4},{"damage":2,"enemies":"Shelled Parasite and Fungi","floor":28,"turns":3},{"damage":37,"enemies":"Gremlin Leader","floor":29,"turns":4}],"seed_played":"-1916310136079024216","potions_obtained":[{"floor":0,"key":"Fruit Juice"},{"floor":0,"key":"Regen Potion"},{"floor":0,"key":"Strength Potion"},{"floor":4,"key":"Poison Potion"},{"floor":11,"key":"Energy Potion"},{"floor":16,"key":"EssenceOfSteel"},{"floor":18,"key":"EntropicBrew"},{"floor":21,"key":"SkillPotion"},{"floor":22,"key":"PowerPotion"},{"floor":24,"key":"SpeedPotion"}],"is_trial":false,"path_per_floor":["?","?","?","M","T","?","?","?"],"character_chosen":"DEFECT","items_purchased":["Gash","Dramatic Entrance"],"campfire_rested":2,"item_purchase_floors":[8,14],"current_hp_per_floor":[73,57,62,62,62,30,30,30,30,30,18,18,18,18,43,1,85,85,85,80,46,31,31,25,50,50,34,32,0],"gold":296,"neow_bonus":"THREE_SMALL_POTIONS","is_prod":false,"is_daily":false,"chose_seed":false,"campfire_upgraded":2,"win_rate":0,"timestamp":1554914826,"path_taken":["M","?","?","M","?","E","?","$","T","R","E","?","M","$","R","BOSS","M","?","M","?","M","R","M","R","T","?","M","E"],"build_version":"2019-01-23","purchased_purges":1,"victory":false,"max_hp_per_floor":[80,80,85,85,85,85,85,85,85,85,85,85,85,85,85,85,85,85,85,85,85,85,85,85,85,85,90,90,90],"card_choices":[{"not_picked":["Cold Snap","Barrage"],"picked":"Gash","floor":1},{"not_picked":["Compile Driver","Chaos"],"picked":"Hologram","floor":4},{"not_picked":["Thunder Strike","Sweeping Beam"],"picked":"Beam Cell","floor":6},{"not_picked":["Consume","Steam"],"picked":"Conserve Battery","floor":7},{"not_picked":["Loop","Compile Driver"],"picked":"Chaos","floor":11},{"not_picked":["Compile Driver","Beam Cell"],"picked":"Scrape","floor":13},{"not_picked":["Amplify","Meteor Strike"],"picked":"Reboot","floor":16},{"not_picked":["Consume","Rip and Tear","Force Field"],"picked":"SKIP","floor":18},{"not_picked":["Rebound","Redo"],"picked":"Ball Lightning+1","floor":20},{"not_picked":["Heatsinks+1","Loop"],"picked":"Scrape","floor":21},{"not_picked":["Sweeping Beam","Rebound"],"picked":"Go for the Eyes","floor":22},{"not_picked":["Hologram","Cold Snap"],"picked":"Gash+1","floor":24},{"not_picked":["Beam Cell","Turbo"],"picked":"Conserve Battery","floor":28}],"player_experience":188209,"relics_obtained":[{"floor":6,"key":"Happy Flower"},{"floor":9,"key":"Whetstone"},{"floor":11,"key":"Bronze Scales"},{"floor":12,"key":"Gambling Chip"},{"floor":21,"key":"Red Mask"},{"floor":26,"key":"Anchor"}],"event_choices":[{"damage_healed":0,"gold_gain":0,"player_choice":"Entered Light","damage_taken":16,"max_hp_gain":0,"max_hp_loss":0,"event_name":"Shining Light","floor":2,"gold_loss":0,"cards_upgraded":["Gash","Defend_B"]},{"damage_healed":0,"gold_gain":0,"player_choice":"Donut","damage_taken":0,"max_hp_gain":5,"max_hp_loss":0,"event_name":"Big Fish","floor":3,"gold_loss":0},{"damage_healed":0,"gold_gain":0,"cards_transformed":["Defend_B"],"player_choice":"Transformed","damage_taken":0,"max_hp_gain":0,"max_hp_loss":0,"event_name":"Transmorgrifier","floor":5,"gold_loss":0,"cards_obtained":["Ball Lightning"]},{"damage_healed":0,"gold_gain":0,"player_choice":"Ignored","damage_taken":0,"max_hp_gain":0,"max_hp_loss":0,"event_name":"Vampires","floor":19,"gold_loss":0},{"damage_healed":0,"gold_gain":0,"player_choice":"Fought Bandits","damage_taken":0,"max_hp_gain":0,"max_hp_loss":0,"event_name":"Masked Bandits","floor":21,"gold_loss":0},{"damage_healed":0,"gold_gain":0,"player_choice":"Shed Blood","damage_taken":21,"max_hp_gain":5,"max_hp_loss":0,"event_name":"Forgotten Altar","floor":27,"gold_loss":0}],"is_beta":false,"boss_relics":[{"not_picked":["Runic Pyramid","Velvet Choker"],"picked":"FrozenCore"}],"items_purged_floors":[8],"is_endless":false,"potions_floor_spawned":[4,11,16,18,21,22,24],"killed_by":"Gremlin Leader","ascension_level":3}