{"gold_per_floor":[110,126,136,136,136,136,170,170,170,189,38,38,38,63,63,183,183,206,50,66,86,14,14,14,14,39,39,39,83,97,120,120,245,245,270,284,131,149,168,168,3,22,48,173,191,227,251,267,267,267],"floor_reached":50,"playtime":2951,"items_purged":[],"score":571,"play_id":"72d8ebd2-0e0c-4320-82d9-205362504570","local_time":"20190317162305","is_ascension_mode":false,"campfire_choices":[{"data":"Consume","floor":6.0,"key":"SMITH"},{"data":"Zap","floor":8.0,"key":"SMITH"},{"data":"Reinforced Body","floor":13.0,"key":"SMITH"},{"data":"Dualcast","floor":15.0,"key":"SMITH"},{"data":"Defragment","floor":23.0,"key":"SMITH"},{"data":"Capacitor","floor":25.0,"key":"SMITH"},{"data":"Electrodynamics","floor":32.0,"key":"SMITH"},{"floor":40,"key":"RECALL"},{"floor":49,"key":"REST"}],"neow_cost":"NONE","seed_source_timestamp":0,"circlet_count":0,"master_deck":["Strike_B","Strike_B","Strike_B","Defend_B","Defend_B","Defend_B","Defend_B","Zap+1","Dualcast+1","Steam","Ball Lightning","Consume+1","Reinforced Body+1","Steam","Electrodynamics+1","Undo","Ball Lightning","Defragment+1","Auto Shields","Capacitor+1","Conserve Battery+1","Conserve Battery","Steam+1","Echo Form","Leap+1","Undo","Barrage+1","Defragment","Defragment","Loop","Static Discharge","Defragment","Defragment","BootSequence+1","Leap+1","Leap+1"],"special_seed":0,"relics":["Cracked Core","NeowsBlessing","Golden Idol","Orichalcum","Symbiotic Virus","Bag of Preparation","The Courier","Velvet Choker","Sling","Mercury Hourglass","Dodecahedron","Busted Crown","Membership Card","Bag of Marbles","Ice Cream","Art of War"],"potions_floor_usage":[50,50],"damage_taken":[{"damage":0.0,"enemies":"Cultist","floor":1.0,"turns":1.0},{"damage":0.0,"enemies":"Small Slimes","floor":2.0,"turns":1.0},{"damage":0.0,"enemies":"2 Louse","floor":3.0,"turns":1.0},{"damage":27.0,"enemies":"3 Sentries","floor":7.0,"turns":9.0},{"damage":1.0,"enemies":"Blue Slaver","floor":10.0,"turns":2.0},{"damage":0.0,"enemies":"Large Slime","floor":14.0,"turns":5.0},{"damage":25.0,"enemies":"The Guardian","floor":16.0,"turns":10.0},{"damage":0.0,"enemies":"3 Byrds","floor":18.0,"turns":2.0},{"damage":4.0,"enemies":"Shell Parasite","floor":20.0,"turns":5.0},{"damage":0.0,"enemies":"3 Cultists","floor":21.0,"turns":3.0},{"damage":12.0,"enemies":"Book of Stabbing","floor":29.0,"turns":5.0},{"damage":5.0,"enemies":"Snake Plant","floor":30.0,"turns":4.0},{"damage":0.0,"enemies":"Cultist and Chosen","floor":31.0,"turns":3.0},{"damage":14.0,"enemies":"Collector","floor":33.0,"turns":7.0},{"damage":2,"enemies":"Orb Walker","floor":35,"turns":2},{"damage":1,"enemies":"3 Darklings","floor":36,"turns":4},{"damage":6,"enemies":"Sphere and 2 Shapes","floor":38,"turns":6},{"damage":0,"enemies":"Maw","floor":39,"turns":7},{"damage":16,"enemies":"Spire Growth","floor":42,"turns":5},{"damage":0,"enemies":"Mind Bloom Boss Battle","floor":44,"turns":8},{"damage":29,"enemies":"Jaw Worm Horde","floor":45,"turns":5},{"damage":2,"enemies":"Nemesis","floor":46,"turns":7},{"damage":0,"enemies":"Transient","floor":47,"turns":5},{"damage":5,"enemies":"3 Darklings","floor":48,"turns":3},{"damage":48,"enemies":"Donu and Deca","floor":50,"turns":7}],"seed_played":"8100549339407283719","potions_obtained":[{"floor":2.0,"key":"Dexterity Potion"},{"floor":14.0,"key":"GamblersBrew"},{"floor":16.0,"key":"FearPotion"},{"floor":21.0,"key":"Energy Potion"},{"floor":30.0,"key":"Fruit Juice"},{"floor":33.0,"key":"SteroidPotion"},{"floor":38,"key":"Weak Potion"},{"floor":44,"key":"PowerPotion"}],"is_trial":false,"path_per_floor":["M","M","M","?","?","R","E","R","T","M","$","?","R","M","R","B",null,"M","$","M","M","$","R","?","R","T","?","T","E","M","M","R","B",null,"M","M","$","M","M","R","$","M","T","?","M","E","M","M","R","B"],"character_chosen":"DEFECT","items_purchased":["Bag of Preparation","Sling","Auto Shields","Dexterity Potion","Membership Card","Defragment","Defragment","Loop","Static Discharge","Defragment","Defragment"],"campfire_rested":1,"item_purchase_floors":[11,19,22,22,37,41,41,41,41,41,41],"current_hp_per_floor":[75,75,75,69,62,62,35,35,35,34,34,34,34,34,34,9,69,69,69,65,65,65,65,65,65,65,65,65,53,48,53,53,39,74,72,71,71,65,65,65,65,49,49,49,20,18,18,13,35,0],"gold":267,"neow_bonus":"THREE_ENEMY_KILL","is_prod":false,"is_daily":false,"chose_seed":false,"campfire_upgraded":7,"win_rate":0,"timestamp":1552850585,"path_taken":["M","M","?","?","?","R","E","R","T","M","?","?","R","M","R","BOSS","M","$","?","M","$","R","?","R","T","?","?","E","?","M","R","BOSS","M","M","$","?","M","R","$","M","T","?","M","E","M","M","R","BOSS"],"build_version":"2019-01-23","purchased_purges":0,"victory":false,"max_hp_per_floor":[75,75,75,69,69,69,69,69,69,69,69,69,69,69,69,69,69,69,69,69,69,69,69,69,69,69,69,69,69,69,74,74,74,74,74,74,74,74,74,74,74,74,74,74,74,74,74,74,74,74],"card_choices":[{"not_picked":["Force Field","Redo"],"picked":"Steam","floor":1.0},{"not_picked":["Tempest","Self Repair"],"picked":"Ball Lightning","floor":2.0},{"not_picked":["Compile Driver","Go for the Eyes"],"picked":"Consume","floor":3.0},{"not_picked":["Glacier","Hologram"],"picked":"Reinforced Body","floor":7.0},{"not_picked":["Fusion","Rebound"],"picked":"Steam","floor":10.0},{"not_picked":["Sweeping Beam","Compile Driver","Redo"],"picked":"SKIP","floor":14.0},{"not_picked":["Hyperbeam","Fission"],"picked":"Electrodynamics","floor":16.0},{"not_picked":["Consume+1","Barrage"],"picked":"Undo","floor":18.0},{"not_picked":["Gash","Redo+1"],"picked":"Ball Lightning","floor":20.0},{"not_picked":["Ball Lightning","Recycle"],"picked":"Defragment","floor":21.0},{"not_picked":["Turbo","Gash"],"picked":"Conserve Battery+1","floor":29.0},{"not_picked":["Cold Snap","FTL+1"],"picked":"Conserve Battery","floor":30.0},{"not_picked":["Steam Power","Sweeping Beam"],"picked":"Steam+1","floor":31.0},{"not_picked":["Machine Learning","Amplify"],"picked":"Echo Form","floor":33.0},{"not_picked":[],"picked":"Leap+1","floor":35},{"not_picked":["Redo+1"],"picked":"SKIP","floor":36},{"not_picked":[],"picked":"Undo","floor":38},{"not_picked":[],"picked":"Barrage+1","floor":39},{"not_picked":["Cold Snap"],"picked":"SKIP","floor":42},{"not_picked":[],"picked":"BootSequence+1","floor":45},{"not_picked":["Melter+1"],"picked":"SKIP","floor":46},{"not_picked":[],"picked":"Leap+1","floor":47},{"not_picked":[],"picked":"Leap+1","floor":48}],"player_experience":342221,"relics_obtained":[{"floor":7.0,"key":"Orichalcum"},{"floor":9.0,"key":"Symbiotic Virus"},{"floor":28.0,"key":"Mercury Hourglass"},{"floor":29.0,"key":"Dodecahedron"},{"floor":43,"key":"Bag of Marbles"},{"floor":44,"key":"Ice Cream"},{"floor":46,"key":"Art of War"}],"event_choices":[{"damage_healed":0.0,"max_hp_gain":0.0,"max_hp_loss":6.0,"gold_gain":0.0,"event_name":"Golden Idol","player_choice":"Lose Max HP","floor":4.0,"gold_loss":0.0,"damage_taken":0.0,"relics_obtained":["Golden Idol"]},{"cards_removed":["Strike_B"],"damage_healed":0.0,"max_hp_gain":0.0,"max_hp_loss":0.0,"gold_gain":0.0,"event_name":"Golden Wing","player_choice":"Card Removal","floor":5.0,"gold_loss":0.0,"damage_taken":7.0},{"damage_healed":0.0,"max_hp_gain":0.0,"max_hp_loss":0.0,"gold_gain":0.0,"event_name":"WeMeetAgain","player_choice":"Gave Potion","floor":12.0,"gold_loss":0.0,"damage_taken":0.0,"relics_obtained":["The Courier"]},{"damage_healed":0.0,"max_hp_gain":0.0,"max_hp_loss":0.0,"gold_gain":0.0,"event_name":"The Library","player_choice":"Read","floor":24.0,"gold_loss":0.0,"damage_taken":0.0,"cards_obtained":["Capacitor"]},{"damage_healed":0.0,"max_hp_gain":0.0,"max_hp_loss":0.0,"gold_gain":0.0,"event_name":"Vampires","player_choice":"Ignored","floor":27.0,"gold_loss":0.0,"damage_taken":0.0},{"damage_healed":0,"gold_gain":0,"player_choice":"Fight","damage_taken":0,"max_hp_gain":0,"max_hp_loss":0,"event_name":"MindBloom","floor":44,"gold_loss":0}],"is_beta":false,"boss_relics":[{"not_picked":["FrozenCore","Snecko Eye"],"picked":"Velvet Choker"},{"not_picked":["Lizard Tail","Astrolabe"],"picked":"Busted Crown"}],"items_purged_floors":[],"is_endless":false,"potions_floor_spawned":[2,14,16,21,29,30,33,36,38,39,44,47],"killed_by":"Donu and Deca","ascension_level":0}