{"path_per_floor":["M","M","?","M","?","E","M","R","T","?","$","T","E","M","R","B",null,"M","?","$","M","M","E","?","E","T","E","$","R","E","M","R"],"character_chosen":"IRONCLAD","items_purchased":["Searing Blow","Infernal Blade+1","Spot Weakness+1","Inflame","Blind+1","True Grit+1","Warcry+1"],"gold_per_floor":[20,35,35,54,54,93,114,114,114,114,37,37,68,84,84,205,205,224,224,43,46,62,101,101,136,185,212,50,50,84,99,99,99],"floor_reached":33,"campfire_rested":2,"playtime":1896,"item_purchase_floors":[11,20,20,20,28,28,28],"current_hp_per_floor":[80,80,64,70,50,29,29,29,29,29,29,29,31,33,57,33,80,83,83,83,66,51,45,45,34,46,28,28,57,60,67,67,0],"items_purged":[],"gold":99,"score":408,"play_id":"afc7e68e-98c5-4a79-b1a5-96712ffb0455","local_time":"20180624193015","is_prod":false,"is_daily":false,"chose_seed":false,"is_ascension_mode":false,"campfire_upgraded":2,"win_rate":0,"timestamp":1529893815,"campfire_choices":[{"data":"Sword Boomerang","floor":8,"key":"SMITH"},{"floor":15,"key":"REST"},{"floor":29,"key":"REST"},{"data":"Searing Blow","floor":32,"key":"SMITH"}],"path_taken":["M","M","?","?","?","E","M","R","T","?","$","?","E","M","R","BOSS","M","?","$","M","M","E","?","E","T","E","?","R","E","M","R","BOSS"],"build_version":"2018-06-21","seed_source_timestamp":814546453236700,"purchased_purges":0,"circlet_count":0,"victory":false,"master_deck":["Strike_R","Strike_R","Strike_R","Defend_R","Defend_R","Defend_R","Defend_R+1","Bash+1","Shrug It Off","Sword Boomerang+1","Thunderclap","Demon Form","Offering","Bash","Searing Blow+1","Flex+1","Headbutt","Feed","Heavy Blade+1","Spot Weakness+1","Infernal Blade+1","Spot Weakness+1","Inflame","Shrug It Off+1","Clothesline","Dual Wield+1","Flex+1","Metallicize","Blind+1","True Grit+1","Warcry+1","Limit Break+1","Blood for Blood+1"],"max_hp_per_floor":[80,80,80,80,80,80,80,80,80,80,80,80,80,80,80,80,80,83,83,83,86,89,89,89,89,96,99,99,99,99,99,99,99],"relics":["Burning Blood","Red Skull","Bloody Idol","Ancient Tea Set","Juzu Bracelet","Bottled Lightning","Toxic Egg 2","Empty Cage","Singing Bowl","Dead Branch","Strawberry","Bag of Marbles","Lantern"],"card_choices":[{"not_picked":["Anger","True Grit"],"picked":"Shrug It Off","floor":1},{"not_picked":["Reckless Charge","Anger","True Grit"],"picked":"SKIP","floor":2},{"not_picked":["Armaments","Warcry"],"picked":"Sword Boomerang","floor":4},{"not_picked":["Wild Strike","Bloodletting"],"picked":"Thunderclap","floor":6},{"not_picked":["Carnage","Sword Boomerang"],"picked":"Demon Form","floor":7},{"not_picked":["Juggernaut","Heavy Blade"],"picked":"Flex","floor":13},{"not_picked":["Anger","Clash"],"picked":"Headbutt","floor":14},{"not_picked":["Limit Break+1","Brutality"],"picked":"Feed","floor":16},{"not_picked":["Cleave","Rage+1"],"picked":"Heavy Blade+1","floor":18},{"not_picked":["Clash","Iron Wave"],"picked":"Shrug It Off+1","floor":21},{"not_picked":["Wild Strike","Perfected Strike"],"picked":"Clothesline","floor":22},{"not_picked":["Uppercut","Perfected Strike"],"picked":"Dual Wield+1","floor":23},{"not_picked":["Inflame","Disarm+1"],"picked":"Flex+1","floor":25},{"not_picked":["Body Slam","Barricade"],"picked":"Metallicize","floor":27},{"not_picked":["Flex+1","Whirlwind+1"],"picked":"Limit Break+1","floor":30},{"not_picked":["Cleave","Clash"],"picked":"Blood for Blood+1","floor":31}],"player_experience":189564,"potions_floor_usage":[6,7,16,30,30,33,33,33],"damage_taken":[{"damage":1,"enemies":"2 Louse","floor":1,"turns":3},{"damage":4,"enemies":"Small Slimes","floor":2,"turns":4},{"damage":0,"enemies":"Cultist","floor":4,"turns":3},{"damage":27,"enemies":"Gremlin Nob","floor":6,"turns":4},{"damage":6,"enemies":"Gremlin Gang","floor":7,"turns":3},{"damage":4,"enemies":"Lagavulin","floor":13,"turns":2},{"damage":4,"enemies":"Looter","floor":14,"turns":1},{"damage":30,"enemies":"The Guardian","floor":16,"turns":6},{"damage":4,"enemies":"Chosen","floor":18,"turns":3},{"damage":26,"enemies":"2 Thieves","floor":21,"turns":4},{"damage":24,"enemies":"Sentry and Sphere","floor":22,"turns":4},{"damage":12,"enemies":"Book of Stabbing","floor":23,"turns":3},{"damage":22,"enemies":"Gremlin Leader","floor":25,"turns":3},{"damage":32,"enemies":"Slavers","floor":27,"turns":3},{"damage":8,"enemies":"Book of Stabbing","floor":30,"turns":4},{"damage":4,"enemies":"Snake Plant","floor":31,"turns":1},{"damage":88,"enemies":"Collector","floor":33,"turns":5}],"relics_obtained":[{"floor":6,"key":"Ancient Tea Set"},{"floor":9,"key":"Juzu Bracelet"},{"floor":12,"key":"Bottled Lightning"},{"floor":13,"key":"Toxic Egg 2"},{"floor":23,"key":"Singing Bowl"},{"floor":25,"key":"Dead Branch"},{"floor":26,"key":"Strawberry"},{"floor":27,"key":"Bag of Marbles"},{"floor":30,"key":"Lantern"}],"event_choices":[{"event_name":"Shining Light","player_choice":"Entered Light","floor":3,"damage_taken":0},{"event_name":"Golden Idol","player_choice":"Take Damage","floor":5,"damage_taken":0},{"event_name":"Match and Keep!","player_choice":"2 cards matched","floor":10,"damage_taken":0},{"event_name":"Match and Keep!","player_choice":"2 cards matched","floor":10,"damage_taken":0},{"event_name":"The Library","player_choice":"Read","floor":19,"damage_taken":0},{"event_name":"Forgotten Altar","player_choice":"Gave Idol","floor":24,"damage_taken":0}],"boss_relics":[{"not_picked":["Tiny House","Fusion Hammer"],"picked":"Empty Cage"}],"items_purged_floors":[],"is_endless":true,"potions_floor_spawned":[2,6,13,21,23,27,30,31],"seed_played":"8117027959033090704","killed_by":"Collector","ascension_level":0,"potions_obtained":[{"floor":2,"key":"FearPotion"},{"floor":6,"key":"Strength Potion"},{"floor":13,"key":"SkillPotion"},{"floor":21,"key":"Swift Potion"},{"floor":23,"key":"LiquidBronze"},{"floor":27,"key":"Ancient Potion"},{"floor":30,"key":"Energy Potion"},{"floor":31,"key":"Ancient Potion"}],"is_trial":false}