{"path_per_floor":["M","?","?","M","$","R","E","R","T","M","?","M","M","M","R","B",null,"M","?","?","?","$","E","M"],"character_chosen":"DEFECT","items_purchased":["Self Repair","Defragment","White Noise"],"gold_per_floor":[109,184,184,201,59,59,84,84,84,99,99,112,136,156,156,284,284,279,194,194,194,78,119,140,140],"floor_reached":25,"campfire_rested":1,"playtime":2088,"item_purchase_floors":[5,22,22],"current_hp_per_floor":[67,56,56,56,56,56,31,31,31,38,21,26,28,20,40,14,68,44,44,44,44,44,16,16,0],"items_purged":["Strike_B"],"gold":140,"score":232,"play_id":"24a4b241-60f1-41d8-9a0c-1bf83b650292","local_time":"20180602210651","is_prod":false,"is_daily":false,"chose_seed":false,"is_ascension_mode":true,"campfire_upgraded":2,"win_rate":0.0,"timestamp":1527988011,"campfire_choices":[{"data":"Genetic Algorithm","floor":6,"key":"SMITH"},{"data":"Dualcast","floor":8,"key":"SMITH"},{"floor":15,"key":"REST"}],"path_taken":["M","?","?","M","?","R","E","R","T","?","?","M","M","M","R","BOSS","M","?","?","?","$","E","M","E"],"build_version":"2018-05-31","seed_source_timestamp":521825944854951,"purchased_purges":1,"victory":false,"master_deck":["Zap","Dualcast+1","Genetic Algorithm+1","Self Repair","Rebound","Cold Snap","Reprogram","Skim","Meteor Strike","Steam","Rebound","Melter","Sunder","Genetic Algorithm","Hologram","Redo","White Noise","Capacitor","Writhe","Defragment","White Noise","Loop+1","Loop+1"],"max_hp_per_floor":[68,68,68,68,68,68,68,68,68,68,68,68,68,68,68,68,68,68,68,68,68,68,68,68,68],"relics":["Cracked Core","Du-Vu Doll","Gremlin Horn","Matryoshka","Golden Idol","Pandora\u0027s Box","Letter Opener","Happy Flower","Bronze Scales"],"card_choices":[{"not_picked":["Conserve Battery","Compile Driver"],"picked":"Genetic Algorithm","floor":1},{"not_picked":["Sweeping Beam","Barrage","Steam"],"picked":"SKIP","floor":4},{"not_picked":["Darkness","Lockon"],"picked":"Rebound","floor":7},{"not_picked":["Reprogram","Biased Cognition"],"picked":"Cold Snap","floor":10},{"not_picked":["Streamline","Glacier"],"picked":"Reprogram","floor":12},{"not_picked":["Streamline","Stack"],"picked":"Skim","floor":13},{"not_picked":["Cold Snap","Gash","Compile Driver"],"picked":"SKIP","floor":14},{"not_picked":["Seek","All For One"],"picked":"Meteor Strike","floor":16},{"not_picked":["Go for the Eyes","Genetic Algorithm"],"picked":"White Noise","floor":18},{"not_picked":["Leap","Beam Cell"],"picked":"Loop+1","floor":23},{"not_picked":["Genetic Algorithm","Turbo"],"picked":"Loop+1","floor":24}],"player_experience":471229,"potions_floor_usage":[14,16,16,16,23,25],"damage_taken":[{"damage":1,"enemies":"Cultist","floor":1,"turns":3},{"damage":0,"enemies":"Jaw Worm","floor":4,"turns":5},{"damage":32,"enemies":"Lagavulin","floor":7,"turns":8},{"damage":0,"enemies":"2 Louse","floor":10,"turns":2},{"damage":2,"enemies":"2 Fungi Beasts","floor":12,"turns":3},{"damage":5,"enemies":"Large Slime","floor":13,"turns":4},{"damage":15,"enemies":"Looter","floor":14,"turns":3},{"damage":33,"enemies":"Slime Boss","floor":16,"turns":12},{"damage":31,"enemies":"2 Thieves","floor":18,"turns":4},{"damage":35,"enemies":"Gremlin Leader","floor":23,"turns":7},{"damage":0,"enemies":"Spheric Guardian","floor":24,"turns":2},{"damage":19,"enemies":"Book of Stabbing","floor":25,"turns":4}],"relics_obtained":[{"floor":7,"key":"Gremlin Horn"},{"floor":9,"key":"Matryoshka"},{"floor":23,"key":"Bronze Scales"}],"event_choices":[{"event_name":"World of Goop","player_choice":"Gather Gold","floor":2,"damage_taken":0},{"event_name":"The Lab","player_choice":"Got Potions","floor":3,"damage_taken":0},{"event_name":"Golden Idol","player_choice":"Take Damage","floor":11,"damage_taken":0},{"event_name":"Addict","player_choice":"Obtained Relic","floor":19,"damage_taken":0},{"event_name":"The Library","player_choice":"Read","floor":20,"damage_taken":0},{"event_name":"The Mausoleum","player_choice":"Yes","floor":21,"damage_taken":0}],"boss_relics":[{"not_picked":["Velvet Choker","Runic Dome"],"picked":"Pandora\u0027s Box"}],"items_purged_floors":[5],"potions_floor_spawned":[1,12,13,14,18,23],"seed_played":"4593323953101968085","killed_by":"Book of Stabbing","ascension_level":1,"potions_obtained":[{"floor":1,"key":"SteroidPotion"},{"floor":3,"key":"SteroidPotion"},{"floor":3,"key":"LiquidBronze"},{"floor":12,"key":"Dexterity Potion"},{"floor":14,"key":"LiquidBronze"},{"floor":18,"key":"Block Potion"},{"floor":23,"key":"Weak Potion"}],"is_trial":false}