{"gold_per_floor":[114,34,45,10,10,41,56,85,158,168,168,186,78,98,98,194,194,207,207,207,222,239,264,150,168,168,168,168],"floor_reached":28,"playtime":1545,"items_purged":["Defend_B"],"score":275,"play_id":"753e1fa8-e5c3-421d-aec9-16f7e4ceeeed","local_time":"20181220200026","is_ascension_mode":false,"campfire_choices":[{"floor":11,"key":"REST"},{"floor":15,"key":"RECALL"}],"neow_cost":"NONE","seed_source_timestamp":454250086773403,"circlet_count":0,"master_deck":["Strike_B","Strike_B","Strike_B","Strike_B","Defend_B","Defend_B","Zap","Dualcast","Hologram","Storm","Coolheaded","Conserve Battery","Scrape","Glacier","Beam Cell","Aggregate","Cold Snap","Tempest","Loop","Hologram","Rainbow","Hologram","RitualDagger","Compile Driver+1","Rebound","Coolheaded","Capacitor","Streamline+1"],"relics":["Cracked Core","NeowsBlessing","FossilizedHelix","Happy Flower","Sozu","Bronze Scales","Strawberry","Nunchaku"],"potions_floor_usage":[8,16,22],"damage_taken":[{"damage":0,"enemies":"Small Slimes","floor":1,"turns":1},{"damage":0,"enemies":"Jaw Worm","floor":3,"turns":1},{"damage":0,"enemies":"3 Sentries","floor":6,"turns":1},{"damage":0,"enemies":"Cultist","floor":7,"turns":3},{"damage":13,"enemies":"Gremlin Nob","floor":8,"turns":5},{"damage":17,"enemies":"Exordium Thugs","floor":10,"turns":6},{"damage":0,"enemies":"2 Fungi Beasts","floor":12,"turns":4},{"damage":0,"enemies":"Exordium Wildlife","floor":14,"turns":4},{"damage":35,"enemies":"Hexaghost","floor":16,"turns":16},{"damage":0,"enemies":"Chosen","floor":18,"turns":4},{"damage":6,"enemies":"Shell Parasite","floor":21,"turns":5},{"damage":8,"enemies":"3 Cultists","floor":22,"turns":6},{"damage":47,"enemies":"Gremlin Leader","floor":23,"turns":8},{"damage":0,"enemies":"Snake Plant","floor":25,"turns":4},{"damage":22,"enemies":"Snecko","floor":28,"turns":3}],"seed_played":"5930208108869753723","potions_obtained":[{"floor":6,"key":"FocusPotion"},{"floor":7,"key":"Explosive Potion"},{"floor":10,"key":"EssenceOfSteel"}],"is_trial":false,"path_per_floor":["M","$","M","?","?","E","M","E","T","M","R","M","$","M","R","B",null,"M","?","T","M","M","E","$","M","T","?","M"],"character_chosen":"DEFECT","items_purchased":["Storm","Coolheaded","Tempest","Loop","Capacitor"],"campfire_rested":1,"item_purchase_floors":[2,2,13,13,24],"current_hp_per_floor":[75,75,75,75,75,75,75,62,62,45,67,67,67,67,67,32,75,75,69,69,63,55,15,15,15,15,15,0],"gold":168,"neow_bonus":"THREE_ENEMY_KILL","is_prod":false,"is_daily":false,"chose_seed":false,"campfire_upgraded":0,"win_rate":0,"timestamp":1545361226,"path_taken":["M","$","M","?","?","E","?","E","T","?","R","M","?","M","R","BOSS","M","?","?","M","M","E","?","M","T","?","?"],"build_version":"2018-12-19","purchased_purges":1,"victory":false,"max_hp_per_floor":[75,75,75,75,75,75,75,75,75,75,75,75,75,75,75,75,75,75,75,75,75,75,82,82,82,82,82,82],"card_choices":[{"not_picked":["Barrage","Turbo"],"picked":"Hologram","floor":1},{"not_picked":["Turbo","Sweeping Beam"],"picked":"Conserve Battery","floor":3},{"not_picked":["Hologram","Rip and Tear"],"picked":"Scrape","floor":6},{"not_picked":["Double Energy","Cold Snap"],"picked":"Glacier","floor":7},{"not_picked":["Steam","Gash"],"picked":"Beam Cell","floor":8},{"not_picked":["Gash","Fusion"],"picked":"Aggregate","floor":10},{"not_picked":["Biased Cognition","Reprogram"],"picked":"Cold Snap","floor":12},{"not_picked":["Reprogram","Turbo"],"picked":"Hologram","floor":14},{"not_picked":["All For One","Thunder Strike"],"picked":"Rainbow","floor":16},{"not_picked":["Barrage","Rip and Tear"],"picked":"Hologram","floor":18},{"not_picked":["Turbo","Fusion"],"picked":"Compile Driver+1","floor":21},{"not_picked":["Streamline","Darkness"],"picked":"Rebound","floor":22},{"not_picked":["Barrage","Auto Shields"],"picked":"Coolheaded","floor":23},{"not_picked":["Doom and Gloom","Steam"],"picked":"Streamline+1","floor":25}],"player_experience":266567,"relics_obtained":[{"floor":6,"key":"FossilizedHelix"},{"floor":8,"key":"Happy Flower"},{"floor":20,"key":"Bronze Scales"},{"floor":23,"key":"Strawberry"},{"floor":26,"key":"Nunchaku"}],"event_choices":[{"damage_healed":18,"gold_gain":0,"player_choice":"Healed","damage_taken":0,"max_hp_gain":0,"max_hp_loss":0,"event_name":"The Cleric","floor":4,"gold_loss":35},{"cards_removed":["Defend_B"],"damage_healed":0,"gold_gain":0,"player_choice":"Forget","damage_taken":0,"max_hp_gain":0,"max_hp_loss":0,"event_name":"Living Wall","floor":5,"gold_loss":0},{"damage_healed":0,"gold_gain":0,"player_choice":"Joined the Cult","damage_taken":6,"max_hp_gain":0,"max_hp_loss":0,"event_name":"Nest","floor":19,"gold_loss":0,"cards_obtained":["RitualDagger"]},{"damage_healed":0,"gold_gain":0,"player_choice":"Got Potions","damage_taken":0,"max_hp_gain":0,"max_hp_loss":0,"event_name":"Lab","floor":27,"gold_loss":0}],"is_beta":true,"boss_relics":[{"not_picked":["Astrolabe","Ectoplasm"],"picked":"Sozu"}],"items_purged_floors":[24],"is_endless":false,"potions_floor_spawned":[6,7,10,22,25],"killed_by":"Snecko","ascension_level":0}