{"path_per_floor":["M","?","?","M","M","E","M","R","T","E","?","M","?","M","R"],"character_chosen":"IRONCLAD","items_purchased":[],"gold_per_floor":[119,119,194,219,233,277,292,292,292,331,331,349,349,368,368,368],"floor_reached":16,"campfire_rested":1,"playtime":859,"item_purchase_floors":[],"current_hp_per_floor":[80,60,49,49,55,47,49,49,49,52,52,51,26,24,48,0],"items_purged":[],"gold":368,"score":112,"play_id":"3eed47b7-d1dc-4ae8-ab56-a76bef3af515","local_time":"20180616172343","is_prod":false,"is_daily":false,"chose_seed":false,"is_ascension_mode":false,"campfire_upgraded":1,"win_rate":0,"timestamp":1529195023,"campfire_choices":[{"data":"Shrug It Off","floor":8,"key":"SMITH"},{"floor":15,"key":"REST"}],"path_taken":["M","?","?","M","M","E","?","R","T","E","?","M","?","M","R","BOSS"],"build_version":"2018-06-14v2","seed_source_timestamp":116792658345049,"purchased_purges":0,"victory":false,"master_deck":["Strike_R","Strike_R","Strike_R","Strike_R","Strike_R","Defend_R","Defend_R","Defend_R","Bash+1","Headbutt","Shrug It Off+1","Flame Barrier","Impervious","Cleave","Dropkick","Ghostly Armor"],"max_hp_per_floor":[80,80,80,80,80,80,80,80,80,80,80,80,80,80,80,80],"relics":["Burning Blood","Golden Idol","Art of War","Darkstone Periapt","Turnip","Bag of Preparation"],"card_choices":[{"not_picked":["Armaments","Evolve"],"picked":"Headbutt","floor":1},{"not_picked":["Heavy Blade","Flame Barrier"],"picked":"Shrug It Off","floor":4},{"not_picked":["Twin Strike","Armaments"],"picked":"Flame Barrier","floor":5},{"not_picked":["Heavy Blade","Armaments"],"picked":"Impervious","floor":6},{"not_picked":["Ghostly Armor","Dual Wield"],"picked":"Cleave","floor":7},{"not_picked":["Burning Pact","Body Slam"],"picked":"Dropkick","floor":10},{"not_picked":["Evolve","Perfected Strike","Second Wind"],"picked":"SKIP","floor":12},{"not_picked":["True Grit","Sword Boomerang"],"picked":"Ghostly Armor","floor":14}],"player_experience":162035,"potions_floor_usage":[6,10,16],"damage_taken":[{"damage":1,"enemies":"2 Louse","floor":1,"turns":4},{"damage":6,"enemies":"Jaw Worm","floor":4,"turns":4},{"damage":0,"enemies":"Small Slimes","floor":5,"turns":4},{"damage":14,"enemies":"Lagavulin","floor":6,"turns":5},{"damage":4,"enemies":"Exordium Thugs","floor":7,"turns":8},{"damage":3,"enemies":"3 Sentries","floor":10,"turns":6},{"damage":7,"enemies":"Blue Slaver","floor":12,"turns":2},{"damage":8,"enemies":"Red Slaver","floor":14,"turns":3},{"damage":54,"enemies":"Slime Boss","floor":16,"turns":15}],"relics_obtained":[{"floor":6,"key":"Art of War"},{"floor":9,"key":"Darkstone Periapt"},{"floor":10,"key":"Turnip"}],"event_choices":[{"event_name":"Golden Idol","player_choice":"Take Damage","floor":2,"damage_taken":0},{"event_name":"World of Goop","player_choice":"Gather Gold","floor":3,"damage_taken":0},{"event_name":"Upgrade Shrine","player_choice":"Upgraded","floor":11,"damage_taken":0},{"event_name":"Scrap Ooze","player_choice":"success","floor":13,"damage_taken":25}],"boss_relics":[],"items_purged_floors":[],"is_endless":true,"potions_floor_spawned":[5,7,14],"seed_played":"-3780377309159839870","killed_by":"Slime Boss","ascension_level":0,"potions_obtained":[{"floor":5,"key":"PowerPotion"},{"floor":7,"key":"AttackPotion"},{"floor":14,"key":"Weak Potion"}],"is_trial":false}