{"gold_per_floor":[115,127,52,72,92,92,119,119,173,208,208,383,383,398,398,500,500,512,437,23,123,123,149,167,167,248,283,283,383,395,428,428,525,525,541,541,554,569,569,604,604,624,702,448,448,466,140,156,156,156],"floor_reached":51,"playtime":3836,"items_purged":["Doubt","Defend_B","Defend_B"],"score":986,"play_id":"b6473a37-d50c-4253-ac8b-544f4eb0db7d","local_time":"20190419212631","is_ascension_mode":true,"campfire_choices":[{"data":"Zap","floor":6,"key":"SMITH"},{"data":"Go for the Eyes","floor":8,"key":"SMITH"},{"data":"Dualcast","floor":13,"key":"SMITH"},{"floor":15,"key":"REST"},{"data":"Coolheaded","floor":25,"key":"SMITH"},{"data":"Reboot","floor":28,"key":"SMITH"},{"data":"Master of Strategy","floor":32,"key":"SMITH"},{"floor":41,"key":"REST"},{"data":"Seek","floor":45,"key":"SMITH"},{"data":"Trip","floor":49,"key":"SMITH"}],"neow_cost":"CURSE","seed_source_timestamp":271534327213325,"circlet_count":0,"master_deck":["Defend_B","Defend_B","Zap+1","Dualcast+1","Go for the Eyes+1","Reinforced Body+1","Auto Shields","Hologram","Streamline+1","Self Repair","Coolheaded+1","Reboot+1","Conserve Battery","Master of Strategy+1","Finesse","Bite+1","Bite+1","Bite+1","Bite+1","Bite+1","FTL+1","Beam Cell+1","Ball Lightning+1","Leap+1","Seek+1","Coolheaded+1","Finesse","Trip+1","Glacier+1"],"relics":["Cracked Core","Mango","Molten Egg 2","Ancient Tea Set","Juzu Bracelet","Nuclear Battery","DataDisk","StoneCalendar","Bottled Flame","Mercury Hourglass","Turnip","Bottled Tornado","Shuriken","Philosopher\u0027s Stone","Oddly Smooth Stone","Gremlin Horn","Strawberry","Runic Capacitor"],"potions_floor_usage":[7,16],"damage_taken":[{"damage":0,"enemies":"Small Slimes","floor":1,"turns":3},{"damage":2,"enemies":"2 Louse","floor":2,"turns":2},{"damage":0,"enemies":"Cultist","floor":4,"turns":3},{"damage":3,"enemies":"Blue Slaver","floor":5,"turns":5},{"damage":30,"enemies":"3 Sentries","floor":7,"turns":10},{"damage":3,"enemies":"Lagavulin","floor":10,"turns":8},{"damage":0,"enemies":"2 Fungi Beasts","floor":14,"turns":3},{"damage":32,"enemies":"Slime Boss","floor":16,"turns":14},{"damage":25,"enemies":"2 Thieves","floor":18,"turns":5},{"damage":16,"enemies":"Book of Stabbing","floor":23,"turns":7},{"damage":14,"enemies":"3 Byrds","floor":24,"turns":4},{"damage":1,"enemies":"Gremlin Leader","floor":27,"turns":5},{"damage":8,"enemies":"Colosseum Slavers","floor":29,"turns":3},{"damage":0,"enemies":"Colosseum Nobs","floor":29,"turns":3},{"damage":22,"enemies":"Shelled Parasite and Fungi","floor":30,"turns":4},{"damage":21,"enemies":"Book of Stabbing","floor":31,"turns":4},{"damage":22,"enemies":"Champ","floor":33,"turns":9},{"damage":0,"enemies":"Orb Walker","floor":35,"turns":2},{"damage":9,"enemies":"3 Darklings","floor":37,"turns":3},{"damage":13,"enemies":"Spire Growth","floor":38,"turns":5},{"damage":51,"enemies":"Giant Head","floor":40,"turns":8},{"damage":0,"enemies":"Writhing Mass","floor":42,"turns":6},{"damage":13,"enemies":"Sphere and 2 Shapes","floor":46,"turns":4},{"damage":0,"enemies":"Transient","floor":48,"turns":5},{"damage":14,"enemies":"Awakened One","floor":50,"turns":12}],"seed_played":"-2976775927607568","potions_obtained":[{"floor":2,"key":"Dexterity Potion"},{"floor":4,"key":"Dexterity Potion"},{"floor":5,"key":"SkillPotion"},{"floor":10,"key":"Poison Potion"},{"floor":18,"key":"SpeedPotion"},{"floor":30,"key":"Strength Potion"}],"is_trial":false,"path_per_floor":["?","?","?","?","?","?","?","?"],"character_chosen":"DEFECT","items_purchased":["DataDisk","Master of Strategy","Finesse","Strawberry","Runic Capacitor"],"campfire_rested":2,"item_purchase_floors":[20,20,20,44,47],"current_hp_per_floor":[82,80,80,80,77,77,47,47,47,44,26,26,26,26,52,20,72,54,54,54,54,54,54,55,55,55,62,62,62,59,50,50,57,61,62,52,62,62,62,27,45,62,62,69,69,69,69,69,69,68],"gold":156,"neow_bonus":"ONE_RARE_RELIC","is_prod":false,"is_daily":false,"chose_seed":false,"campfire_upgraded":8,"win_rate":0,"timestamp":1555683991,"path_taken":["M","M","$","M","M","R","E","R","T","E","?","?","R","M","R","BOSS","M","?","$","?","?","E","M","R","T","E","R","?","M","E","R","BOSS","M","?","M","M","?","E","R","M","T","$","R","M","$","M","R","BOSS"],"build_version":"2019-01-23","purchased_purges":3,"victory":true,"max_hp_per_floor":[89,89,89,89,89,89,89,89,89,89,89,89,89,89,89,89,89,89,89,89,89,62,62,62,62,62,62,62,62,62,62,62,62,62,62,62,62,62,62,62,62,62,62,69,69,69,69,69,69,69],"card_choices":[{"not_picked":["Beam Cell","Sweeping Beam"],"picked":"Go for the Eyes","floor":1},{"not_picked":["Scrape","Reprogram"],"picked":"Reinforced Body","floor":2},{"not_picked":["Barrage","Rip and Tear"],"picked":"Auto Shields","floor":4},{"not_picked":["Barrage","Beam Cell"],"picked":"Hologram","floor":5},{"not_picked":["Go for the Eyes","Barrage"],"picked":"Streamline","floor":7},{"not_picked":["Hologram","Compile Driver+1"],"picked":"Self Repair","floor":10},{"not_picked":["Biased Cognition","Steam Power"],"picked":"Coolheaded","floor":14},{"not_picked":["Meteor Strike+1","Thunder Strike+1"],"picked":"Reboot","floor":16},{"not_picked":["Lockon+1","Storm"],"picked":"Conserve Battery","floor":18},{"not_picked":["Doom and Gloom+1","Self Repair"],"picked":"FTL+1","floor":23},{"not_picked":["Sunder+1","Streamline+1"],"picked":"Beam Cell+1","floor":24},{"not_picked":["Streamline+1","Ball Lightning+1","Turbo+1"],"picked":"SKIP","floor":27},{"not_picked":["Consume","Recycle"],"picked":"Ball Lightning+1","floor":29},{"not_picked":["Force Field","Double Energy+1"],"picked":"Leap+1","floor":30},{"not_picked":["Compile Driver+1","Chill","Gash+1"],"picked":"SKIP","floor":31},{"not_picked":["Biased Cognition","Amplify"],"picked":"Seek","floor":33},{"not_picked":["Cold Snap+1","Turbo+1"],"picked":"Coolheaded+1","floor":35},{"not_picked":["Dark Shackles","Deep Breath"],"picked":"Finesse","floor":36},{"not_picked":["Bandage Up","Good Instincts"],"picked":"Trip","floor":36},{"not_picked":["Beam Cell+1","Go for the Eyes+1","Redo"],"picked":"SKIP","floor":37},{"not_picked":["Scrape+1","Consume+1","Steam"],"picked":"SKIP","floor":38},{"not_picked":["Genetic Algorithm","Aggregate","Streamline+1"],"picked":"SKIP","floor":40},{"not_picked":["Static Discharge","Darkness+1"],"picked":"Glacier+1","floor":42},{"not_picked":["Go for the Eyes+1","Turbo","Steam+1"],"picked":"SKIP","floor":46},{"not_picked":["Recycle","Lockon+1","Fusion+1"],"picked":"SKIP","floor":48}],"player_experience":270590,"relics_obtained":[{"floor":7,"key":"Molten Egg 2"},{"floor":9,"key":"Ancient Tea Set"},{"floor":10,"key":"Juzu Bracelet"},{"floor":23,"key":"StoneCalendar"},{"floor":26,"key":"Bottled Flame"},{"floor":27,"key":"Mercury Hourglass"},{"floor":29,"key":"Turnip"},{"floor":29,"key":"Bottled Tornado"},{"floor":31,"key":"Shuriken"},{"floor":40,"key":"Oddly Smooth Stone"},{"floor":43,"key":"Gremlin Horn"}],"event_choices":[{"damage_healed":0,"gold_gain":0,"player_choice":"Entered Light","damage_taken":18,"max_hp_gain":0,"max_hp_loss":0,"event_name":"Shining Light","floor":11,"gold_loss":0,"cards_upgraded":["Reinforced Body","Strike_B"]},{"damage_healed":0,"gold_gain":175,"player_choice":"AGREE","damage_taken":0,"max_hp_gain":0,"max_hp_loss":0,"event_name":"Liars Game","floor":12,"gold_loss":0,"cards_obtained":["Doubt"]},{"cards_removed":["Doubt"],"damage_healed":0,"gold_gain":0,"player_choice":"Gave Gold","damage_taken":0,"max_hp_gain":0,"max_hp_loss":0,"event_name":"Beggar","floor":19,"gold_loss":75},{"damage_healed":0,"gold_gain":100,"player_choice":"Pray","damage_taken":0,"max_hp_gain":0,"max_hp_loss":0,"event_name":"Golden Shrine","floor":21,"gold_loss":0},{"damage_healed":0,"gold_gain":0,"player_choice":"Became a vampire","damage_taken":0,"max_hp_gain":0,"max_hp_loss":27,"event_name":"Vampires","floor":22,"gold_loss":0,"cards_obtained":["Bite","Bite","Bite","Bite","Bite"]},{"damage_healed":0,"gold_gain":0,"player_choice":"Fight","damage_taken":0,"max_hp_gain":0,"max_hp_loss":0,"event_name":"Colosseum","floor":29,"gold_loss":0},{"damage_healed":0,"gold_gain":0,"player_choice":"Fought Nobs","damage_taken":0,"max_hp_gain":0,"max_hp_loss":0,"event_name":"Colosseum","floor":29,"gold_loss":0},{"damage_healed":0,"gold_gain":0,"player_choice":"Memory 3","damage_taken":10,"max_hp_gain":0,"max_hp_loss":0,"event_name":"SensoryStone","floor":36,"gold_loss":0},{"damage_healed":0,"gold_gain":0,"player_choice":"Ignored","damage_taken":0,"max_hp_gain":0,"max_hp_loss":0,"event_name":"Tomb of Lord Red Mask","floor":39,"gold_loss":0}],"is_beta":false,"boss_relics":[{"not_picked":["Snecko Eye","Coffee Dripper"],"picked":"Nuclear Battery"},{"not_picked":["Runic Dome","White Beast Statue"],"picked":"Philosopher\u0027s Stone"}],"items_purged_floors":[3,44,47],"is_endless":false,"potions_floor_spawned":[2,4,5,10,18,29,30,31,37,38,42,46,48],"ascension_level":7}