{"gold_per_floor":[118,118,118,118,4,4,43,58,83,83,96,61,61,94,94,94],"floor_reached":16,"playtime":309,"items_purged":[],"score":262,"play_id":"18a38e4b-f6f2-410b-8762-ddaaf24f7125","local_time":"20190116143702","is_ascension_mode":true,"campfire_choices":[{"data":"Caltrops","floor":6,"key":"SMITH"},{"data":"Dagger Spray","floor":13,"key":"SMITH"},{"floor":15,"key":"REST"}],"neow_cost":"NONE","seed_source_timestamp":599517195544095,"circlet_count":0,"master_deck":["AscendersBane","Defend_G","Defend_G","Defend_G","Defend_G","Defend_G","Strike_G","Strike_G","Strike_G","Strike_G","Strike_G","Survivor","Neutralize+1","Caltrops+1","Backflip","Dagger Spray+1","Leg Sweep"],"relics":["Ring of the Snake","NeowsBlessing","Happy Flower","Golden Idol","The Courier","Potion Belt","Matryoshka"],"potions_floor_usage":[8,14,16,16],"damage_taken":[{"damage":0,"enemies":"Jaw Worm","floor":1,"turns":1},{"damage":0,"enemies":"3 Sentries","floor":7,"turns":2},{"damage":0,"enemies":"Small Slimes","floor":8,"turns":1},{"damage":2,"enemies":"2 Louse","floor":11,"turns":2},{"damage":31,"enemies":"Gremlin Nob","floor":14,"turns":5},{"damage":32,"enemies":"Slime Boss","floor":16,"turns":9}],"seed_played":"-3096348314194014844","potions_obtained":[{"floor":1,"key":"SteroidPotion"},{"floor":8,"key":"GhostInAJar"},{"floor":11,"key":"Strength Potion"}],"is_trial":false,"path_per_floor":["M","?","?","?","$","R","E","M","T","?","M","?","R","E","R","B"],"character_chosen":"THE_SILENT","items_purchased":["Fruit Juice"],"campfire_rested":1,"item_purchase_floors":[5],"current_hp_per_floor":[59,24,24,24,24,24,24,29,29,29,27,43,43,12,31,0],"gold":94,"neow_bonus":"THREE_ENEMY_KILL","is_prod":false,"is_daily":false,"chose_seed":false,"campfire_upgraded":2,"win_rate":0,"timestamp":1547645822,"path_taken":["M","?","?","?","?","R","E","?","T","?","M","?","R","E","R","BOSS"],"build_version":"2019-01-10","purchased_purges":0,"victory":false,"max_hp_per_floor":[66,66,60,60,60,60,60,65,65,65,65,65,65,65,65,65],"card_choices":[{"not_picked":["Concentrate","Acrobatics"],"picked":"Caltrops","floor":1},{"not_picked":["Flechettes","Prepared","Slice"],"picked":"SKIP","floor":7},{"not_picked":["Accuracy","Deflect"],"picked":"Backflip","floor":8},{"not_picked":["Slice","Backflip"],"picked":"Dagger Spray","floor":11},{"not_picked":["Backflip","Deflect"],"picked":"Leg Sweep","floor":14}],"player_experience":1210369,"relics_obtained":[{"floor":7,"key":"The Courier"},{"floor":9,"key":"Potion Belt"},{"floor":14,"key":"Matryoshka"}],"event_choices":[{"damage_healed":0,"gold_gain":0,"player_choice":"Success","damage_taken":35,"relics_obtained":["Happy Flower"],"max_hp_gain":0,"max_hp_loss":0,"event_name":"Scrap Ooze","floor":2,"gold_loss":0},{"damage_healed":0,"gold_gain":0,"player_choice":"Lose Max HP","damage_taken":0,"relics_obtained":["Golden Idol"],"max_hp_gain":0,"max_hp_loss":6,"event_name":"Golden Idol","floor":3,"gold_loss":0},{"damage_healed":0,"gold_gain":0,"player_choice":"Grow","damage_taken":0,"max_hp_gain":0,"max_hp_loss":0,"event_name":"Living Wall","floor":4,"gold_loss":0,"cards_upgraded":["Neutralize"]},{"damage_healed":0,"gold_gain":0,"player_choice":"Ignored","damage_taken":0,"max_hp_gain":0,"max_hp_loss":0,"event_name":"Golden Wing","floor":10,"gold_loss":0},{"damage_healed":16,"gold_gain":0,"player_choice":"Healed","damage_taken":0,"max_hp_gain":0,"max_hp_loss":0,"event_name":"The Cleric","floor":12,"gold_loss":35}],"is_beta":false,"boss_relics":[],"items_purged_floors":[],"is_endless":false,"potions_floor_spawned":[1,8,11],"killed_by":"Slime Boss","ascension_level":20}