{"gold_per_floor":[118,43,57,57,73,73,105,180,227,246,25,25,25,39,39,138,188,159,159,17,33,33,59,78,78,102,118,68,18,36,61,61,162,162,173,187,137,150,164,195,195,105,105,105,55,5,5,22,22,22],"floor_reached":51,"playtime":5566,"items_purged":["Strike_G","Defend_G+1","Defend_G+1","Strike_G+1","Strike_G+1","Survivor","Defend_G+1"],"score":690,"play_id":"6cb2569c-7966-4645-b02d-5fb113157bf8","local_time":"20190108184721","is_ascension_mode":false,"campfire_choices":[{"floor":6.0,"key":"RECALL"},{"floor":13.0,"key":"REST"},{"floor":15.0,"key":"REST"},{"floor":32.0,"key":"REST"},{"floor":41.0,"key":"REST"},{"floor":44.0,"key":"REST"},{"floor":49,"key":"REST"}],"neow_cost":"NONE","seed_source_timestamp":0,"circlet_count":0,"master_deck":["Defend_G+1","Defend_G+1","Strike_G+1","Neutralize","Blur","Adrenaline","Skewer","Backflip","Footwork","Reboot","Coolheaded","Footwork","Bandage Up","Gash","Caltrops","J.A.X.","Panache","Juggernaut+1","Inflame+1","Bandage Up","Acrobatics","Flash of Steel+1"],"special_seed":0,"relics":["Fusion Hammer","Happy Flower","Bronze Scales","Smiling Mask","PrismaticShard","Tiny House","Ginger","Mummified Hand","Black Star","Vajra","Bag of Preparation","Potion Belt"],"potions_floor_usage":[],"damage_taken":[{"damage":0.0,"enemies":"Small Slimes","floor":1.0,"turns":4.0},{"damage":4.0,"enemies":"Cultist","floor":3.0,"turns":5.0},{"damage":0.0,"enemies":"Jaw Worm","floor":5.0,"turns":5.0},{"damage":44.0,"enemies":"Lagavulin","floor":7.0,"turns":14.0},{"damage":2.0,"enemies":"3 Louse","floor":10.0,"turns":3.0},{"damage":0.0,"enemies":"Looter","floor":14.0,"turns":2.0},{"damage":20.0,"enemies":"Hexaghost","floor":16.0,"turns":11.0},{"damage":9.0,"enemies":"2 Thieves","floor":18.0,"turns":5.0},{"damage":0.0,"enemies":"Shell Parasite","floor":21.0,"turns":7.0},{"damage":0.0,"enemies":"Book of Stabbing","floor":23.0,"turns":7.0},{"damage":24.0,"enemies":"Centurion and Healer","floor":24.0,"turns":14.0},{"damage":7.0,"enemies":"Snake Plant","floor":27.0,"turns":4.0},{"damage":9.0,"enemies":"Shelled Parasite and Fungi","floor":30.0,"turns":6.0},{"damage":36.0,"enemies":"Gremlin Leader","floor":31.0,"turns":7.0},{"damage":48.0,"enemies":"Champ","floor":33.0,"turns":12.0},{"damage":0.0,"enemies":"Orb Walker","floor":35.0,"turns":4.0},{"damage":0.0,"enemies":"3 Darklings","floor":36.0,"turns":5.0},{"damage":30.0,"enemies":"Writhing Mass","floor":38.0,"turns":5.0},{"damage":0.0,"enemies":"Transient","floor":39.0,"turns":5.0},{"damage":22.0,"enemies":"Giant Head","floor":40.0,"turns":9.0},{"damage":6,"enemies":"Maw","floor":48,"turns":6},{"damage":50,"enemies":"Awakened One","floor":50,"turns":10}],"seed_played":"-4605979482662701031","potions_obtained":[{"floor":1.0,"key":"SkillPotion"},{"floor":14.0,"key":"Strength Potion"},{"floor":17.0,"key":"FairyPotion"},{"floor":18.0,"key":"EssenceOfSteel"},{"floor":22.0,"key":"Regen Potion"},{"floor":24.0,"key":"PowerPotion"},{"floor":31.0,"key":"Explosive Potion"},{"floor":38.0,"key":"SkillPotion"},{"floor":39.0,"key":"Poison Potion"},{"floor":40.0,"key":"FearPotion"}],"is_trial":false,"path_per_floor":["M","$","M","?","M","R","E","?","T","M","$","?","R","M","R","B",null,"M","?","$","M","?","E","M","?","T","M","$","$","M","E","R","B",null,"M","M","$","M","M","E","R","?","T","R","$","$","?","M","R","B",null],"character_chosen":"THE_SILENT","items_purchased":["PrismaticShard","Backflip","Bandage Up"],"campfire_rested":6,"item_purchase_floors":[11,11,20],"current_hp_per_floor":[70,70,66,66,66,66,22,11,11,9,9,9,30,30,51,31,75,66,66,66,70,70,74,54,54,54,51,51,51,61,29,51,7,75,75,75,75,49,53,39,61,61,61,75,75,75,75,72,75,33],"gold":22,"neow_bonus":"BOSS_RELIC","is_prod":false,"is_daily":false,"chose_seed":false,"campfire_upgraded":0,"win_rate":0,"timestamp":1547002041,"path_taken":["M","$","M","?","?","R","E","?","T","M","$","?","R","M","R","BOSS","M","?","$","M","?","E","?","?","T","M","?","$","?","E","R","BOSS","M","M","$","M","M","E","R","?","T","R","?","$","?","?","R","BOSS"],"build_version":"2019-01-03v4","purchased_purges":7,"victory":true,"max_hp_per_floor":[70,70,70,70,70,70,70,70,70,70,70,70,70,70,70,70,75,75,75,75,75,75,75,75,75,75,75,75,75,75,75,75,75,75,75,75,75,75,75,75,75,75,75,75,75,75,75,75,75,75],"card_choices":[{"not_picked":["Flechettes","Dodge and Roll"],"picked":"Blur","floor":1.0},{"not_picked":["Poisoned Stab","Slice","PiercingWail"],"picked":"SKIP","floor":3.0},{"not_picked":["Slice","Dagger Spray","Dodge and Roll"],"picked":"SKIP","floor":5.0},{"not_picked":["Endless Agony","Dagger Throw"],"picked":"Adrenaline","floor":7.0},{"not_picked":["Outmaneuver","Blade Dance"],"picked":"Skewer","floor":10.0},{"not_picked":["Prepared","Auto Shields"],"picked":"Footwork","floor":14.0},{"not_picked":["Secret Technique","Offering"],"picked":"Reboot","floor":16.0},{"not_picked":["Headbutt","Anger"],"picked":"Coolheaded","floor":17.0},{"not_picked":["Eviscerate","Twin Strike"],"picked":"Footwork","floor":18.0},{"not_picked":["Heavy Blade","Choke"],"picked":"Gash","floor":21.0},{"not_picked":["Rebound","Doom and Gloom+1","Compile Driver"],"picked":"SKIP","floor":23.0},{"not_picked":["Entrench","Gash+1"],"picked":"Caltrops","floor":24.0},{"not_picked":["Iron Wave","Aggregate+1","Masterful Stab"],"picked":"SKIP","floor":27.0},{"not_picked":["Darkness","Blind","Corruption"],"picked":"SKIP","floor":30.0},{"not_picked":["Streamline+1","Skim+1"],"picked":"Panache","floor":31.0},{"not_picked":["Master of Strategy","Fiend Fire"],"picked":"Juggernaut","floor":33.0},{"not_picked":["Blizzard","Steam+1"],"picked":"Inflame+1","floor":35.0},{"not_picked":["Flame Barrier","Warcry+1","Thunderclap+1"],"picked":"SKIP","floor":36.0},{"not_picked":["Flex","Choke","Fusion"],"picked":"SKIP","floor":38.0},{"not_picked":["Beam Cell+1","Choke+1"],"picked":"Bandage Up","floor":39.0},{"not_picked":["Poisoned Stab+1","Stack+1","Stack"],"picked":"SKIP","floor":40.0},{"not_picked":["Fission","Flying Knee"],"picked":"Flash of Steel+1","floor":48}],"player_experience":994135,"relics_obtained":[{"floor":7.0,"key":"Bronze Scales"},{"floor":9.0,"key":"Smiling Mask"},{"floor":23.0,"key":"Ginger"},{"floor":31.0,"key":"Mummified Hand"},{"floor":40.0,"key":"Vajra"},{"floor":40.0,"key":"Bag of Preparation"},{"floor":43.0,"key":"Potion Belt"}],"event_choices":[{"damage_healed":0.0,"max_hp_gain":0.0,"max_hp_loss":0.0,"gold_gain":0.0,"event_name":"WeMeetAgain","player_choice":"Gave Potion","floor":4.0,"gold_loss":0.0,"damage_taken":0.0,"relics_obtained":["Happy Flower"]},{"damage_healed":0.0,"max_hp_gain":0.0,"max_hp_loss":0.0,"gold_gain":75.0,"event_name":"World of Goop","player_choice":"Gather Gold","floor":8.0,"gold_loss":0.0,"damage_taken":11.0},{"damage_healed":0.0,"max_hp_gain":0.0,"max_hp_loss":0.0,"gold_gain":0.0,"event_name":"The Cleric","player_choice":"Leave","floor":12.0,"gold_loss":0.0,"damage_taken":0.0},{"damage_healed":0.0,"max_hp_gain":0.0,"max_hp_loss":0.0,"gold_gain":0.0,"event_name":"Back to Basics","player_choice":"Simplicity","floor":19.0,"gold_loss":0.0,"damage_taken":0.0,"cards_upgraded":["Defend_G","Defend_G","Defend_G","Defend_G","Strike_G","Strike_G","Strike_G","Strike_G"]},{"damage_healed":0.0,"max_hp_gain":0.0,"max_hp_loss":0.0,"gold_gain":0.0,"event_name":"Lab","player_choice":"Got Potions","floor":22.0,"gold_loss":0.0,"damage_taken":0.0},{"damage_healed":0.0,"max_hp_gain":0.0,"max_hp_loss":0.0,"gold_gain":0.0,"event_name":"Drug Dealer","player_choice":"Obtain J.A.X.","floor":25.0,"gold_loss":0.0,"damage_taken":0.0,"cards_obtained":["J.A.X."]},{"cards_removed":["Strike_G"],"damage_healed":0.0,"max_hp_gain":0.0,"max_hp_loss":0.0,"gold_gain":0.0,"event_name":"Designer","player_choice":"Upgrade and Remove","floor":42.0,"gold_loss":90.0,"damage_taken":0.0,"cards_upgraded":["Juggernaut"]},{"damage_healed":0,"gold_gain":0,"player_choice":"1 cards matched","damage_taken":0,"max_hp_gain":0,"max_hp_loss":0,"event_name":"Match and Keep!","floor":47,"gold_loss":0,"cards_obtained":["Acrobatics"]}],"is_beta":false,"boss_relics":[{"not_picked":["Pandora\u0027s Box","Snecko Eye"],"picked":"Tiny House"},{"not_picked":["Velvet Choker","Lizard Tail"],"picked":"Black Star"}],"items_purged_floors":[2,20,28,29,37,45,46],"is_endless":false,"potions_floor_spawned":[1,14,18,24,31,38,39,40],"ascension_level":0}