{"gold_per_floor":[116,130,140,59,74,107,126,160,160,15,15,15,15,29,29,132,132,152,152,142,142,142,142,142],"floor_reached":24,"playtime":910,"items_purged":[],"score":309,"play_id":"69da3421-83c7-49db-8642-534d3695dae0","local_time":"20190324193607","is_ascension_mode":true,"campfire_choices":[{"floor":13,"key":"REST"},{"floor":15,"key":"REST"},{"data":"Fission","floor":23,"key":"SMITH"}],"neow_cost":"NONE","seed_source_timestamp":588140855086800,"circlet_count":0,"master_deck":["AscendersBane","Strike_B","Strike_B","Strike_B","Defend_B","Defend_B","Defend_B","Defend_B","Zap","Dualcast","Compile Driver","Doom and Gloom","Defragment","Leap","Streamline","Compile Driver","Hologram","Tempest","Loop","BootSequence","Conserve Battery","Multi-Cast","Steam+1","Fission+1","Writhe"],"relics":["Busted Crown","Pen Nib","Bag of Preparation","Snecko Eye","FossilizedHelix"],"potions_floor_usage":[6,8,16,16],"damage_taken":[{"damage":1,"enemies":"Cultist","floor":1,"turns":3},{"damage":2,"enemies":"Jaw Worm","floor":2,"turns":3},{"damage":0,"enemies":"Small Slimes","floor":3,"turns":2},{"damage":24,"enemies":"Gremlin Gang","floor":5,"turns":5},{"damage":21,"enemies":"Gremlin Nob","floor":6,"turns":4},{"damage":0,"enemies":"Large Slime","floor":7,"turns":4},{"damage":5,"enemies":"3 Sentries","floor":8,"turns":4},{"damage":0,"enemies":"2 Fungi Beasts","floor":14,"turns":2},{"damage":33,"enemies":"Hexaghost","floor":16,"turns":8},{"damage":0,"enemies":"3 Byrds","floor":18,"turns":3},{"damage":12,"enemies":"2 Thieves","floor":20,"turns":4},{"damage":55,"enemies":"Slavers","floor":24,"turns":3}],"seed_played":"-1703751970082711517","potions_obtained":[{"floor":1,"key":"Strength Potion"},{"floor":3,"key":"SteroidPotion"},{"floor":7,"key":"FocusPotion"},{"floor":8,"key":"FairyPotion"},{"floor":12,"key":"Regen Potion"}],"is_trial":false,"path_per_floor":["M","M","M","$","M","E","M","E","T","$","$","?","R","M","R","B",null,"M","?","M","?","?","R","E"],"character_chosen":"DEFECT","items_purchased":["Defragment","Leap","Loop","BootSequence"],"campfire_rested":2,"item_purchase_floors":[4,4,10,10],"current_hp_per_floor":[67,65,65,65,41,20,20,15,15,15,15,15,37,37,59,41,67,67,67,55,55,41,41,0],"gold":142,"neow_bonus":"BOSS_RELIC","is_prod":false,"is_daily":false,"chose_seed":false,"campfire_upgraded":1,"win_rate":0,"timestamp":1553481367,"path_taken":["M","?","M","$","?","E","M","E","T","?","$","?","R","?","R","BOSS","M","?","?","?","?","R","E"],"build_version":"2019-03-15","purchased_purges":0,"victory":false,"max_hp_per_floor":[75,75,75,75,75,75,75,75,75,75,75,75,75,75,75,75,75,75,75,75,75,80,80,80],"card_choices":[{"not_picked":["Fusion"],"picked":"SKIP","floor":1},{"not_picked":[],"picked":"Compile Driver","floor":2},{"not_picked":[],"picked":"Doom and Gloom","floor":3},{"not_picked":[],"picked":"Streamline","floor":5},{"not_picked":[],"picked":"Compile Driver","floor":6},{"not_picked":[],"picked":"Hologram","floor":7},{"not_picked":[],"picked":"Tempest","floor":8},{"not_picked":[],"picked":"Conserve Battery","floor":14},{"not_picked":[],"picked":"Multi-Cast","floor":16},{"not_picked":[],"picked":"Steam+1","floor":18},{"not_picked":["Gash"],"picked":"SKIP","floor":20}],"player_experience":633586,"relics_obtained":[{"floor":6,"key":"Pen Nib"},{"floor":8,"key":"Bag of Preparation"}],"event_choices":[{"damage_healed":0,"gold_gain":0,"player_choice":"Got Potions","damage_taken":0,"max_hp_gain":0,"max_hp_loss":0,"event_name":"Lab","floor":12,"gold_loss":0},{"damage_healed":0,"gold_gain":0,"cards_transformed":["Strike_B"],"player_choice":"Transformed","damage_taken":0,"max_hp_gain":0,"max_hp_loss":0,"event_name":"Transmorgrifier","floor":19,"gold_loss":0,"cards_obtained":["Fission"]},{"damage_healed":0,"gold_gain":0,"player_choice":"Opened","damage_taken":0,"relics_obtained":["FossilizedHelix"],"max_hp_gain":0,"max_hp_loss":0,"event_name":"The Mausoleum","floor":21,"gold_loss":0,"cards_obtained":["Writhe"]},{"damage_healed":0,"gold_gain":0,"player_choice":"Shed Blood","damage_taken":19,"max_hp_gain":5,"max_hp_loss":0,"event_name":"Forgotten Altar","floor":22,"gold_loss":0}],"is_beta":true,"boss_relics":[{"not_picked":["Fusion Hammer","Sozu"],"picked":"Snecko Eye"}],"items_purged_floors":[],"is_endless":false,"potions_floor_spawned":[1,3,7,8],"killed_by":"Slavers","ascension_level":10}