{"gold_per_floor":[113,123,123,123,141,167,47,57,57,57,75,102,115,127,127,204,204,224,224,224,239,239,239,239],"floor_reached":24,"playtime":1555,"items_purged":[],"score":396,"play_id":"86baa182-e475-453d-a209-75ce747d1b15","local_time":"20190116142852","is_ascension_mode":true,"campfire_choices":[{"floor":10,"key":"REST"},{"floor":15,"key":"REST"},{"floor":23,"key":"REST"}],"neow_cost":"PERCENT_DAMAGE","seed_source_timestamp":597778708321235,"circlet_count":0,"master_deck":["AscendersBane","Defend_G","Defend_G","Defend_G","Defend_G","Defend_G","Strike_G","Strike_G","Strike_G","Strike_G","Survivor","Neutralize+1","Skewer","Dash","Deadly Poison","Noxious Fumes","Well Laid Plans","A Thousand Cuts","Footwork","Die Die Die","Corpse Explosion","Backflip","Escape Plan"],"relics":["Ring of the Snake","Pocketwatch","MawBank","Letter Opener","Odd Mushroom","Busted Crown","Enchiridion","Ornamental Fan"],"potions_floor_usage":[6,8,18],"damage_taken":[{"damage":1,"enemies":"Cultist","floor":1,"turns":4},{"damage":0,"enemies":"Small Slimes","floor":2,"turns":4},{"damage":0,"enemies":"2 Louse","floor":5,"turns":2},{"damage":18,"enemies":"Gremlin Nob","floor":6,"turns":4},{"damage":7,"enemies":"Exordium Thugs","floor":8,"turns":6},{"damage":0,"enemies":"Blue Slaver","floor":11,"turns":4},{"damage":4,"enemies":"The Mushroom Lair","floor":12,"turns":4},{"damage":10,"enemies":"Exordium Wildlife","floor":13,"turns":5},{"damage":16,"enemies":"Exordium Thugs","floor":14,"turns":6},{"damage":20,"enemies":"Hexaghost","floor":16,"turns":11},{"damage":19,"enemies":"2 Thieves","floor":18,"turns":3},{"damage":1,"enemies":"3 Byrds","floor":21,"turns":3},{"damage":34,"enemies":"Cultist and Chosen","floor":24,"turns":4}],"seed_played":"2876837032650788295","potions_obtained":[{"floor":1,"key":"GamblersBrew"},{"floor":11,"key":"Strength Potion"},{"floor":14,"key":"SneckoOil"},{"floor":16,"key":"AttackPotion"}],"is_trial":false,"path_per_floor":["M","M","?","?","M","E","$","M","T","R","M","?","M","M","R","B",null,"M","?","T","M","?","R","M"],"character_chosen":"THE_SILENT","items_purchased":["Well Laid Plans","Block Potion"],"campfire_rested":3,"item_purchase_floors":[7,7],"current_hp_per_floor":[43,43,43,43,43,25,25,18,18,37,37,33,23,7,26,6,51,32,11,11,10,10,29,0],"gold":239,"neow_bonus":"ONE_RARE_RELIC","is_prod":false,"is_daily":false,"chose_seed":false,"campfire_upgraded":0,"win_rate":0,"timestamp":1547645332,"path_taken":["M","M","?","?","M","E","$","M","T","R","M","?","M","M","R","BOSS","M","?","?","M","?","R","M"],"build_version":"2019-01-10","purchased_purges":0,"victory":false,"max_hp_per_floor":[66,66,66,66,66,66,66,66,66,66,66,66,66,66,66,66,66,66,66,66,66,66,66,66],"card_choices":[{"not_picked":["Crippling Poison","Quick Slash"],"picked":"Skewer","floor":1},{"not_picked":["Deflect","Slice"],"picked":"Dash","floor":2},{"not_picked":["Cloak And Dagger","Expertise"],"picked":"Deadly Poison","floor":5},{"not_picked":["Masterful Stab","Accuracy"],"picked":"Noxious Fumes","floor":6},{"not_picked":["All Out Attack","Deadly Poison","Underhanded Strike"],"picked":"SKIP","floor":8},{"not_picked":["Dagger Throw","Backflip"],"picked":"A Thousand Cuts","floor":11},{"not_picked":["Underhanded Strike","Setup"],"picked":"Footwork","floor":12},{"not_picked":["Infinite Blades","Poisoned Stab","Bane"],"picked":"SKIP","floor":13},{"not_picked":["Quick Slash","Flying Knee"],"picked":"Die Die Die","floor":14},{"not_picked":["Glass Knife","After Image"],"picked":"Corpse Explosion","floor":16},{"not_picked":[],"picked":"Backflip","floor":18},{"not_picked":[],"picked":"Escape Plan","floor":21}],"player_experience":1208654,"relics_obtained":[{"floor":6,"key":"MawBank"},{"floor":9,"key":"Letter Opener"},{"floor":12,"key":"Odd Mushroom"},{"floor":19,"key":"Enchiridion"},{"floor":20,"key":"Ornamental Fan"}],"event_choices":[{"damage_healed":0,"gold_gain":0,"player_choice":"Grow","damage_taken":0,"max_hp_gain":0,"max_hp_loss":0,"event_name":"Living Wall","floor":3,"gold_loss":0,"cards_upgraded":["Neutralize"]},{"damage_healed":0,"gold_gain":0,"player_choice":"Ignored","damage_taken":0,"max_hp_gain":0,"max_hp_loss":0,"event_name":"Shining Light","floor":4,"gold_loss":0},{"damage_healed":0,"gold_gain":0,"player_choice":"Fought Mushrooms","damage_taken":0,"max_hp_gain":0,"max_hp_loss":0,"event_name":"Mushrooms","floor":12,"gold_loss":0},{"damage_healed":0,"gold_gain":0,"player_choice":"Obtained Book","damage_taken":21,"max_hp_gain":0,"max_hp_loss":0,"event_name":"Cursed Tome","floor":19,"gold_loss":0},{"cards_removed":["Strike_G"],"damage_healed":0,"gold_gain":0,"player_choice":"Purged","damage_taken":0,"max_hp_gain":0,"max_hp_loss":0,"event_name":"Purifier","floor":22,"gold_loss":0}],"is_beta":false,"boss_relics":[{"not_picked":["Fusion Hammer","Empty Cage"],"picked":"Busted Crown"}],"items_purged_floors":[],"is_endless":false,"potions_floor_spawned":[1,11,14,16],"killed_by":"Cultist and Chosen","ascension_level":20}