{"gold_per_floor":[113,124,136,61,78,78,108,108,131,131,142,142,156,167,167,267,267,278,278,32,32,30,30],"floor_reached":23,"playtime":2075,"items_purged":["Defend_G","Defend_G"],"score":222,"play_id":"6dd040d3-4e00-440d-bf35-feae3f671cf0","local_time":"20181116081846","is_ascension_mode":true,"campfire_choices":[{"data":"Neutralize","floor":6.0,"key":"SMITH"},{"floor":12.0,"key":"REST"},{"data":"Noxious Fumes","floor":15.0,"key":"SMITH"}],"neow_cost":"NONE","seed_source_timestamp":1143447225172964,"circlet_count":0,"master_deck":["Defend_G","Defend_G","Strike_G","Strike_G","Survivor","Neutralize+1","Noxious Fumes+1","Bane","Grand Finale","Footwork","Dodge and Roll","Burst","Deadly Poison","Shame"],"special_seed":0,"relics":["Empty Cage","Bag of Preparation","Bronze Scales","Potion Belt","Busted Crown","Oddly Smooth Stone","Mango"],"potions_floor_usage":[16,16,23],"damage_taken":[{"damage":2.0,"enemies":"2 Louse","floor":1.0,"turns":4.0},{"damage":2.0,"enemies":"Jaw Worm","floor":2.0,"turns":7.0},{"damage":1.0,"enemies":"Cultist","floor":3.0,"turns":5.0},{"damage":0.0,"enemies":"2 Fungi Beasts","floor":5.0,"turns":6.0},{"damage":17.0,"enemies":"Gremlin Nob","floor":7.0,"turns":4.0},{"damage":22.0,"enemies":"Gremlin Gang","floor":11.0,"turns":4.0},{"damage":12.0,"enemies":"Exordium Wildlife","floor":13.0,"turns":4.0},{"damage":0.0,"enemies":"Red Slaver","floor":14.0,"turns":2.0},{"damage":33,"enemies":"Slime Boss","floor":16,"turns":9},{"damage":12,"enemies":"Spheric Guardian","floor":18,"turns":7},{"damage":30,"enemies":"2 Thieves","floor":22,"turns":4},{"damage":57,"enemies":"Slavers","floor":23,"turns":4}],"seed_played":"-3841769387128186682","potions_obtained":[{"floor":2.0,"key":"Block Potion"},{"floor":3.0,"key":"Poison Potion"},{"floor":7.0,"key":"Dexterity Potion"},{"floor":13.0,"key":"Poison Potion"},{"floor":18,"key":"Dexterity Potion"}],"is_trial":false,"path_per_floor":["M","M","M","$","M","R","E","?","T","?","M","R","M","M","R","B",null,"M","?","$","?","M","E"],"character_chosen":"THE_SILENT","items_purchased":["Oddly Smooth Stone"],"campfire_rested":1,"item_purchase_floors":[20],"current_hp_per_floor":[68,66,65,65,65,65,48,48,48,48,26,47,35,35,35,2,70,58,58,58,72,42,0],"gold":30,"neow_bonus":"BOSS_RELIC","is_prod":false,"is_daily":false,"chose_seed":false,"campfire_upgraded":2,"win_rate":0,"timestamp":1542385126,"path_taken":["M","M","M","$","M","R","E","?","T","?","M","R","M","M","R","BOSS","M","?","$","?","M","E"],"build_version":"2018-11-15","purchased_purges":2,"victory":false,"max_hp_per_floor":[70,70,70,70,70,70,70,70,70,70,70,70,70,70,70,70,70,70,70,70,84,84,84],"card_choices":[{"not_picked":["Dagger Throw","Bane"],"picked":"Noxious Fumes","floor":1.0},{"not_picked":["Backstab","Dagger Spray","Distraction"],"picked":"SKIP","floor":2.0},{"not_picked":["Dagger Spray","Poisoned Stab","Prepared"],"picked":"SKIP","floor":3.0},{"not_picked":["Distraction","Sucker Punch"],"picked":"Bane","floor":5.0},{"not_picked":["Finisher","Expertise"],"picked":"Grand Finale","floor":7.0},{"not_picked":["Leg Sweep","Riddle With Holes"],"picked":"Footwork","floor":11.0},{"not_picked":["Blade Dance","Setup","Sucker Punch"],"picked":"SKIP","floor":13.0},{"not_picked":["Deflect","Slice"],"picked":"Dodge and Roll","floor":14.0},{"not_picked":["Grand Finale","Unload"],"picked":"Burst","floor":16},{"not_picked":[],"picked":"Deadly Poison","floor":18},{"not_picked":["Setup"],"picked":"SKIP","floor":22}],"player_experience":836537,"relics_obtained":[{"floor":7.0,"key":"Bag of Preparation"},{"floor":9.0,"key":"Potion Belt"}],"event_choices":[{"damage_healed":0.0,"max_hp_gain":0.0,"max_hp_loss":0.0,"gold_gain":0.0,"event_name":"Dead Adventurer","player_choice":"Searched \u00271\u0027 times","floor":8.0,"gold_loss":0.0,"damage_taken":0.0,"relics_obtained":["Bronze Scales"]},{"cards_removed":["Defend_G"],"damage_healed":0.0,"max_hp_gain":0.0,"max_hp_loss":0.0,"gold_gain":0.0,"event_name":"Living Wall","player_choice":"Forget","floor":10.0,"gold_loss":0.0,"damage_taken":0.0},{"cards_removed":["Strike_G"],"damage_healed":0,"gold_gain":0,"player_choice":"Elegance","damage_taken":0,"max_hp_gain":0,"max_hp_loss":0,"event_name":"Back to Basics","floor":19,"gold_loss":0},{"damage_healed":0,"gold_gain":0,"player_choice":"Stole Relic","damage_taken":0,"relics_obtained":["Mango"],"max_hp_gain":0,"max_hp_loss":0,"event_name":"Addict","floor":21,"gold_loss":0,"cards_obtained":["Shame"]}],"is_beta":false,"boss_relics":[{"not_picked":["Sozu","Fusion Hammer"],"picked":"Busted Crown"}],"items_purged_floors":[4,20],"is_endless":false,"potions_floor_spawned":[2,3,7,13,18],"killed_by":"Slavers","ascension_level":3}