{"gold_per_floor":[116,191,191,203,221,221,235,262,262,297,297,10,10,28,28,105,105,120,132,132,132,164,164,199,210,210,239,253,253,253,266,266,266],"floor_reached":33,"playtime":1632,"items_purged":["Strike_B"],"score":640,"play_id":"eaeed6bb-184b-4e5e-8d6d-887fd21dbe50","local_time":"20190313100241","is_ascension_mode":true,"campfire_choices":[{"data":"Doom and Gloom","floor":6.0,"key":"SMITH"},{"floor":11.0,"key":"REST"},{"data":"Coolheaded","floor":13.0,"key":"SMITH"},{"floor":15.0,"key":"REST"},{"data":"Echo Form","floor":23.0,"key":"SMITH"},{"data":"Ghostly","floor":29.0,"key":"SMITH"},{"data":"Ghostly","floor":32.0,"key":"SMITH"}],"neow_cost":"NONE","seed_source_timestamp":0,"circlet_count":0,"master_deck":["AscendersBane","Strike_B","Strike_B","Defend_B","Defend_B+1","Defend_B","Defend_B","Zap+1","Dualcast","Doom and Gloom+1","Sweeping Beam","Hologram","Coolheaded+1","Leap+1","Electrodynamics","Echo Form+1","Chill","Ball Lightning","Ghostly+1","Ghostly","Ghostly+1","Compile Driver","Loop","Reboot"],"special_seed":0,"relics":["Cracked Core","Bag of Preparation","Mercury Hourglass","Girya","Happy Flower","Nuclear Battery","Red Mask","War Paint","Thread and Needle","Ancient Tea Set"],"potions_floor_usage":[],"damage_taken":[{"damage":0.0,"enemies":"Cultist","floor":1.0,"turns":3.0},{"damage":0.0,"enemies":"Jaw Worm","floor":4.0,"turns":3.0},{"damage":4.0,"enemies":"Small Slimes","floor":5.0,"turns":3.0},{"damage":10.0,"enemies":"3 Louse","floor":7.0,"turns":2.0},{"damage":12.0,"enemies":"3 Sentries","floor":8.0,"turns":5.0},{"damage":22.0,"enemies":"Lagavulin","floor":10.0,"turns":4.0},{"damage":0.0,"enemies":"Lots of Slimes","floor":14.0,"turns":1.0},{"damage":39.0,"enemies":"Slime Boss","floor":16.0,"turns":8.0},{"damage":0.0,"enemies":"3 Byrds","floor":18.0,"turns":2.0},{"damage":0.0,"enemies":"Spheric Guardian","floor":19.0,"turns":3.0},{"damage":0.0,"enemies":"Masked Bandits","floor":22.0,"turns":2.0},{"damage":0.0,"enemies":"Gremlin Leader","floor":24.0,"turns":6.0},{"damage":1.0,"enemies":"Shelled Parasite and Fungi","floor":25.0,"turns":4.0},{"damage":15.0,"enemies":"Book of Stabbing","floor":27.0,"turns":5.0},{"damage":0.0,"enemies":"Snake Plant","floor":28.0,"turns":4.0},{"damage":0.0,"enemies":"Centurion and Healer","floor":31.0,"turns":2.0},{"damage":47,"enemies":"Automaton","floor":33,"turns":6}],"seed_played":"-7387500847447937851","potions_obtained":[{"floor":1.0,"key":"FearPotion"},{"floor":4.0,"key":"Swift Potion"},{"floor":7.0,"key":"SkillPotion"},{"floor":14.0,"key":"Ancient Potion"}],"is_trial":false,"path_per_floor":["M","?","?","M","M","R","M","E","T","E","R","$","R","M","R","B",null,"M","M","?","?","?","R","E","M","T","E","M","R","?","M","R","B"],"character_chosen":"DEFECT","items_purchased":["Happy Flower","SteroidPotion"],"campfire_rested":2,"item_purchase_floors":[12,12],"current_hp_per_floor":[64,53,53,53,49,49,39,27,27,5,26,26,26,26,47,8,55,55,55,55,35,35,35,35,34,34,19,19,19,35,35,35,0],"gold":266,"neow_bonus":"UPGRADE_CARD","is_prod":false,"is_daily":false,"chose_seed":false,"campfire_upgraded":5,"win_rate":0,"timestamp":1552467761,"path_taken":["M","?","?","M","M","R","M","E","T","E","R","$","R","M","R","BOSS","M","M","?","?","?","R","E","M","T","E","M","R","?","?","R","BOSS"],"build_version":"2019-01-23","purchased_purges":1,"victory":false,"max_hp_per_floor":[71,71,71,71,71,71,71,71,71,71,71,71,71,71,71,71,71,71,71,71,35,35,35,35,35,35,35,35,35,35,35,35,35],"card_choices":[{"not_picked":["Redo","Hologram"],"picked":"Doom and Gloom","floor":1.0},{"not_picked":["Stack","Coolheaded"],"picked":"Sweeping Beam","floor":4.0},{"not_picked":["Storm","Skim","Go for the Eyes"],"picked":"SKIP","floor":5.0},{"not_picked":["Beam Cell","Heatsinks"],"picked":"Hologram","floor":7.0},{"not_picked":["Turbo","Hello World"],"picked":"Coolheaded","floor":8.0},{"not_picked":["Redo","Rebound"],"picked":"Leap","floor":10.0},{"not_picked":["Beam Cell","Stack"],"picked":"Electrodynamics","floor":14.0},{"not_picked":["Machine Learning","Creative AI"],"picked":"Echo Form","floor":16.0},{"not_picked":["Barrage","Cold Snap"],"picked":"Chill","floor":18.0},{"not_picked":["Tempest","Reprogram"],"picked":"Ball Lightning","floor":19.0},{"not_picked":["Chaos","Blizzard"],"picked":"Static Discharge","floor":22.0},{"not_picked":["Hello World","Rebound"],"picked":"Compile Driver","floor":24.0},{"not_picked":["Reprogram","Coolheaded"],"picked":"Loop","floor":25.0},{"not_picked":["Go for the Eyes","Stack","Doom and Gloom"],"picked":"SKIP","floor":27.0},{"not_picked":["Sweeping Beam","Coolheaded"],"picked":"Reboot","floor":28.0},{"not_picked":["Blizzard","Go for the Eyes","Ball Lightning"],"picked":"SKIP","floor":31.0}],"player_experience":1372144,"relics_obtained":[{"floor":8.0,"key":"Bag of Preparation"},{"floor":9.0,"key":"Mercury Hourglass"},{"floor":10.0,"key":"Girya"},{"floor":22.0,"key":"Red Mask"},{"floor":24.0,"key":"War Paint"},{"floor":26.0,"key":"Thread and Needle"},{"floor":27.0,"key":"Ancient Tea Set"}],"event_choices":[{"damage_healed":0.0,"max_hp_gain":0.0,"max_hp_loss":0.0,"gold_gain":75.0,"event_name":"World of Goop","player_choice":"Gather Gold","floor":2.0,"gold_loss":0.0,"damage_taken":11.0},{"cards_removed":["Strike_B"],"damage_healed":0.0,"max_hp_gain":0.0,"max_hp_loss":0.0,"gold_gain":0.0,"event_name":"Purifier","player_choice":"Purged","floor":3.0,"gold_loss":0.0,"damage_taken":0.0},{"damage_healed":0.0,"max_hp_gain":0.0,"max_hp_loss":0.0,"gold_gain":0.0,"event_name":"Vampires","player_choice":"Ignored","floor":20.0,"gold_loss":0.0,"damage_taken":0.0},{"damage_healed":0.0,"max_hp_gain":0.0,"max_hp_loss":36.0,"gold_gain":0.0,"event_name":"Ghosts","player_choice":"Became a Ghost","floor":21.0,"gold_loss":0.0,"damage_taken":0.0,"cards_obtained":["Ghostly","Ghostly","Ghostly"]},{"damage_healed":0.0,"max_hp_gain":0.0,"max_hp_loss":0.0,"gold_gain":0.0,"event_name":"Masked Bandits","player_choice":"Fought Bandits","floor":22.0,"gold_loss":0.0,"damage_taken":0.0},{"cards_removed":["Static Discharge"],"damage_healed":16.0,"max_hp_gain":0.0,"max_hp_loss":0.0,"gold_gain":0.0,"event_name":"Bonfire Elementals","player_choice":"Offered Uncommon","floor":30.0,"gold_loss":0.0,"damage_taken":0.0}],"is_beta":false,"boss_relics":[{"not_picked":["Coffee Dripper","Busted Crown"],"picked":"Nuclear Battery"}],"items_purged_floors":[12],"is_endless":false,"potions_floor_spawned":[1,4,7,14,22,24,28,31],"killed_by":"Automaton","ascension_level":20}