{"gold_per_floor":[209,209,128,147,26,26,53,53,53,80,95,106,76,109,109,206,206,226,241,251,251,251],"floor_reached":22,"playtime":1203,"items_purged":["Strike_R"],"score":255,"play_id":"ab165f6e-1bb9-4ce3-bed0-61e064cf9eca","local_time":"20190328000153","is_ascension_mode":true,"campfire_choices":[{"data":"Whirlwind","floor":6.0,"key":"SMITH"},{"data":"Sword Boomerang","floor":8.0,"key":"SMITH"},{"data":"Immolate","floor":15,"key":"SMITH"}],"neow_cost":"NONE","seed_source_timestamp":30538970101420,"circlet_count":0,"master_deck":["Strike_R","Strike_R","Defend_R","Defend_R","Defend_R","Defend_R","Bash+1","Sword Boomerang+1","Shrug It Off","Whirlwind+1","Shrug It Off","Headbutt","Shrug It Off","Immolate+1","Headbutt","Double Tap","Carnage+1","Spot Weakness"],"special_seed":0,"relics":["Burning Blood","Potion Belt","Shuriken","Prayer Wheel","Singing Bowl","Empty Cage"],"potions_floor_usage":[14,16,20,20,22],"damage_taken":[{"damage":9.0,"enemies":"Jaw Worm","floor":1.0,"turns":5.0},{"damage":1.0,"enemies":"Cultist","floor":4.0,"turns":3.0},{"damage":29.0,"enemies":"3 Sentries","floor":7.0,"turns":6.0},{"damage":20.0,"enemies":"Gremlin Nob","floor":10.0,"turns":4.0},{"damage":0.0,"enemies":"Small Slimes","floor":11.0,"turns":2.0},{"damage":7.0,"enemies":"Red Slaver","floor":12.0,"turns":3.0},{"damage":22,"enemies":"Lagavulin","floor":14,"turns":5},{"damage":26,"enemies":"The Guardian","floor":16,"turns":12},{"damage":13,"enemies":"Spheric Guardian","floor":18,"turns":4},{"damage":16,"enemies":"3 Byrds","floor":19,"turns":3},{"damage":29,"enemies":"Sentry and Sphere","floor":20,"turns":6},{"damage":37,"enemies":"Centurion and Healer","floor":22,"turns":4}],"seed_played":"7277640745595331799","potions_obtained":[{"floor":7.0,"key":"EssenceOfSteel"},{"floor":10.0,"key":"AttackPotion"},{"floor":12.0,"key":"Fire Potion"},{"floor":13.0,"key":"SteroidPotion"},{"floor":13.0,"key":"LiquidBronze"},{"floor":18,"key":"Block Potion"},{"floor":19,"key":"Weak Potion"}],"is_trial":false,"path_per_floor":["M","?","$","M","$","R","E","R","T","E","M","M","?","E","R","B",null,"M","M","M","?","M"],"character_chosen":"IRONCLAD","items_purchased":["Shrug It Off","Whirlwind","Headbutt"],"campfire_rested":0,"item_purchase_floors":[3,3,5],"current_hp_per_floor":[77,77,77,80,80,80,57,57,57,43,49,48,48,34,34,14,65,62,56,33,33,0],"gold":251,"neow_bonus":"HUNDRED_GOLD","is_prod":false,"is_daily":false,"chose_seed":false,"campfire_upgraded":3,"win_rate":0,"timestamp":1553742113,"path_taken":["M","?","$","M","$","R","E","R","T","E","M","M","?","E","R","BOSS","M","?","M","?","?"],"build_version":"2019-01-23","purchased_purges":1,"victory":false,"max_hp_per_floor":[80,80,80,80,80,80,80,80,80,80,80,80,80,82,82,82,82,86,90,90,90,90],"card_choices":[{"not_picked":["Evolve","Warcry"],"picked":"Sword Boomerang","floor":1.0},{"not_picked":["Havoc","Clothesline"],"picked":"Shrug It Off","floor":4.0},{"not_picked":["Clash","Flex"],"picked":"Shrug It Off","floor":7.0},{"not_picked":["Dropkick","Clash"],"picked":"Immolate","floor":10.0},{"not_picked":["Iron Wave","Clash","Warcry"],"picked":"SKIP","floor":11.0},{"not_picked":["Sentinel","Flex","Burning Pact"],"picked":"SKIP","floor":11.0},{"not_picked":["Ghostly Armor","Immolate"],"picked":"Headbutt","floor":12.0},{"not_picked":["Cleave","Second Wind","Perfected Strike"],"picked":"SKIP","floor":12.0},{"not_picked":["Wild Strike","Armaments","Iron Wave"],"picked":"Singing Bowl","floor":14},{"not_picked":["Feed","Barricade"],"picked":"Double Tap","floor":16},{"not_picked":["Armaments","Clash","Perfected Strike+1"],"picked":"Singing Bowl","floor":18},{"not_picked":["Sword Boomerang","Perfected Strike","Clothesline"],"picked":"Singing Bowl","floor":18},{"not_picked":["Heavy Blade","Iron Wave","Second Wind+1"],"picked":"Singing Bowl","floor":19},{"not_picked":["Cleave","Rampage","Metallicize"],"picked":"Singing Bowl","floor":19},{"not_picked":["Thunderclap","Havoc"],"picked":"Carnage+1","floor":20},{"not_picked":["Armaments","Twin Strike"],"picked":"Spot Weakness","floor":20}],"player_experience":414675,"relics_obtained":[{"floor":7.0,"key":"Potion Belt"},{"floor":9.0,"key":"Shuriken"},{"floor":10.0,"key":"Prayer Wheel"},{"floor":14,"key":"Singing Bowl"}],"event_choices":[{"damage_healed":0.0,"max_hp_gain":0.0,"max_hp_loss":0.0,"gold_gain":0.0,"event_name":"Living Wall","player_choice":"Grow","floor":2.0,"gold_loss":0.0,"damage_taken":0.0,"cards_upgraded":["Bash"]},{"damage_healed":0.0,"max_hp_gain":0.0,"max_hp_loss":0.0,"gold_gain":0.0,"event_name":"The Woman in Blue","player_choice":"Bought 2 Potions","floor":13.0,"gold_loss":0.0,"damage_taken":0.0},{"damage_healed":0,"gold_gain":0,"player_choice":"Ignored","damage_taken":0,"max_hp_gain":0,"max_hp_loss":0,"event_name":"N\u0027loth","floor":21,"gold_loss":0}],"is_beta":false,"boss_relics":[{"not_picked":["Sozu","Black Blood"],"picked":"Empty Cage"}],"items_purged_floors":[5],"is_endless":false,"potions_floor_spawned":[7,10,12,18,19],"killed_by":"Centurion and Healer","ascension_level":5}