{"gold_per_floor":[114,114,79,125,145,145,175,175,175,186,71,87,101,132,132,231,231,251,268,37,37,37,72,72,106,106,106,120,154,170,170,170,271,271,290,290,335,1,14,14,14,14,14,14,14,31,59,59,59,59],"floor_reached":51,"playtime":8488,"items_purged":[],"score":1182,"play_id":"93607898-0fce-4400-be70-9fbfe375e9d3","local_time":"20190420202143","is_ascension_mode":true,"campfire_choices":[{"data":"Zap","floor":6,"key":"SMITH"},{"data":"Hologram","floor":8,"key":"SMITH"},{"data":"Capacitor","floor":15,"key":"SMITH"},{"data":"Electrodynamics","floor":24,"key":"SMITH"},{"floor":27,"key":"REST"},{"floor":32,"key":"REST"},{"data":"Echo Form","floor":40,"key":"SMITH"},{"data":"Capacitor","floor":42,"key":"SMITH"},{"data":"Barrage","floor":44,"key":"SMITH"},{"floor":49,"key":"REST"}],"neow_cost":"NONE","seed_source_timestamp":16237275576765,"circlet_count":0,"master_deck":["AscendersBane","Strike_B","Strike_B","Strike_B","Defend_B","Defend_B","Defend_B","Defend_B","Zap+1","Dualcast","Hologram+1","Lockon","Capacitor+1","Cold Snap","Barrage+1","Glacier","Sunder+1","Glacier","Compile Driver","Coolheaded+1","Electrodynamics+1","Ball Lightning","Capacitor+1","Chill+1","Echo Form+1","Glacier+1","Steam+1","Ball Lightning","Tempest+1","Dark Shackles+1"],"relics":["Cracked Core","NeowsBlessing","Omamori","Bag of Marbles","Kunai","Toxic Egg 2","Cursed Key","PreservedInsect","Enchiridion","Darkstone Periapt","Mercury Hourglass","Juzu Bracelet","Sozu","Ginger","FossilizedHelix","Meat on the Bone"],"potions_floor_usage":[2,12,29,37,46],"damage_taken":[{"damage":0,"enemies":"2 Louse","floor":1,"turns":1},{"damage":0,"enemies":"Cultist","floor":5,"turns":1},{"damage":0,"enemies":"Gremlin Nob","floor":7,"turns":1},{"damage":7,"enemies":"Jaw Worm","floor":10,"turns":2},{"damage":1,"enemies":"Lots of Slimes","floor":12,"turns":3},{"damage":0,"enemies":"2 Fungi Beasts","floor":13,"turns":3},{"damage":5,"enemies":"3 Sentries","floor":14,"turns":8},{"damage":42,"enemies":"Hexaghost","floor":16,"turns":13},{"damage":5,"enemies":"3 Byrds","floor":18,"turns":4},{"damage":0,"enemies":"Shell Parasite","floor":19,"turns":6},{"damage":2,"enemies":"Book of Stabbing","floor":23,"turns":4},{"damage":19,"enemies":"Slavers","floor":25,"turns":3},{"damage":13,"enemies":"Shelled Parasite and Fungi","floor":28,"turns":3},{"damage":8,"enemies":"Book of Stabbing","floor":29,"turns":4},{"damage":12,"enemies":"Snake Plant","floor":30,"turns":4},{"damage":26,"enemies":"Collector","floor":33,"turns":10},{"damage":0,"enemies":"3 Darklings","floor":35,"turns":4},{"damage":16,"enemies":"2 Orb Walkers","floor":37,"turns":5},{"damage":0,"enemies":"3 Shapes","floor":39,"turns":3},{"damage":18,"enemies":"3 Darklings","floor":46,"turns":3},{"damage":0,"enemies":"Giant Head","floor":47,"turns":7},{"damage":38,"enemies":"Time Eater","floor":50,"turns":15}],"seed_played":"7655277947508729302","potions_obtained":[{"floor":2,"key":"Fruit Juice"},{"floor":2,"key":"SpeedPotion"},{"floor":2,"key":"Swift Potion"},{"floor":13,"key":"Strength Potion"},{"floor":16,"key":"EssenceOfSteel"},{"floor":19,"key":"Energy Potion"},{"floor":30,"key":"SkillPotion"}],"is_trial":false,"path_per_floor":["M","?","$","T","M","R","E","R","T","M","$","M","M","E","R","B",null,"M","M","$","?","?","E","R","E","T","R","M","E","M","?","R","B",null,"M","$","?","$","M","R","?","R","T","R","?","M","E","T","R","B",null],"character_chosen":"DEFECT","items_purchased":["Lockon","Glacier","Sunder","PreservedInsect","Capacitor","FossilizedHelix","Ball Lightning"],"campfire_rested":3,"item_purchase_floors":[3,11,11,20,20,38,38],"current_hp_per_floor":[68,73,73,73,73,73,73,73,73,66,66,65,65,60,60,18,65,60,60,60,44,44,42,42,23,23,47,34,26,14,14,38,12,63,63,63,47,47,47,47,47,47,47,47,47,29,29,29,51,25],"gold":59,"neow_bonus":"THREE_ENEMY_KILL","is_prod":false,"is_daily":false,"chose_seed":false,"campfire_upgraded":7,"win_rate":0,"timestamp":1555802503,"path_taken":["M","?","$","?","M","R","E","R","T","?","$","M","M","E","R","BOSS","M","?","$","?","?","E","R","E","T","R","?","E","M","?","R","BOSS","M","$","?","$","M","R","?","R","T","R","?","M","E","?","R","BOSS"],"build_version":"2019-01-23","purchased_purges":0,"victory":true,"max_hp_per_floor":[75,80,80,80,80,80,80,80,80,80,80,80,80,80,80,80,80,80,80,80,80,80,80,80,80,80,80,80,80,80,80,80,80,80,80,80,80,80,80,80,80,80,80,80,76,76,76,76,76,76],"card_choices":[{"not_picked":["Hello World","Undo"],"picked":"Hologram","floor":1},{"not_picked":["Conserve Battery","Stack"],"picked":"Capacitor","floor":5},{"not_picked":["Stack","Heatsinks"],"picked":"Cold Snap","floor":7},{"not_picked":["Stack","Melter"],"picked":"Barrage","floor":10},{"not_picked":["Beam Cell","BootSequence"],"picked":"Glacier","floor":12},{"not_picked":["Coolheaded","FTL"],"picked":"Compile Driver","floor":13},{"not_picked":["Reboot","Conserve Battery"],"picked":"Coolheaded","floor":14},{"not_picked":["Creative AI","Core Surge"],"picked":"Electrodynamics","floor":16},{"not_picked":["Go for the Eyes","Gash","Fusion+1"],"picked":"SKIP","floor":18},{"not_picked":["Rip and Tear","Gash"],"picked":"Ball Lightning","floor":19},{"not_picked":["Chaos+1","Cold Snap","Heatsinks+1"],"picked":"SKIP","floor":23},{"not_picked":["Steam Power+1","Loop"],"picked":"Chill+1","floor":25},{"not_picked":["Compile Driver","Sweeping Beam","Capacitor"],"picked":"SKIP","floor":28},{"not_picked":["Coolheaded+1","Doom and Gloom","Fusion+1"],"picked":"SKIP","floor":29},{"not_picked":["Coolheaded+1","Double Energy+1","Steam Power+1"],"picked":"SKIP","floor":30},{"not_picked":["Reboot+1","Thunder Strike"],"picked":"Echo Form","floor":33},{"not_picked":["Stack+1","Streamline"],"picked":"Glacier+1","floor":35},{"not_picked":["Self Repair","Chaos+1"],"picked":"Steam+1","floor":37},{"not_picked":["Steam+1","Cold Snap+1"],"picked":"Tempest+1","floor":39},{"not_picked":["Dramatic Entrance","Purity+1"],"picked":"Dark Shackles+1","floor":41},{"not_picked":["Gash","Force Field+1","Sweeping Beam"],"picked":"SKIP","floor":46},{"not_picked":["Reboot+1","Steam Power+1","Genetic Algorithm+1"],"picked":"SKIP","floor":47}],"player_experience":691965,"relics_obtained":[{"floor":4,"key":"Omamori"},{"floor":7,"key":"Bag of Marbles"},{"floor":9,"key":"Kunai"},{"floor":14,"key":"Toxic Egg 2"},{"floor":21,"key":"Enchiridion"},{"floor":23,"key":"Darkstone Periapt"},{"floor":25,"key":"Mercury Hourglass"},{"floor":29,"key":"Juzu Bracelet"},{"floor":37,"key":"Ginger"},{"floor":47,"key":"Meat on the Bone"}],"event_choices":[{"damage_healed":0,"gold_gain":0,"player_choice":"Got Potions","damage_taken":0,"max_hp_gain":0,"max_hp_loss":0,"event_name":"Lab","floor":2,"gold_loss":0},{"damage_healed":0,"gold_gain":0,"player_choice":"Obtained Book","damage_taken":16,"max_hp_gain":0,"max_hp_loss":0,"event_name":"Cursed Tome","floor":21,"gold_loss":0},{"damage_healed":0,"gold_gain":0,"player_choice":"Upgraded","damage_taken":0,"max_hp_gain":0,"max_hp_loss":0,"event_name":"Upgrade Shrine","floor":22,"gold_loss":0,"cards_upgraded":["Sunder"]},{"cards_removed":["Strike_B"],"damage_healed":0,"gold_gain":0,"player_choice":"Purged","damage_taken":0,"max_hp_gain":0,"max_hp_loss":0,"event_name":"Purifier","floor":31,"gold_loss":0},{"damage_healed":0,"gold_gain":0,"player_choice":"Fight","damage_taken":0,"max_hp_gain":0,"max_hp_loss":0,"event_name":"Mysterious Sphere","floor":37,"gold_loss":0},{"damage_healed":0,"gold_gain":0,"player_choice":"Memory 1","damage_taken":0,"max_hp_gain":0,"max_hp_loss":0,"event_name":"SensoryStone","floor":41,"gold_loss":0},{"damage_healed":0,"gold_gain":0,"player_choice":"Max HP","damage_taken":0,"max_hp_gain":0,"max_hp_loss":4,"event_name":"Winding Halls","floor":45,"gold_loss":0}],"is_beta":false,"boss_relics":[{"not_picked":["Empty Cage","Eternal Feather"],"picked":"Cursed Key"},{"not_picked":["Snecko Eye","Lizard Tail"],"picked":"Sozu"}],"items_purged_floors":[],"is_endless":false,"potions_floor_spawned":[10,13,16,19,30,33,37,46,47],"ascension_level":12}