{"gold_per_floor":[210,221,221,221,235,274,297,297],"floor_reached":8,"playtime":395,"items_purged":[],"score":96,"play_id":"9a071e3e-45af-4fd9-b212-8da7a7a87b74","local_time":"20190420234708","is_ascension_mode":true,"campfire_choices":[],"neow_cost":"NONE","seed_source_timestamp":36657764710007,"circlet_count":0,"master_deck":["AscendersBane","Strike_B","Strike_B","Strike_B","Defend_B","Defend_B","Defend_B","Defend_B","Zap","Dualcast","Auto Shields","Chill","Chaos","Capacitor","Lockon"],"relics":["Cracked Core","Golden Idol","The Courier"],"potions_floor_usage":[6,8,8],"damage_taken":[{"damage":1,"enemies":"Cultist","floor":1,"turns":3},{"damage":2,"enemies":"2 Louse","floor":2,"turns":2},{"damage":0,"enemies":"Jaw Worm","floor":5,"turns":3},{"damage":23,"enemies":"3 Sentries","floor":6,"turns":12},{"damage":6,"enemies":"Red Slaver","floor":7,"turns":5},{"damage":42,"enemies":"Gremlin Nob","floor":8,"turns":4}],"seed_played":"-1016182911492789750","potions_obtained":[{"floor":1,"key":"LiquidBronze"},{"floor":2,"key":"Poison Potion"},{"floor":6,"key":"SkillPotion"}],"is_trial":false,"path_per_floor":["M","M","?","?","M","E","M","E"],"character_chosen":"DEFECT","items_purchased":[],"campfire_rested":0,"item_purchase_floors":[],"current_hp_per_floor":[67,65,65,65,65,42,36,0],"gold":297,"neow_bonus":"HUNDRED_GOLD","is_prod":false,"is_daily":false,"chose_seed":false,"campfire_upgraded":0,"win_rate":0,"timestamp":1555814828,"path_taken":["M","M","?","?","M","E","M","E"],"build_version":"2019-01-23","purchased_purges":0,"victory":false,"max_hp_per_floor":[75,75,69,69,69,69,69,69],"card_choices":[{"not_picked":["Blizzard","Hologram"],"picked":"Auto Shields","floor":1},{"not_picked":["Recycle","Rebound"],"picked":"Chill","floor":2},{"not_picked":["Coolheaded","Go for the Eyes"],"picked":"Capacitor","floor":5},{"not_picked":["Conserve Battery","Leap"],"picked":"Lockon","floor":6},{"not_picked":["Beam Cell","Redo","Fusion"],"picked":"SKIP","floor":7}],"player_experience":707287,"relics_obtained":[{"floor":6,"key":"The Courier"}],"event_choices":[{"damage_healed":0,"gold_gain":0,"player_choice":"Lose Max HP","damage_taken":0,"relics_obtained":["Golden Idol"],"max_hp_gain":0,"max_hp_loss":6,"event_name":"Golden Idol","floor":3,"gold_loss":0},{"damage_healed":0,"gold_gain":0,"cards_transformed":["Strike_B"],"player_choice":"Transformed","damage_taken":0,"max_hp_gain":0,"max_hp_loss":0,"event_name":"Transmorgrifier","floor":4,"gold_loss":0,"cards_obtained":["Chaos"]}],"is_beta":false,"boss_relics":[],"items_purged_floors":[],"is_endless":false,"potions_floor_spawned":[1,2,6],"killed_by":"Gremlin Nob","ascension_level":13}