{"gold_per_floor":[113,131,131,144,164,164,205,205,205,205],"floor_reached":10,"playtime":2993,"items_purged":[],"score":116,"play_id":"39c9dc59-94e4-4460-90fc-62dac87e0455","local_time":"20190428185358","is_ascension_mode":true,"campfire_choices":[{"data":"Body Slam","floor":6,"key":"SMITH"},{"data":"True Grit","floor":8,"key":"SMITH"}],"neow_cost":"NONE","seed_source_timestamp":106018360652123,"circlet_count":0,"master_deck":["AscendersBane","Strike_R","Strike_R","Strike_R","Strike_R","Strike_R","Defend_R","Defend_R","Defend_R","Defend_R","Bash","Body Slam+1","True Grit+1","Rage","Shrug It Off"],"relics":["Burning Blood","Golden Idol","Ice Cream","Mummified Hand"],"potions_floor_usage":[7],"damage_taken":[{"damage":3,"enemies":"2 Louse","floor":1,"turns":4},{"damage":9,"enemies":"Jaw Worm","floor":2,"turns":5},{"damage":0,"enemies":"Cultist","floor":4,"turns":4},{"damage":28,"enemies":"Large Slime","floor":5,"turns":10},{"damage":38,"enemies":"Gremlin Nob","floor":7,"turns":5},{"damage":24,"enemies":"Lagavulin","floor":10,"turns":6}],"seed_played":"5038187439612050342","potions_obtained":[{"floor":1,"key":"FearPotion"}],"is_trial":false,"path_per_floor":["?"],"character_chosen":"IRONCLAD","items_purchased":[],"campfire_rested":0,"item_purchase_floors":[],"current_hp_per_floor":[78,75,75,76,54,54,22,22,22,0],"gold":205,"neow_bonus":"TEN_PERCENT_HP_BONUS","is_prod":false,"is_daily":false,"chose_seed":false,"campfire_upgraded":2,"win_rate":0,"timestamp":1556452438,"path_taken":["M","M","?","M","M","R","E","R","T","E"],"build_version":"2019-01-23","purchased_purges":0,"victory":false,"max_hp_per_floor":[82,82,76,76,76,76,76,76,76,76],"card_choices":[{"not_picked":["Rage","Heavy Blade"],"picked":"Body Slam","floor":1},{"not_picked":["Wild Strike","Perfected Strike"],"picked":"True Grit","floor":2},{"not_picked":["Infernal Blade","Anger"],"picked":"Rage","floor":4},{"not_picked":["Perfected Strike","Thunderclap"],"picked":"Shrug It Off","floor":5},{"not_picked":["Heavy Blade","Berserk","Perfected Strike"],"picked":"SKIP","floor":7}],"player_experience":315757,"relics_obtained":[{"floor":7,"key":"Ice Cream"},{"floor":9,"key":"Mummified Hand"}],"event_choices":[{"damage_healed":0,"gold_gain":0,"player_choice":"Lose Max HP","damage_taken":0,"relics_obtained":["Golden Idol"],"max_hp_gain":0,"max_hp_loss":6,"event_name":"Golden Idol","floor":3,"gold_loss":0}],"is_beta":false,"boss_relics":[],"items_purged_floors":[],"is_endless":false,"potions_floor_spawned":[1],"killed_by":"Lagavulin","ascension_level":14}