{"gold_per_floor":[114,114,133,133,133,162,177,177,230,230,250,263,298,314,314,410,410,424,440,365,86,102,136,146,162,185,185,212,223,249,271,283,400,412,442,43,61,73,73,102,120,147,147,147,0,16,50,70,70,70],"floor_reached":51,"playtime":1906,"items_purged":["Strike_R","Defend_R"],"score":1332,"play_id":"ffdf79b2-f1d5-47f1-8711-6c2a03563f20","local_time":"20181015160519","is_ascension_mode":true,"campfire_choices":[{"data":"Rampage","floor":8.0,"key":"SMITH"},{"data":"Shockwave","floor":10.0,"key":"SMITH"},{"floor":15.0,"key":"REST"},{"floor":32,"key":"REST"},{"data":"Double Tap","floor":44,"key":"SMITH"},{"floor":49,"key":"REST"}],"neow_cost":"","seed_source_timestamp":0,"circlet_count":0,"master_deck":["Strike_R+1","Strike_R+1","Defend_R+1","Defend_R","Defend_R","Bash","AscendersBane","Headbutt+1","Rampage+1","Twin Strike","Shockwave+1","True Grit","Metallicize","Warcry","Battle Trance","Double Tap+1","Cleave","Anger+1","Shrug It Off+1","Power Through+1","Heavy Blade+1","Immolate","Doubt","Wild Strike+1","Body Slam+1"],"special_seed":0,"relics":["Burning Blood","Bag of Marbles","PreservedInsect","Bronze Scales","Velvet Choker","Brimstone","Bottled Flame","Vajra","Strawberry","MawBank","Busted Crown","Blood Vial","Whetstone","The Courier","Potion Belt","Boot","Red Mask","Red Skull"],"potions_floor_usage":[28,28,28,28,29,30,40,40,50,50],"damage_taken":[{"damage":6.0,"enemies":"Cultist","floor":1.0,"turns":4.0},{"damage":0.0,"enemies":"Small Slimes","floor":3.0,"turns":3.0},{"damage":27.0,"enemies":"Gremlin Nob","floor":6.0,"turns":4.0},{"damage":2.0,"enemies":"Jaw Worm","floor":7.0,"turns":3.0},{"damage":3.0,"enemies":"Looter","floor":11.0,"turns":3.0},{"damage":7.0,"enemies":"Exordium Wildlife","floor":12.0,"turns":3.0},{"damage":13.0,"enemies":"3 Sentries","floor":13.0,"turns":5.0},{"damage":13.0,"enemies":"Blue Slaver","floor":14.0,"turns":3.0},{"damage":17.0,"enemies":"Slime Boss","floor":16.0,"turns":6.0},{"damage":0.0,"enemies":"Chosen","floor":18.0,"turns":5.0},{"damage":24.0,"enemies":"Spheric Guardian","floor":19.0,"turns":6.0},{"damage":0.0,"enemies":"3 Cultists","floor":22.0,"turns":3.0},{"damage":21.0,"enemies":"Book of Stabbing","floor":23.0,"turns":3.0},{"damage":11.0,"enemies":"Snake Plant","floor":24.0,"turns":2.0},{"damage":20.0,"enemies":"Shelled Parasite and Fungi","floor":25.0,"turns":4.0},{"damage":5,"enemies":"Gremlin Leader","floor":28,"turns":5},{"damage":15,"enemies":"Centurion and Healer","floor":29,"turns":3},{"damage":19,"enemies":"Book of Stabbing","floor":30,"turns":3},{"damage":5,"enemies":"3 Cultists","floor":31,"turns":4},{"damage":26,"enemies":"Champ","floor":33,"turns":6},{"damage":0,"enemies":"3 Darklings","floor":35,"turns":3},{"damage":0,"enemies":"Orb Walker","floor":37,"turns":2},{"damage":0,"enemies":"3 Darklings","floor":38,"turns":2},{"damage":67,"enemies":"Nemesis","floor":40,"turns":5},{"damage":0,"enemies":"Transient","floor":41,"turns":5},{"damage":6,"enemies":"Giant Head","floor":42,"turns":5},{"damage":0,"enemies":"Reptomancer","floor":46,"turns":3},{"damage":7,"enemies":"2 Orb Walkers","floor":47,"turns":3},{"damage":0,"enemies":"Maw","floor":48,"turns":4},{"damage":75,"enemies":"Donu and Deca","floor":50,"turns":6}],"seed_played":"-7140728703831574980","potions_obtained":[{"floor":5.0,"key":"AttackPotion"},{"floor":5.0,"key":"SpeedPotion"},{"floor":5.0,"key":"Fire Potion"},{"floor":19.0,"key":"EntropicBrew"},{"floor":24.0,"key":"FearPotion"},{"floor":25.0,"key":"Ancient Potion"},{"floor":28,"key":"AttackPotion"},{"floor":33,"key":"Regen Potion"},{"floor":37,"key":"Block Potion"},{"floor":48,"key":"Fire Potion"}],"is_trial":false,"path_per_floor":["M","?","M","?","?","E","M","R","T","R","M","M","E","M","R","B",null,"M","M","?","$","M","E","M","M","T","?","E","M","E","M","R","B",null,"M","$","M","M","?","E","M","E","T","R","?","M","E","M","R","B"],"character_chosen":"IRONCLAD","items_purchased":["Brimstone","Blood Vial","Whetstone"],"campfire_rested":3,"item_purchase_floors":[21,36,36],"current_hp_per_floor":[72,65,71,55,55,34,38,38,38,38,41,40,33,26,50,39,70,76,58,58,58,64,49,44,30,30,30,38,29,16,17,43,23,71,77,77,85,87,87,35,43,45,45,45,45,53,54,62,87,18],"gold":70,"neow_bonus":"","is_prod":false,"is_daily":false,"chose_seed":false,"campfire_upgraded":3,"win_rate":0,"timestamp":1539612319,"path_taken":["M","?","M","?","?","E","M","R","T","R","M","M","E","M","R","BOSS","M","M","?","$","M","E","M","M","T","?","E","M","E","M","R","BOSS","M","$","M","M","?","E","?","E","T","R","?","M","E","M","R","BOSS"],"build_version":"2018-10-11","purchased_purges":2,"victory":true,"max_hp_per_floor":[80,80,80,80,80,80,80,80,80,80,80,80,80,80,80,80,80,80,80,80,80,80,80,80,80,80,80,87,87,87,87,87,87,87,87,87,87,87,87,87,87,87,87,87,87,87,87,87,87,87],"card_choices":[{"not_picked":["Armaments","Heavy Blade"],"picked":"Headbutt","floor":1.0},{"not_picked":["Pummel","Rupture"],"picked":"Rampage","floor":3.0},{"not_picked":["Anger","Clash"],"picked":"Twin Strike","floor":6.0},{"not_picked":["Rage","Warcry"],"picked":"Shockwave","floor":7.0},{"not_picked":["Intimidate","Second Wind"],"picked":"True Grit","floor":11.0},{"not_picked":["Pummel","Havoc"],"picked":"Metallicize","floor":12.0},{"not_picked":["Flex","Power Through"],"picked":"Warcry","floor":13.0},{"not_picked":["Evolve","Feel No Pain"],"picked":"Battle Trance","floor":14.0},{"not_picked":["Fiend Fire","Offering"],"picked":"Double Tap","floor":16.0},{"not_picked":["Havoc","Bloodletting"],"picked":"Cleave","floor":18.0},{"not_picked":["Power Through","Sever Soul","Wild Strike"],"picked":"SKIP","floor":19.0},{"not_picked":["Rampage","True Grit"],"picked":"Anger+1","floor":22.0},{"not_picked":["Flex","Twin Strike"],"picked":"Shrug It Off+1","floor":23.0},{"not_picked":["Headbutt","Bloodletting","Rupture+1"],"picked":"SKIP","floor":24.0},{"not_picked":["Combust","Perfected Strike"],"picked":"Power Through+1","floor":25.0},{"not_picked":["Dark Embrace","Body Slam","Carnage"],"picked":"SKIP","floor":28},{"not_picked":["Searing Blow","Whirlwind+1"],"picked":"Heavy Blade+1","floor":29},{"not_picked":["Cleave","Evolve+1","Perfected Strike"],"picked":"SKIP","floor":30},{"not_picked":["Armaments","Anger","Warcry"],"picked":"SKIP","floor":31},{"not_picked":["Barricade","Juggernaut"],"picked":"Immolate","floor":33},{"not_picked":["Rupture+1"],"picked":"SKIP","floor":35},{"not_picked":["Perfected Strike+1"],"picked":"SKIP","floor":37},{"not_picked":["Flex"],"picked":"SKIP","floor":38},{"not_picked":["Searing Blow"],"picked":"SKIP","floor":40},{"not_picked":["Burning Pact+1"],"picked":"SKIP","floor":41},{"not_picked":["Anger"],"picked":"SKIP","floor":42},{"not_picked":["Battle Trance"],"picked":"SKIP","floor":46},{"not_picked":[],"picked":"Wild Strike+1","floor":47},{"not_picked":[],"picked":"Body Slam+1","floor":48}],"player_experience":559481,"relics_obtained":[{"floor":6.0,"key":"Bag of Marbles"},{"floor":9.0,"key":"PreservedInsect"},{"floor":13.0,"key":"Bronze Scales"},{"floor":23.0,"key":"Bottled Flame"},{"floor":26.0,"key":"Vajra"},{"floor":28,"key":"Strawberry"},{"floor":30,"key":"MawBank"},{"floor":40,"key":"The Courier"},{"floor":42,"key":"Potion Belt"},{"floor":43,"key":"Boot"},{"floor":47,"key":"Red Skull"}],"event_choices":[{"event_name":"Golden Wing","player_choice":"Card Removal","floor":2.0,"damage_taken":0.0},{"event_name":"Shining Light","player_choice":"Entered Light","floor":4.0,"damage_taken":0.0},{"event_name":"The Lab","player_choice":"Got Potions","floor":5.0,"damage_taken":0.0},{"event_name":"Beggar","player_choice":"Gave Gold","floor":20.0,"damage_taken":0.0},{"event_name":"Ghosts","player_choice":"Ignored","floor":27.0,"damage_taken":0.0},{"event_name":"Match and Keep!","player_choice":"1 cards matched","floor":39,"damage_taken":0},{"event_name":"Tomb of Lord Red Mask","player_choice":"Paid","floor":45,"damage_taken":0}],"is_beta":false,"boss_relics":[{"not_picked":["Fusion Hammer","White Beast Statue"],"picked":"Velvet Choker"},{"not_picked":["Runic Pyramid","Lizard Tail"],"picked":"Busted Crown"}],"items_purged_floors":[21,36],"is_endless":false,"potions_floor_spawned":[6,7,11,13,19,24,25,28,33,37,38,48],"ascension_level":10}