{"path_per_floor":["M","M","$","M","M","E","M","M","T","?","M","E","?","E","R","B",null,"M","M","$","?","?","E","M","R","T","M","E","?","M","M","R","B",null,"M","?","$","M","?","R","E","R","T","?","E","M","R","?","R"],"character_chosen":"THE_SILENT","items_purchased":["Deflect","Dash","Dramatic Entrance","Ninja Scroll","Paper Crane","Leg Sweep","Endless Agony","Flash of Steel"],"gold_per_floor":[118,135,34,54,69,99,117,129,129,129,147,179,202,227,227,331,331,341,353,20,20,20,52,71,71,98,113,148,63,76,89,89,184,184,196,496,40,60,60,60,89,89,89,89,121,134,134,134,134],"floor_reached":50,"campfire_rested":6,"playtime":6339,"current_hp_per_floor":[77,75,75,75,72,76,76,90,90,90,90,90,90,68,91,54,91,90,90,90,90,63,50,50,50,50,36,19,19,22,32,50,27,63,54,54,54,30,30,48,18,36,36,36,19,19,37,29,47],"items_purged":[],"gold":134,"score":638,"play_id":"93ae2492-9fda-48e8-a3cb-b50c3ef0cb5b","is_prod":false,"is_daily":false,"is_ascension_mode":false,"campfire_upgraded":1,"path_taken":["M","M","$","M","M","E","M","M","T","?","M","E","?","E","R","BOSS","M","M","$","?","?","E","M","R","T","M","E","?","M","M","R","BOSS","M","?","$","M","?","R","E","R","T","?","E","M","R","?","R","BOSS"],"build_version":"2018-02-08-PROD1","purchased_purges":0,"victory":false,"master_deck":["Defend_G","Defend_G","Defend_G","Defend_G","Defend_G","Neutralize","Dash","Leg Sweep","Deflect","Dash","Choke","Die Die Die+1","Infinite Blades+1","Dagger Spray","Blade Dance","Escape Plan","Outmaneuver","Eviscerate","Envenom+1","Distraction","Glass Knife","Skewer+1","Deflect","Dramatic Entrance","Blade Dance","Bite","Bite","Bite","Bite","Bite","Noxious Fumes","Acrobatics+1","Dagger Throw+1","Adrenaline","Deflect+1","Bouncing Flask+1","Outmaneuver+1","Glass Knife+1","Poisoned Stab+1","Leg Sweep","Endless Agony","Flash of Steel","Terror","Flying Knee+1","Dagger Spray+1","Poisoned Stab+1","Blade Dance","Leg Sweep+1","Poisoned Stab+1","Madness","Madness","Slice+1"],"max_hp_per_floor":[77,77,77,77,77,91,91,91,91,91,91,91,91,91,91,91,91,91,91,91,91,63,63,63,63,63,63,63,63,63,63,63,63,63,63,63,63,63,63,63,63,63,63,63,63,63,63,63,63],"relics":["Ring of the Snake","Mango","Juzu Bracelet","Oddly Smooth Stone","Odd Mushroom","Snake Skull","White Beast Statue","Ninja Scroll","Dream Catcher","Anchor","Pen Nib","Bronze Scales","The Specimen","Paper Crane","Bag of Preparation","Bird Faced Urn","Whetstone"],"card_choices":[{"not_picked":["Escape Plan","Poisoned Stab"],"picked":"Dash"},{"not_picked":["Unload","Acrobatics"],"picked":"Leg Sweep"},{"not_picked":["Footwork","Deadly Poison"],"picked":"Choke"},{"not_picked":["Flying Knee","PiercingWail"],"picked":"Die Die Die"},{"not_picked":["Well Laid Plans","Phantasmal Killer"],"picked":"Infinite Blades"},{"not_picked":["Dagger Throw","Infinite Blades"],"picked":"Dagger Spray"},{"not_picked":["Dagger Throw","Slice"],"picked":"Blade Dance"},{"not_picked":["Caltrops","Expertise"],"picked":"Outmaneuver"},{"not_picked":["Backflip","Deadly Poison"],"picked":"Eviscerate"},{"not_picked":["Slice","Sucker Punch"],"picked":"Envenom"},{"not_picked":["Deflect","Quick Slash"],"picked":"Distraction"},{"not_picked":["Die Die Die","Envenom"],"picked":"Glass Knife"},{"not_picked":["Dagger Throw","Dash"],"picked":"Skewer"},{"not_picked":["Poisoned Stab","Backflip"],"picked":"Deflect"},{"not_picked":["Deflect","Prepared"],"picked":"Noxious Fumes"},{"not_picked":["Footwork","Poisoned Stab"],"picked":"Acrobatics"},{"not_picked":["Caltrops","Eviscerate"],"picked":"Dagger Throw"},{"not_picked":["Outmaneuver","Quick Slash"],"picked":"Adrenaline"},{"not_picked":["Catalyst","Dagger Throw"],"picked":"Deflect"},{"not_picked":["Dagger Spray","Backflip"],"picked":"Bouncing Flask"},{"not_picked":["Night Terror","Dagger Spray"],"picked":"Outmaneuver"},{"not_picked":["Phantasmal Killer","Wraith Form"],"picked":"Glass Knife"},{"not_picked":["Outmaneuver","Prepared"],"picked":"Poisoned Stab"},{"not_picked":["Prepared","All Out Attack"],"picked":"Terror"},{"not_picked":["Calculated Gamble","Choke"],"picked":"Flying Knee"},{"not_picked":["Backflip","Deadly Poison"],"picked":"Dagger Spray"},{"not_picked":["Dagger Throw","Deflect"],"picked":"Poisoned Stab"},{"not_picked":["Calculated Gamble","Adrenaline"],"picked":"Blade Dance"},{"not_picked":["Finisher","Sucker Punch"],"picked":"Leg Sweep"},{"not_picked":["Deadly Poison","Outmaneuver"],"picked":"Poisoned Stab"},{"not_picked":["Dodge and Roll","Poisoned Stab"],"picked":"Slice"}],"player_experience":32094,"potions_floor_usage":[6,8,12,16,16,23,23,24,27,28,28,30,31,33,35,38,41,46,46,50],"damage_taken":[{"damage":0,"enemies":"Jaw Worm","floor":1,"turns":5},{"damage":2,"enemies":"Blue Slaver","floor":2,"turns":6},{"damage":0,"enemies":"2 Louse","floor":4,"turns":4},{"damage":3,"enemies":"2 Fungi Beasts","floor":5,"turns":4},{"damage":10,"enemies":"Gremlin Nob","floor":6,"turns":4},{"damage":0,"enemies":"Red Slaver","floor":7,"turns":5},{"damage":1,"enemies":"Exordium Wildlife","floor":8,"turns":6},{"damage":0,"enemies":"3 Louse","floor":11,"turns":1},{"damage":0,"enemies":"3 Sentries","floor":12,"turns":4},{"damage":0,"enemies":"The Mushroom Lair","floor":13,"turns":2},{"damage":22,"enemies":"Gremlin Nob","floor":14,"turns":4},{"damage":37,"enemies":"Hexaghost","floor":16,"turns":9},{"damage":1,"enemies":"3 Byrds","floor":18,"turns":7},{"damage":0,"enemies":"Chosen","floor":19,"turns":5},{"damage":15,"enemies":"Slavers","floor":23,"turns":3},{"damage":0,"enemies":"3 Cultists","floor":24,"turns":5},{"damage":27,"enemies":"Cultist and Chosen","floor":27,"turns":4},{"damage":21,"enemies":"Book of Stabbing","floor":28,"turns":7},{"damage":3,"enemies":"Centurion and Healer","floor":30,"turns":4},{"damage":0,"enemies":"Snecko","floor":31,"turns":3},{"damage":31,"enemies":"Collector","floor":33,"turns":8},{"damage":11,"enemies":"3 Darklings","floor":35,"turns":4},{"damage":26,"enemies":"3 Shapes","floor":38,"turns":4},{"damage":30,"enemies":"2 Orb Walkers","floor":41,"turns":4},{"damage":25,"enemies":"Nemesis","floor":45,"turns":4},{"damage":2,"enemies":"Sphere and 2 Shapes","floor":46,"turns":3},{"damage":62,"enemies":"Donu and Deca","floor":50,"turns":6}],"event_choices":[{"event_name":"Transmorgrifier","player_choice":"Transform","floor":10,"damage_taken":0},{"event_name":"Mushrooms","player_choice":"Fought Mushrooms","floor":13,"damage_taken":0},{"event_name":"The Library","player_choice":"Read","floor":21,"damage_taken":0},{"event_name":"Vampires","player_choice":"Became a vampire","floor":22,"damage_taken":0},{"event_name":"Addict","player_choice":"Obtained Relic","floor":29,"damage_taken":0},{"event_name":"Wheel of Change","player_choice":"Gold","floor":36,"damage_taken":0},{"event_name":"Upgrade Shrine","player_choice":"Upgraded","floor":44,"damage_taken":0},{"event_name":"Winding Halls","player_choice":"Embrace Madness","floor":48,"damage_taken":0}],"boss_relics":[{"not_picked":["Question Card","Velvet Choker"],"picked":"White Beast Statue"},{"not_picked":["Sozu","Tiny House"],"picked":"The Specimen"}],"potions_floor_spawned":[1,5,6,7,13,14,18,19,23,24,27,28,30,31,33,35,38,41,45,46],"seed_played":"-2409352421835342741","killed_by":"Donu and Deca","ascension_level":0,"is_trial":false}