{"gold_per_floor":[113,124,199,199,215,215,243,257,310,337,350,382,135,163,163,261,261,276,288,288,288,306,337,337,367,367,367,381,59,9,39,39,139,139,150,167,185,285,63,63,91,102,125,150,162,201,223,265,277,289,301,313,65,96,96],"floor_reached":56,"playtime":7115,"items_purged":["Strike_R","Strike_R","Dual Wield","Defend_R","Defend_R"],"score":1566,"play_id":"ea3aff59-1b43-4188-a9f7-b93cb580ed78","local_time":"20190326014952","is_ascension_mode":true,"campfire_choices":[{"data":"Rage","floor":6,"key":"SMITH"},{"data":"Body Slam","floor":15,"key":"SMITH"},{"data":"Body Slam","floor":24,"key":"SMITH"},{"data":"Double Tap","floor":27,"key":"SMITH"},{"data":"Flame Barrier","floor":32,"key":"SMITH"},{"data":"Entrench","floor":40,"key":"SMITH"},{"floor":49,"key":"RECALL"},{"data":"Offering","floor":52,"key":"SMITH"}],"neow_cost":"NONE","seed_source_timestamp":171848417521777,"circlet_count":0,"master_deck":["Strike_R","Strike_R","Strike_R","Defend_R","Defend_R","Bash","Rage+1","Clothesline","Body Slam+1","Double Tap+1","Body Slam+1","Uppercut","Rage+1","Flame Barrier+1","Demon Form+1","Shrug It Off+1","Metallicize+1","Offering+1","Berserk+1","Entrench+1","Barricade+1","Master of Strategy","Exhume","Regret","Normality","Offering"],"relics":["Burning Blood","Bronze Scales","Meat on the Bone","Smiling Mask","Boot","Juzu Bracelet","Paper Frog","DollysMirror","Frozen Egg 2","Eternal Feather","MutagenicStrength","Strawberry","Bottled Lightning","Nunchaku","Membership Card","Vajra","Ancient Tea Set","Cursed Key","Unceasing Top","Mercury Hourglass","MawBank","Bottled Tornado","Bag of Preparation","Blood Vial","Mummified Hand","Blue Candle"],"potions_floor_usage":[8,12,16,22,23,25,33,37,44,46,46,50,55,55,55],"damage_taken":[{"damage":2,"enemies":"2 Louse","floor":1,"turns":3},{"damage":0,"enemies":"Small Slimes","floor":2,"turns":3},{"damage":0,"enemies":"Cultist","floor":5,"turns":3},{"damage":20,"enemies":"Lagavulin","floor":7,"turns":8},{"damage":0,"enemies":"Red Slaver","floor":8,"turns":4},{"damage":17,"enemies":"3 Sentries","floor":10,"turns":8},{"damage":1,"enemies":"Blue Slaver","floor":11,"turns":3},{"damage":7,"enemies":"Gremlin Nob","floor":12,"turns":4},{"damage":8,"enemies":"3 Sentries","floor":14,"turns":8},{"damage":30,"enemies":"The Guardian","floor":16,"turns":7},{"damage":10,"enemies":"Spheric Guardian","floor":18,"turns":4},{"damage":17,"enemies":"3 Byrds","floor":19,"turns":3},{"damage":26,"enemies":"Shelled Parasite and Fungi","floor":22,"turns":6},{"damage":11,"enemies":"Slavers","floor":23,"turns":7},{"damage":40,"enemies":"Gremlin Leader","floor":25,"turns":7},{"damage":7,"enemies":"Snecko","floor":28,"turns":6},{"damage":32,"enemies":"Slavers","floor":31,"turns":6},{"damage":28,"enemies":"Champ","floor":33,"turns":8},{"damage":20,"enemies":"3 Darklings","floor":35,"turns":6},{"damage":15,"enemies":"3 Shapes","floor":36,"turns":6},{"damage":6,"enemies":"Maw","floor":37,"turns":5},{"damage":6,"enemies":"Mind Bloom Boss Battle","floor":38,"turns":4},{"damage":6,"enemies":"Giant Head","floor":41,"turns":4},{"damage":15,"enemies":"3 Darklings","floor":42,"turns":4},{"damage":21,"enemies":"Nemesis","floor":44,"turns":9},{"damage":45,"enemies":"Reptomancer","floor":46,"turns":9},{"damage":4,"enemies":"Sphere and 2 Shapes","floor":47,"turns":6},{"damage":8,"enemies":"Giant Head","floor":48,"turns":7},{"damage":37,"enemies":"Time Eater","floor":50,"turns":10},{"damage":14,"enemies":"Shield and Spear","floor":54,"turns":3},{"damage":40,"enemies":"The Heart","floor":55,"turns":8}],"seed_played":"-2446633423632460332","potions_obtained":[{"floor":1,"key":"SkillPotion"},{"floor":2,"key":"AttackPotion"},{"floor":5,"key":"SkillPotion"},{"floor":11,"key":"AttackPotion"},{"floor":12,"key":"Explosive Potion"},{"floor":18,"key":"EssenceOfSteel"},{"floor":22,"key":"SkillPotion"},{"floor":31,"key":"Energy Potion"},{"floor":35,"key":"GamblersBrew"},{"floor":36,"key":"Dexterity Potion"},{"floor":37,"key":"Fruit Juice"},{"floor":42,"key":"LiquidBronze"},{"floor":44,"key":"Weak Potion"}],"is_trial":false,"path_per_floor":["?","?","M","$","?","?","$","?","$","T"],"character_chosen":"IRONCLAD","items_purchased":["DollysMirror","Membership Card","Vajra","Barricade+1","Master of Strategy","Mummified Hand","EssenceOfSteel","SteroidPotion","SkillPotion"],"campfire_rested":0,"item_purchase_floors":[13,29,29,39,39,53,53,53,53],"current_hp_per_floor":[80,80,69,69,75,75,61,67,67,56,61,60,60,58,58,46,80,76,65,65,65,57,59,71,49,49,61,60,60,60,46,58,48,87,73,64,69,69,69,81,81,72,72,57,57,30,44,54,69,52,92,92,92,84,64],"gold":96,"neow_bonus":"RANDOM_COMMON_RELIC","is_prod":false,"is_daily":false,"chose_seed":false,"campfire_upgraded":7,"win_rate":0,"timestamp":1553539792,"path_taken":["M","M","?","?","?","R","E","M","T","E","M","E","?","E","R","BOSS","M","M","?","?","M","E","R","E","T","R","M","?","$","E","R","BOSS","M","M","M","?","?","R","E","M","T","E","?","E","M","E","R","BOSS","R","$","E","BOSS"],"build_version":"2019-01-23","purchased_purges":5,"victory":true,"max_hp_per_floor":[80,80,80,80,80,80,80,80,80,80,80,80,80,80,80,80,80,80,80,80,80,80,87,87,87,87,87,87,87,87,87,87,87,87,87,87,92,92,92,92,92,92,92,92,92,92,92,92,92,92,92,92,92,92,92],"card_choices":[{"not_picked":["Dropkick","Metallicize"],"picked":"Rage","floor":1},{"not_picked":["Iron Wave","Warcry"],"picked":"Clothesline","floor":2},{"not_picked":["Flex","Heavy Blade"],"picked":"Body Slam","floor":5},{"not_picked":["Feel No Pain","Clash","Warcry"],"picked":"SKIP","floor":7},{"not_picked":["Searing Blow","Anger"],"picked":"Double Tap","floor":8},{"not_picked":["Wild Strike","Burning Pact"],"picked":"Dual Wield","floor":10},{"not_picked":["Anger","Flex"],"picked":"Body Slam","floor":11},{"not_picked":["Corruption","Twin Strike"],"picked":"Uppercut","floor":12},{"not_picked":["Clothesline","Dropkick"],"picked":"Flame Barrier","floor":14},{"not_picked":["Limit Break","Dark Embrace+1"],"picked":"Demon Form+1","floor":16},{"not_picked":["Havoc","True Grit+1","Iron Wave"],"picked":"SKIP","floor":18},{"not_picked":["Carnage","Pommel Strike"],"picked":"Shrug It Off+1","floor":19},{"not_picked":["True Grit+1","Iron Wave+1","Warcry"],"picked":"SKIP","floor":22},{"not_picked":["Dropkick","Reckless Charge","Corruption+1"],"picked":"SKIP","floor":23},{"not_picked":["Twin Strike+1","Flex+1"],"picked":"Offering","floor":25},{"not_picked":["Evolve+1","Hemokinesis","Iron Wave"],"picked":"SKIP","floor":28},{"not_picked":["Bludgeon","True Grit","Iron Wave"],"picked":"SKIP","floor":31},{"not_picked":["Feed","Immolate"],"picked":"Berserk+1","floor":33},{"not_picked":["Clothesline+1","Twin Strike+1","Shrug It Off"],"picked":"SKIP","floor":35},{"not_picked":["Spot Weakness","Second Wind+1","Clothesline+1"],"picked":"SKIP","floor":36},{"not_picked":["Havoc","Twin Strike+1"],"picked":"Entrench","floor":37},{"not_picked":["Headbutt+1","Iron Wave","Twin Strike+1"],"picked":"SKIP","floor":41},{"not_picked":["Wild Strike","Pummel"],"picked":"Exhume","floor":42},{"not_picked":["Limit Break","Sword Boomerang","True Grit"],"picked":"SKIP","floor":44},{"not_picked":["Iron Wave","Seeing Red","Clash"],"picked":"SKIP","floor":46},{"not_picked":["True Grit+1","Bloodletting+1","Searing Blow+1"],"picked":"SKIP","floor":47},{"not_picked":["Anger+1","Second Wind"],"picked":"Offering","floor":48},{"not_picked":["Heavy Blade+1","Cleave+1","Rampage"],"picked":"SKIP","floor":54}],"player_experience":121737,"relics_obtained":[{"floor":7,"key":"Smiling Mask"},{"floor":9,"key":"Boot"},{"floor":10,"key":"Juzu Bracelet"},{"floor":12,"key":"Paper Frog"},{"floor":14,"key":"Frozen Egg 2"},{"floor":23,"key":"Strawberry"},{"floor":25,"key":"Bottled Lightning"},{"floor":26,"key":"Nunchaku"},{"floor":31,"key":"Ancient Tea Set"},{"floor":38,"key":"Unceasing Top"},{"floor":41,"key":"Mercury Hourglass"},{"floor":44,"key":"MawBank"},{"floor":45,"key":"Bottled Tornado"},{"floor":46,"key":"Bag of Preparation"},{"floor":48,"key":"Blood Vial"},{"floor":54,"key":"Blue Candle"}],"event_choices":[{"damage_healed":0,"gold_gain":75,"player_choice":"Gather Gold","damage_taken":11,"max_hp_gain":0,"max_hp_loss":0,"event_name":"World of Goop","floor":3,"gold_loss":0},{"damage_healed":0,"gold_gain":0,"player_choice":"Gave Potion","damage_taken":0,"relics_obtained":["Meat on the Bone"],"max_hp_gain":0,"max_hp_loss":0,"event_name":"WeMeetAgain","floor":4,"gold_loss":0},{"damage_healed":0,"gold_gain":0,"player_choice":"Inject Mutagens","damage_taken":0,"relics_obtained":["MutagenicStrength"],"max_hp_gain":0,"max_hp_loss":0,"event_name":"Drug Dealer","floor":20,"gold_loss":0},{"damage_healed":0,"gold_gain":0,"player_choice":"Read","damage_taken":0,"max_hp_gain":0,"max_hp_loss":0,"event_name":"The Library","floor":21,"gold_loss":0,"cards_obtained":["Metallicize"]},{"damage_healed":0,"gold_gain":0,"player_choice":"Fight","damage_taken":0,"max_hp_gain":0,"max_hp_loss":0,"event_name":"MindBloom","floor":38,"gold_loss":0}],"is_beta":false,"boss_relics":[{"not_picked":["Runic Dome","Runic Cube"],"picked":"Eternal Feather"},{"not_picked":["Sozu","Velvet Choker"],"picked":"Cursed Key"}],"items_purged_floors":[13,29,30,39,53],"is_endless":false,"potions_floor_spawned":[1,2,5,11,12,18,22,31,35,36,37,42,44,54],"ascension_level":2}