{"gold_per_floor":[117,130,8,8,108,137,148,176,176,176,207,207,219,231,231,306,306,326,326,326,251],"floor_reached":21,"playtime":1123,"items_purged":["Strike_B"],"score":335,"play_id":"ce9fff08-0053-4f67-b724-4f392a0db57b","local_time":"20190423211841","is_ascension_mode":true,"campfire_choices":[{"data":"Buffer","floor":10,"key":"SMITH"},{"data":"Zap","floor":12,"key":"SMITH"},{"data":"Capacitor","floor":15,"key":"SMITH"}],"neow_cost":"TEN_PERCENT_HP_LOSS","seed_source_timestamp":21021302793559,"circlet_count":0,"master_deck":["AscendersBane","Strike_B+1","Strike_B+1","Strike_B+1","Defend_B+1","Defend_B+1","Defend_B+1","Defend_B+1","Zap+1","Dualcast","Ball Lightning","Ball Lightning","Conserve Battery","Buffer+1","Barrage","Ball Lightning","Capacitor+1","Echo Form","Consume","Defragment"],"relics":["Cracked Core","Prayer Wheel","Oddly Smooth Stone","Incense Burner","Meat on the Bone","Ancient Tea Set","Cursed Key"],"potions_floor_usage":[11,18],"damage_taken":[{"damage":0,"enemies":"2 Louse","floor":1,"turns":4},{"damage":0,"enemies":"Cultist","floor":2,"turns":2},{"damage":26,"enemies":"3 Sentries","floor":6,"turns":7},{"damage":0,"enemies":"Jaw Worm","floor":7,"turns":2},{"damage":16,"enemies":"Gremlin Nob","floor":8,"turns":5},{"damage":10,"enemies":"3 Sentries","floor":11,"turns":6},{"damage":0,"enemies":"Exordium Wildlife","floor":13,"turns":3},{"damage":5,"enemies":"Looter","floor":14,"turns":3},{"damage":1,"enemies":"The Guardian","floor":16,"turns":10},{"damage":14,"enemies":"Shell Parasite","floor":18,"turns":4},{"damage":31,"enemies":"2 Thieves","floor":21,"turns":3}],"seed_played":"-1626632106552217619","potions_obtained":[{"floor":1,"key":"PowerPotion"},{"floor":11,"key":"Ancient Potion"},{"floor":14,"key":"FairyPotion"},{"floor":16,"key":"Explosive Potion"}],"is_trial":false,"path_per_floor":["M","M","$","?","?","E","M","E","T","R","E","R","M","M","R","B",null,"M","?","?","M"],"character_chosen":"DEFECT","items_purchased":["Conserve Battery"],"campfire_rested":0,"item_purchase_floors":[3],"current_hp_per_floor":[64,64,64,64,64,38,38,22,22,22,24,24,36,43,43,42,59,45,29,29,0],"gold":251,"neow_bonus":"ONE_RARE_RELIC","is_prod":false,"is_daily":false,"chose_seed":false,"campfire_upgraded":3,"win_rate":0,"timestamp":1556065121,"path_taken":["M","M","$","?","?","E","M","E","T","R","E","R","M","M","R","BOSS","M","?","?","?"],"build_version":"2019-01-23","purchased_purges":1,"victory":false,"max_hp_per_floor":[64,64,64,64,64,64,64,64,64,64,64,64,64,64,64,64,64,64,64,64,64],"card_choices":[{"not_picked":["Coolheaded","Sweeping Beam"],"picked":"Ball Lightning","floor":1},{"not_picked":["Skim","Reinforced Body","Rebound"],"picked":"SKIP","floor":1},{"not_picked":["Barrage","Turbo"],"picked":"Ball Lightning","floor":2},{"not_picked":["White Noise","Loop","Streamline"],"picked":"SKIP","floor":2},{"not_picked":["Turbo","Compile Driver","Darkness"],"picked":"SKIP","floor":6},{"not_picked":["Loop","Beam Cell"],"picked":"Buffer","floor":7},{"not_picked":["Double Energy","Sweeping Beam","Rip and Tear"],"picked":"SKIP","floor":7},{"not_picked":["Sweeping Beam","Redo"],"picked":"Barrage","floor":8},{"not_picked":["Hologram","Gash","Loop"],"picked":"SKIP","floor":11},{"not_picked":["Leap","Steam"],"picked":"Ball Lightning","floor":13},{"not_picked":["Barrage","Cold Snap","Coolheaded"],"picked":"SKIP","floor":13},{"not_picked":["Self Repair","Steam"],"picked":"Capacitor","floor":14},{"not_picked":["Cold Snap","Chill","Beam Cell"],"picked":"SKIP","floor":14},{"not_picked":["Amplify","Meteor Strike"],"picked":"Echo Form","floor":16},{"not_picked":["Barrage","Rebound+1"],"picked":"Consume","floor":18},{"not_picked":["Self Repair","Cold Snap"],"picked":"Defragment","floor":18}],"player_experience":738249,"relics_obtained":[{"floor":6,"key":"Oddly Smooth Stone"},{"floor":8,"key":"Incense Burner"},{"floor":9,"key":"Meat on the Bone"},{"floor":11,"key":"Ancient Tea Set"}],"event_choices":[{"damage_healed":0,"gold_gain":0,"player_choice":"Ignored","damage_taken":0,"max_hp_gain":0,"max_hp_loss":0,"event_name":"Shining Light","floor":4,"gold_loss":0},{"damage_healed":0,"gold_gain":100,"player_choice":"Pray","damage_taken":0,"max_hp_gain":0,"max_hp_loss":0,"event_name":"Golden Shrine","floor":5,"gold_loss":0},{"damage_healed":0,"gold_gain":0,"player_choice":"Obtained Book","damage_taken":16,"max_hp_gain":0,"max_hp_loss":0,"event_name":"Cursed Tome","floor":19,"gold_loss":0},{"damage_healed":0,"gold_gain":0,"player_choice":"Simplicity","damage_taken":0,"max_hp_gain":0,"max_hp_loss":0,"event_name":"Back to Basics","floor":20,"gold_loss":0,"cards_upgraded":["Strike_B","Strike_B","Strike_B","Defend_B","Defend_B","Defend_B","Defend_B"]}],"is_beta":false,"boss_relics":[{"not_picked":["Lizard Tail","Nuclear Battery"],"picked":"Cursed Key"}],"items_purged_floors":[3],"is_endless":false,"potions_floor_spawned":[1,11,14,16],"killed_by":"2 Thieves","ascension_level":14}