{"gold_per_floor":[116,116,41,59,59,59,95,95,95,95,109,109,132,151,151,281,281,296,311,324,46,46,46,71,25,25,66,89,109,9,28,28,154,154,179,179,195,208,233,233,264,279,325,325,54,69,90,0,0,0,0,0,0,43,43],"floor_reached":55,"playtime":4807,"items_purged":["Defend_R","Strike_R","Strike_R"],"score":784,"play_id":"7f0c6383-7746-45a2-b6f3-7f7bf8401e08","local_time":"20190323010822","is_ascension_mode":true,"campfire_choices":[{"data":"Feed","floor":6,"key":"SMITH"},{"data":"Spot Weakness","floor":8,"key":"SMITH"},{"data":"Bash","floor":10,"key":"SMITH"},{"data":"Iron Wave","floor":12,"key":"SMITH"},{"data":"Pommel Strike","floor":15,"key":"SMITH"},{"data":"Whirlwind","floor":23,"key":"SMITH"},{"floor":32,"key":"REST"},{"data":"Heavy Blade","floor":40,"key":"SMITH"},{"data":"Heavy Blade","floor":44,"key":"SMITH"},{"floor":49,"key":"RECALL"},{"data":"Heavy Blade","floor":52,"key":"SMITH"}],"neow_cost":"NONE","seed_source_timestamp":81424190527470,"circlet_count":0,"master_deck":["Strike_R","Strike_R","Strike_R","Defend_R","Defend_R","Defend_R","Bash+1","Spot Weakness+1","Feed+1","Shrug It Off","Iron Wave+1","Pommel Strike+1","Limit Break+1","Reaper","Heavy Blade+1","Whirlwind+1","Good Instincts+1","Heavy Blade+1","Seeing Red+1","Heavy Blade+1","Flex+1","Flex+1","Flex+1","Parasite","Thunderclap+1","Disarm+1"],"relics":["Burning Blood","NeowsBlessing","Golden Idol","Dodecahedron","Toxic Egg 2","Black Star","Chemical X","Matryoshka","Bronze Scales","Runic Pyramid","PreservedInsect","Self Forming Clay","Juzu Bracelet","Art of War","Vajra","Red Mask","Dead Branch","Happy Flower"],"potions_floor_usage":[14,27,29,31,35,50,50,55],"damage_taken":[{"damage":0,"enemies":"Cultist","floor":1,"turns":1},{"damage":0,"enemies":"2 Louse","floor":4,"turns":1},{"damage":0,"enemies":"Gremlin Nob","floor":7,"turns":2},{"damage":0,"enemies":"Small Slimes","floor":11,"turns":3},{"damage":4,"enemies":"Blue Slaver","floor":13,"turns":3},{"damage":8,"enemies":"Exordium Wildlife","floor":14,"turns":2},{"damage":65,"enemies":"Slime Boss","floor":16,"turns":11},{"damage":16,"enemies":"Shell Parasite","floor":18,"turns":6},{"damage":19,"enemies":"Spheric Guardian","floor":19,"turns":5},{"damage":11,"enemies":"Centurion and Healer","floor":20,"turns":5},{"damage":18,"enemies":"Shelled Parasite and Fungi","floor":24,"turns":4},{"damage":39,"enemies":"Gremlin Leader","floor":27,"turns":5},{"damage":6,"enemies":"Snake Plant","floor":28,"turns":2},{"damage":24,"enemies":"Centurion and Healer","floor":29,"turns":5},{"damage":15,"enemies":"Snecko","floor":31,"turns":5},{"damage":63,"enemies":"Collector","floor":33,"turns":9},{"damage":5,"enemies":"3 Darklings","floor":35,"turns":2},{"damage":2,"enemies":"3 Shapes","floor":37,"turns":2},{"damage":31,"enemies":"Maw","floor":38,"turns":6},{"damage":42,"enemies":"Writhing Mass","floor":39,"turns":5},{"damage":14,"enemies":"Giant Head","floor":41,"turns":5},{"damage":24,"enemies":"Jaw Worm Horde","floor":42,"turns":2},{"damage":58,"enemies":"4 Shapes","floor":46,"turns":5},{"damage":9,"enemies":"3 Darklings","floor":47,"turns":2},{"damage":82,"enemies":"Donu and Deca","floor":50,"turns":7},{"damage":29,"enemies":"Shield and Spear","floor":54,"turns":4},{"damage":128,"enemies":"The Heart","floor":55,"turns":9}],"seed_played":"2684628380542686044","potions_obtained":[{"floor":1,"key":"PowerPotion"},{"floor":5,"key":"FairyPotion"},{"floor":5,"key":"EssenceOfSteel"},{"floor":5,"key":"FairyPotion"},{"floor":18,"key":"FearPotion"},{"floor":19,"key":"SteroidPotion"},{"floor":28,"key":"Poison Potion"},{"floor":29,"key":"Weak Potion"},{"floor":33,"key":"Block Potion"},{"floor":38,"key":"BloodPotion"},{"floor":39,"key":"SkillPotion"},{"floor":54,"key":"EssenceOfSteel"}],"is_trial":false,"path_per_floor":["?","?","M","?","M","?","?"],"character_chosen":"IRONCLAD","items_purchased":["Chemical X","Whirlwind","Heavy Blade","Vajra"],"campfire_rested":1,"item_purchase_floors":[21,21,25,45],"current_hp_per_floor":[80,60,60,66,66,66,76,76,76,76,86,86,88,90,90,31,92,82,69,64,64,46,46,34,34,34,32,32,22,22,25,52,11,92,92,92,92,92,87,87,79,61,61,61,61,61,58,58,58,25,96,96,96,97,0],"gold":43,"neow_bonus":"THREE_ENEMY_KILL","is_prod":false,"is_daily":false,"chose_seed":false,"campfire_upgraded":9,"win_rate":0,"timestamp":1553278102,"path_taken":["M","?","$","M","?","R","E","R","T","R","M","R","M","?","R","BOSS","M","M","M","$","?","R","M","$","T","E","?","M","$","M","R","BOSS","M","?","M","M","M","R","E","M","T","R","$","M","M","?","R","BOSS","R","$","E","BOSS"],"build_version":"2019-01-23","purchased_purges":3,"victory":false,"max_hp_per_floor":[80,80,80,80,80,80,84,84,84,84,88,88,88,92,92,92,92,92,92,92,92,92,92,92,92,92,92,92,92,92,92,92,92,92,92,92,92,92,96,96,96,96,96,96,96,96,96,96,96,96,96,96,96,100,100],"card_choices":[{"not_picked":["Body Slam","Clash"],"picked":"Spot Weakness","floor":1},{"not_picked":["Twin Strike","Feel No Pain"],"picked":"Feed","floor":4},{"not_picked":["True Grit","Perfected Strike"],"picked":"Shrug It Off","floor":7},{"not_picked":["Blood for Blood","Clash"],"picked":"Iron Wave","floor":11},{"not_picked":["Havoc+1","Wild Strike"],"picked":"Pommel Strike","floor":13},{"not_picked":["Disarm+1","Inflame"],"picked":"Limit Break+1","floor":14},{"not_picked":["Juggernaut","Berserk"],"picked":"Reaper","floor":16},{"not_picked":["Sword Boomerang","Warcry+1","Second Wind+1"],"picked":"SKIP","floor":18},{"not_picked":["Anger+1","Havoc+1"],"picked":"Heavy Blade","floor":19},{"not_picked":["Sentinel+1","Iron Wave","Armaments+1"],"picked":"SKIP","floor":20},{"not_picked":["Evolve+1","Dark Embrace","Wild Strike+1"],"picked":"SKIP","floor":24},{"not_picked":["Carnage","True Grit+1"],"picked":"Seeing Red+1","floor":27},{"not_picked":["Evolve","Wild Strike"],"picked":"Heavy Blade","floor":28},{"not_picked":["Sword Boomerang+1","Perfected Strike+1","Headbutt"],"picked":"SKIP","floor":29},{"not_picked":["Dual Wield+1","Clash+1"],"picked":"Flex+1","floor":31},{"not_picked":["Immolate","Bludgeon"],"picked":"Brutality","floor":33},{"not_picked":["Cleave+1","Headbutt"],"picked":"Flex+1","floor":35},{"not_picked":["Thunderclap","Rampage"],"picked":"Flex+1","floor":37},{"not_picked":["Twin Strike+1","Uppercut+1","Iron Wave"],"picked":"SKIP","floor":38},{"not_picked":["Sword Boomerang","Pommel Strike+1"],"picked":"Thunderclap+1","floor":39},{"not_picked":["Dark Embrace","Shockwave+1","Cleave+1"],"picked":"SKIP","floor":41},{"not_picked":["Dual Wield+1","Pummel+1","Perfected Strike+1"],"picked":"SKIP","floor":42},{"not_picked":["Armaments+1","Twin Strike"],"picked":"Disarm+1","floor":46},{"not_picked":["Fire Breathing+1","Warcry+1","Heavy Blade"],"picked":"SKIP","floor":47},{"not_picked":["Heavy Blade+1","Bloodletting+1","Sever Soul+1"],"picked":"SKIP","floor":54}],"player_experience":104621,"relics_obtained":[{"floor":7,"key":"Dodecahedron"},{"floor":9,"key":"Toxic Egg 2"},{"floor":27,"key":"Matryoshka"},{"floor":27,"key":"Bronze Scales"},{"floor":41,"key":"PreservedInsect"},{"floor":41,"key":"Self Forming Clay"},{"floor":43,"key":"Juzu Bracelet"},{"floor":43,"key":"Art of War"},{"floor":54,"key":"Dead Branch"},{"floor":54,"key":"Happy Flower"}],"event_choices":[{"damage_healed":0,"gold_gain":0,"player_choice":"Take Damage","damage_taken":20,"relics_obtained":["Golden Idol"],"max_hp_gain":0,"max_hp_loss":0,"event_name":"Golden Idol","floor":2,"gold_loss":0},{"damage_healed":0,"gold_gain":0,"player_choice":"Got Potions","damage_taken":0,"max_hp_gain":0,"max_hp_loss":0,"event_name":"Lab","floor":5,"gold_loss":0},{"damage_healed":0,"gold_gain":0,"player_choice":"CARD ","damage_taken":18,"max_hp_gain":0,"max_hp_loss":0,"event_name":"Knowing Skull","floor":22,"potions_obtained":[],"gold_loss":0,"cards_obtained":["Good Instincts"]},{"cards_removed":["Brutality"],"damage_healed":0,"gold_gain":0,"player_choice":"Removed Power","damage_taken":0,"max_hp_gain":0,"max_hp_loss":0,"event_name":"Falling","floor":36,"gold_loss":0},{"damage_healed":0,"gold_gain":0,"player_choice":"Paid","damage_taken":0,"relics_obtained":["Red Mask"],"max_hp_gain":0,"max_hp_loss":0,"event_name":"Tomb of Lord Red Mask","floor":48,"gold_loss":90}],"is_beta":false,"boss_relics":[{"not_picked":["Tiny House","Snecko Eye"],"picked":"Black Star"},{"not_picked":["Eternal Feather","Orrery"],"picked":"Runic Pyramid"}],"items_purged_floors":[3,30,45],"is_endless":false,"potions_floor_spawned":[1,13,18,19,28,29,33,38,39,47,54],"killed_by":"The Heart","ascension_level":1}