{"gold_per_floor":[116,135,60,135,0,27,27,62,62,12,22,22,22,60,60,191,191,166,179,195,67,67,67,86,86,135,168,180,215,240,275,287,299],"floor_reached":33,"playtime":7136,"items_purged":["Strike_G","Defend_G","Strike_G","Strike_G"],"score":307,"play_id":"7e64bfc5-9124-4e91-b8a1-57765b294c88","local_time":"20180819124316","is_ascension_mode":true,"campfire_choices":[{"floor":7.0,"key":"REST"},{"floor":12.0,"key":"REST"},{"floor":15.0,"key":"REST"},{"floor":23.0,"key":"REST"},{"floor":25.0,"key":"REST"},{"floor":28.0,"key":"REST"},{"floor":32,"key":"REST"}],"neow_cost":"TEN_PERCENT_HP_LOSS","seed_source_timestamp":0,"circlet_count":0,"master_deck":["Defend_G","Defend_G","Defend_G","Strike_G","Survivor","Neutralize","Caltrops","Terror","Caltrops","After Image","Infinite Blades","Catalyst","Injury","Leg Sweep","Cloak And Dagger","Envenom","Prepared+1","Footwork+1","Deadly Poison","Infinite Blades","RitualDagger","Deadly Poison+1","Escape Plan","Crippling Poison","Catalyst","Blade Dance+1","Eviscerate"],"special_seed":0,"relics":["Ring of the Snake","Smiling Mask","Dream Catcher","Ninja Scroll","Golden Idol","Orichalcum","Snecko Eye","MawBank"],"potions_floor_usage":[31],"damage_taken":[{"damage":0.0,"enemies":"2 Louse","floor":1.0,"turns":3.0},{"damage":2.0,"enemies":"Small Slimes","floor":2.0,"turns":4.0},{"damage":28.0,"enemies":"Lagavulin","floor":6.0,"turns":8.0},{"damage":24.0,"enemies":"Gremlin Nob","floor":8.0,"turns":5.0},{"damage":0.0,"enemies":"Jaw Worm","floor":11.0,"turns":5.0},{"damage":26.0,"enemies":"Lagavulin","floor":14.0,"turns":8.0},{"damage":16.0,"enemies":"The Guardian","floor":16.0,"turns":13.0},{"damage":18.0,"enemies":"2 Thieves","floor":18.0,"turns":5.0},{"damage":3.0,"enemies":"Chosen","floor":19.0,"turns":6.0},{"damage":23.0,"enemies":"Sentry and Sphere","floor":20.0,"turns":10.0},{"damage":12.0,"enemies":"Chosen and Byrds","floor":24.0,"turns":8.0},{"damage":5.0,"enemies":"Centurion and Healer","floor":27.0,"turns":10.0},{"damage":2.0,"enemies":"Cultist and Chosen","floor":29.0,"turns":5.0},{"damage":22.0,"enemies":"Snecko","floor":30.0,"turns":6.0},{"damage":20,"enemies":"Snake Plant","floor":31,"turns":5},{"damage":44,"enemies":"Automaton","floor":33,"turns":6}],"seed_played":"-2887502770461668836","potions_obtained":[{"floor":2.0,"key":"Strength Potion"},{"floor":8.0,"key":"Ancient Potion"},{"floor":16.0,"key":"Fire Potion"},{"floor":18.0,"key":"Weak Potion"},{"floor":19.0,"key":"Block Potion"},{"floor":20.0,"key":"FearPotion"},{"floor":30.0,"key":"AttackPotion"}],"is_trial":false,"path_per_floor":["M","M","$","?","$","E","R","E","T","$","M","R","?","E","R","B",null,"M","M","M","$","?","R","M","R","T","M","R","M","M","M","R"],"character_chosen":"THE_SILENT","items_purchased":["Caltrops","Infinite Blades"],"campfire_rested":7,"item_purchase_floors":[5,21],"current_hp_per_floor":[63,61,61,50,50,22,40,16,16,16,16,34,34,8,26,10,63,45,42,19,19,13,31,19,37,37,32,50,48,26,6,24,0],"gold":299,"neow_bonus":"REMOVE_TWO","is_prod":false,"is_daily":false,"chose_seed":false,"campfire_upgraded":0,"win_rate":0,"timestamp":1534707796,"path_taken":["M","M","$","?","?","E","R","E","T","$","M","R","?","E","R","BOSS","M","M","M","$","?","R","M","R","T","?","R","M","M","M","R","BOSS"],"build_version":"2018-08-16","purchased_purges":4,"victory":false,"max_hp_per_floor":[63,63,63,63,63,63,63,63,63,63,63,63,63,63,63,63,63,63,63,63,63,63,63,63,63,63,63,63,63,63,63,63,63],"card_choices":[{"not_picked":["Prepared","PiercingWail"],"picked":"Caltrops","floor":1.0},{"not_picked":["Flying Knee","Quick Slash"],"picked":"Terror","floor":2.0},{"not_picked":["Prepared","Calculated Gamble"],"picked":"After Image","floor":6.0},{"not_picked":["PiercingWail","Dodge and Roll","Blade Dance"],"picked":"SKIP","floor":8.0},{"not_picked":["Underhanded Strike","Flying Knee"],"picked":"Infinite Blades","floor":11.0},{"not_picked":["Bane","Bouncing Flask"],"picked":"Catalyst","floor":12.0},{"not_picked":["Prepared","Predator"],"picked":"Leg Sweep","floor":14.0},{"not_picked":["Flying Knee","Dagger Spray"],"picked":"Cloak And Dagger","floor":15.0},{"not_picked":["Doppelganger","Unload"],"picked":"Envenom","floor":16.0},{"not_picked":["Slice","Outmaneuver"],"picked":"Prepared+1","floor":18.0},{"not_picked":["Dagger Throw","Heel Hook"],"picked":"Footwork+1","floor":19.0},{"not_picked":["Backflip","Poisoned Stab"],"picked":"Deadly Poison","floor":20.0},{"not_picked":["Sucker Punch","Underhanded Strike"],"picked":"Deadly Poison+1","floor":23.0},{"not_picked":["Phantasmal Killer","Deflect","Masterful Stab"],"picked":"SKIP","floor":24.0},{"not_picked":["Tactician","Underhanded Strike"],"picked":"Escape Plan","floor":25.0},{"not_picked":["Quick Slash","Flying Knee","Cloak And Dagger"],"picked":"SKIP","floor":27.0},{"not_picked":["Acrobatics","Quick Slash+1"],"picked":"Crippling Poison","floor":28.0},{"not_picked":["Underhanded Strike","Outmaneuver"],"picked":"Catalyst","floor":29.0},{"not_picked":["Tools of the Trade","Acrobatics"],"picked":"Blade Dance+1","floor":30.0},{"not_picked":["Tactician+1","Sucker Punch","Dodge and Roll+1"],"picked":"SKIP","floor":31},{"not_picked":["Concentrate","Backflip+1"],"picked":"Eviscerate","floor":32}],"player_experience":683058,"relics_obtained":[{"floor":6.0,"key":"Smiling Mask"},{"floor":8.0,"key":"Dream Catcher"},{"floor":9.0,"key":"Ninja Scroll"},{"floor":14.0,"key":"Orichalcum"},{"floor":26.0,"key":"MawBank"}],"event_choices":[{"event_name":"World of Goop","player_choice":"Gather Gold","floor":4.0,"damage_taken":0.0},{"event_name":"Golden Idol","player_choice":"Take Wound","floor":13.0,"damage_taken":0.0},{"event_name":"Nest","player_choice":"Joined the Cult","floor":22.0,"damage_taken":0.0}],"is_beta":false,"boss_relics":[{"not_picked":["Coffee Dripper","Fusion Hammer"],"picked":"Snecko Eye"}],"items_purged_floors":[3,5,10,21],"is_endless":false,"potions_floor_spawned":[2,8,16,18,19,20,30],"killed_by":"Automaton","ascension_level":3}