{"gold_per_floor":[116,131,206,206,225,225,28,46,70,104,104,54,72,86,86,189,189,209,209,209,62,62,62,97,115,141,159,159,172,198,210,210,309,359,373,373,373,391,391,420,420,438,438,235,235,253,281,292,292,292,292,292,56,91,91],"floor_reached":55,"playtime":9624,"items_purged":["Bite","Bite"],"score":747,"play_id":"b860d188-969e-49d1-9a5f-6a3252c84b3a","local_time":"20181221180213","is_ascension_mode":false,"campfire_choices":[{"data":"Zap","floor":6.0,"key":"SMITH"},{"floor":11.0,"key":"REST"},{"floor":15.0,"key":"RECALL"},{"data":"Apotheosis","floor":23.0,"key":"SMITH"},{"floor":28.0,"key":"DIG"},{"floor":32.0,"key":"DIG"},{"floor":41.0,"key":"REST"},{"floor":49.0,"key":"REST"},{"floor":52.0,"key":"DIG"}],"neow_cost":"NONE","seed_source_timestamp":0,"circlet_count":0,"master_deck":["Defend_B+1","Defend_B","Defend_B","Zap+1","Dualcast","Cold Snap","Cold Snap","Gash","Recycle","Glacier","Chill","Scrape","Electrodynamics","Chill","Bite","Bite","Apotheosis+1","Beam Cell","Steam","Loop","Echo Form","Redo+1","Madness","Madness","Go for the Eyes","Defragment+1","Impatience","Blizzard","Blizzard+1","Magnetism+1"],"special_seed":0,"relics":["Cracked Core","Vajra","Membership Card","Smiling Mask","Potion Belt","Nuclear Battery","Pantograph","Shovel","Centennial Puzzle","Bottled Lightning","Matryoshka","Tiny House","Lantern","Orichalcum","Frozen Egg 2","PreservedInsect","Gremlin Horn","DataDisk","Torii"],"potions_floor_usage":[54,55,55],"damage_taken":[{"damage":1.0,"enemies":"2 Louse","floor":1.0,"turns":2.0},{"damage":5.0,"enemies":"Small Slimes","floor":2.0,"turns":3.0},{"damage":0.0,"enemies":"Cultist","floor":5.0,"turns":3.0},{"damage":6.0,"enemies":"Gremlin Gang","floor":8.0,"turns":4.0},{"damage":19.0,"enemies":"Lagavulin","floor":10.0,"turns":6.0},{"damage":0.0,"enemies":"Large Slime","floor":13.0,"turns":6.0},{"damage":0.0,"enemies":"Exordium Wildlife","floor":14.0,"turns":6.0},{"damage":38.0,"enemies":"Hexaghost","floor":16.0,"turns":15.0},{"damage":22.0,"enemies":"Shell Parasite","floor":18.0,"turns":5.0},{"damage":41.0,"enemies":"Gremlin Leader","floor":24.0,"turns":10.0},{"damage":13.0,"enemies":"3 Byrds","floor":25.0,"turns":4.0},{"damage":1.0,"enemies":"3 Cultists","floor":27.0,"turns":5.0},{"damage":0.0,"enemies":"Centurion and Healer","floor":29.0,"turns":7.0},{"damage":7.0,"enemies":"Book of Stabbing","floor":30.0,"turns":5.0},{"damage":0.0,"enemies":"Snake Plant","floor":31.0,"turns":3.0},{"damage":37.0,"enemies":"Collector","floor":33.0,"turns":9.0},{"damage":4.0,"enemies":"3 Darklings","floor":35.0,"turns":4.0},{"damage":1.0,"enemies":"3 Shapes","floor":38.0,"turns":5.0},{"damage":49.0,"enemies":"Nemesis","floor":40.0,"turns":7.0},{"damage":27.0,"enemies":"Maw","floor":42.0,"turns":8.0},{"damage":14.0,"enemies":"3 Darklings","floor":46.0,"turns":3.0},{"damage":5.0,"enemies":"Reptomancer","floor":47.0,"turns":7.0},{"damage":16.0,"enemies":"Spire Growth","floor":48.0,"turns":5.0},{"damage":11.0,"enemies":"Time Eater","floor":50.0,"turns":9.0},{"damage":14,"enemies":"Shield and Spear","floor":54,"turns":5},{"damage":71,"enemies":"The Heart","floor":55,"turns":6}],"seed_played":"-3265314831319400508","potions_obtained":[{"floor":2.0,"key":"PowerPotion"},{"floor":5.0,"key":"Block Potion"},{"floor":13.0,"key":"Swift Potion"},{"floor":16.0,"key":"AttackPotion"},{"floor":24.0,"key":"Weak Potion"},{"floor":27.0,"key":"Block Potion"},{"floor":30.0,"key":"LiquidBronze"},{"floor":34.0,"key":"FearPotion"},{"floor":35.0,"key":"GamblersBrew"},{"floor":38.0,"key":"Weak Potion"},{"floor":47.0,"key":"Block Potion"}],"is_trial":false,"path_per_floor":["M","M","?","?","M","R","$","M","T","E","R","?","M","M","R","B",null,"M","?","?","$","?","R","E","M","T","M","R","M","E","M","R","B",null,"M","?","?","M","?","E","R","M","T","$","?","M","E","M","R","B",null,"R","$","E","B"],"character_chosen":"DEFECT","items_purchased":["Membership Card","Apotheosis","Defragment+1","Impatience","Swift Potion","GamblersBrew","AttackPotion","DataDisk","Magnetism+1","Weak Potion","AttackPotion","SteroidPotion"],"campfire_rested":3,"item_purchase_floors":[7,21,44,44,44,44,44,53,53,53,53,53],"current_hp_per_floor":[74,69,58,51,51,51,51,45,45,26,48,48,48,48,48,10,75,53,52,52,52,52,52,32,23,23,35,35,50,52,52,52,29,57,57,57,57,57,50,13,30,15,15,15,15,4,14,7,24,47,57,57,57,46,0],"gold":91,"neow_bonus":"RANDOM_COMMON_RELIC","is_prod":false,"is_daily":false,"chose_seed":false,"campfire_upgraded":2,"win_rate":0,"timestamp":1545444133,"path_taken":["M","M","?","?","M","R","$","M","T","E","R","?","M","M","R","BOSS","M","?","?","$","?","R","E","M","T","?","R","?","E","M","R","BOSS","M","?","?","?","?","E","R","M","T","$","?","M","E","M","R","BOSS","R","$","E","BOSS"],"build_version":"2018-12-20","purchased_purges":2,"victory":false,"max_hp_per_floor":[75,75,75,75,75,75,75,75,75,75,75,75,75,75,75,75,75,75,52,52,52,52,52,52,52,52,52,52,52,52,52,52,52,57,57,57,57,57,57,57,57,57,57,57,57,57,57,57,57,57,57,57,57,57,57],"card_choices":[{"not_picked":["Hologram","Auto Shields"],"picked":"Cold Snap","floor":1.0},{"not_picked":["Heatsinks","Redo"],"picked":"Cold Snap","floor":2.0},{"not_picked":["Ball Lightning","Sweeping Beam"],"picked":"Gash","floor":5.0},{"not_picked":["Barrage","Force Field"],"picked":"Recycle","floor":8.0},{"not_picked":["Ball Lightning","Compile Driver"],"picked":"Glacier","floor":10.0},{"not_picked":["Streamline","Stack"],"picked":"Chill","floor":13.0},{"not_picked":["Biased Cognition","Cold Snap"],"picked":"Scrape","floor":14.0},{"not_picked":["Rainbow","Reboot"],"picked":"Electrodynamics","floor":16.0},{"not_picked":["Steam+1","Streamline"],"picked":"Chill","floor":18.0},{"not_picked":["Rainbow","Aggregate"],"picked":"Beam Cell","floor":24.0},{"not_picked":["Hologram+1","Rebound+1","Double Energy"],"picked":"SKIP","floor":25.0},{"not_picked":["Beam Cell","Rebound"],"picked":"Steam","floor":27.0},{"not_picked":["Cold Snap+1","Hologram+1"],"picked":"Loop","floor":29.0},{"not_picked":["Steam","Beam Cell","Barrage"],"picked":"SKIP","floor":30.0},{"not_picked":["Coolheaded+1","Cold Snap","Auto Shields+1"],"picked":"SKIP","floor":31.0},{"not_picked":["Electrodynamics","Hyperbeam"],"picked":"Echo Form","floor":33.0},{"not_picked":["Hologram","Heatsinks"],"picked":"Redo+1","floor":35.0},{"not_picked":["Turbo","Cold Snap","Streamline+1"],"picked":"SKIP","floor":38.0},{"not_picked":["All For One","Barrage"],"picked":"Go for the Eyes","floor":40.0},{"not_picked":["Rebound","Conserve Battery","Doom and Gloom+1"],"picked":"SKIP","floor":42.0},{"not_picked":["Beam Cell+1","Redo"],"picked":"Blizzard","floor":46.0},{"not_picked":["Turbo+1","Double Energy"],"picked":"Blizzard+1","floor":47.0},{"not_picked":["Rebound","Sweeping Beam","Cold Snap+1"],"picked":"SKIP","floor":48.0},{"not_picked":["Scrape","Multi-Cast","Rebound"],"picked":"SKIP","floor":54}],"player_experience":958482,"relics_obtained":[{"floor":9.0,"key":"Smiling Mask"},{"floor":10.0,"key":"Potion Belt"},{"floor":22.0,"key":"Pantograph"},{"floor":24.0,"key":"Shovel"},{"floor":28.0,"key":"Centennial Puzzle"},{"floor":30.0,"key":"Bottled Lightning"},{"floor":32.0,"key":"Matryoshka"},{"floor":40.0,"key":"Lantern"},{"floor":43.0,"key":"Orichalcum"},{"floor":43.0,"key":"Frozen Egg 2"},{"floor":47.0,"key":"PreservedInsect"},{"floor":52.0,"key":"Gremlin Horn"},{"floor":54,"key":"Torii"}],"event_choices":[{"damage_healed":0.0,"max_hp_gain":0.0,"max_hp_loss":0.0,"gold_gain":75.0,"event_name":"World of Goop","player_choice":"Gather Gold","floor":3.0,"gold_loss":0.0,"damage_taken":11.0},{"cards_removed":["Strike_B"],"damage_healed":0.0,"max_hp_gain":0.0,"max_hp_loss":0.0,"gold_gain":0.0,"event_name":"Golden Wing","player_choice":"Card Removal","floor":4.0,"gold_loss":0.0,"damage_taken":7.0},{"cards_removed":["Defend_B"],"damage_healed":0.0,"max_hp_gain":0.0,"max_hp_loss":0.0,"gold_gain":0.0,"event_name":"The Cleric","player_choice":"Card Removal","floor":12.0,"gold_loss":50.0,"damage_taken":0.0},{"damage_healed":0.0,"max_hp_gain":0.0,"max_hp_loss":23.0,"gold_gain":0.0,"event_name":"Vampires","player_choice":"Became a vampire","floor":19.0,"gold_loss":0.0,"damage_taken":0.0,"cards_obtained":["Bite","Bite","Bite","Bite","Bite"]},{"damage_healed":0.0,"max_hp_gain":0.0,"max_hp_loss":0.0,"gold_gain":0.0,"event_name":"Ghosts","player_choice":"Ignored","floor":20.0,"gold_loss":0.0,"damage_taken":0.0},{"damage_healed":0.0,"max_hp_gain":0.0,"max_hp_loss":0.0,"gold_gain":0.0,"event_name":"Wheel of Change","player_choice":"Relic","floor":22.0,"gold_loss":0.0,"damage_taken":0.0},{"damage_healed":0.0,"max_hp_gain":0.0,"max_hp_loss":0.0,"gold_gain":0.0,"event_name":"Tomb of Lord Red Mask","player_choice":"Ignored","floor":36.0,"gold_loss":0.0,"damage_taken":0.0},{"damage_healed":0.0,"max_hp_gain":0.0,"max_hp_loss":0.0,"gold_gain":0.0,"event_name":"SecretPortal","player_choice":"Ignored","floor":37.0,"gold_loss":0.0,"damage_taken":0.0},{"damage_healed":0.0,"max_hp_gain":0.0,"max_hp_loss":0.0,"gold_gain":0.0,"event_name":"Winding Halls","player_choice":"Embrace Madness","floor":39.0,"gold_loss":0.0,"damage_taken":7.0,"cards_obtained":["Madness","Madness"]},{"cards_removed":["Bite"],"damage_healed":0.0,"max_hp_gain":0.0,"max_hp_loss":0.0,"gold_gain":0.0,"event_name":"Falling","player_choice":"Removed Attack","floor":45.0,"gold_loss":0.0,"damage_taken":0.0}],"is_beta":false,"boss_relics":[{"not_picked":["Empty Cage","Orrery"],"picked":"Nuclear Battery"},{"not_picked":["Coffee Dripper","FrozenCore"],"picked":"Tiny House"}],"items_purged_floors":[21,44],"is_endless":false,"potions_floor_spawned":[2,5,13,16,24,27,30,35,38,47],"killed_by":"The Heart","ascension_level":0}