{"gold_per_floor":[119,119,133,133,1,32,32,58,58,58,58],"floor_reached":11,"playtime":194,"items_purged":["Regret"],"score":208,"play_id":"38460256-085c-4f12-83b4-2fbabb8e7cfa","local_time":"20190121132844","is_ascension_mode":true,"campfire_choices":[{"data":"Sweeping Beam","floor":7,"key":"SMITH"}],"neow_cost":"NONE","seed_source_timestamp":1027548166530423,"circlet_count":0,"master_deck":["AscendersBane","Strike_B","Strike_B","Strike_B","Defend_B","Defend_B","Defend_B","Defend_B","Zap+1","Dualcast","Gash","Self Repair","Defragment","Gash","Sweeping Beam+1","Ball Lightning+1"],"relics":["Cracked Core","NeowsBlessing","Dodecahedron","Juzu Bracelet","Strawberry","Happy Flower"],"potions_floor_usage":[11,11],"damage_taken":[{"damage":0,"enemies":"2 Louse","floor":1,"turns":1},{"damage":0,"enemies":"Small Slimes","floor":3,"turns":1},{"damage":0,"enemies":"Lagavulin","floor":6,"turns":1},{"damage":44,"enemies":"Gremlin Nob","floor":8,"turns":4},{"damage":21,"enemies":"3 Sentries","floor":11,"turns":2}],"seed_played":"5586726601386638823","potions_obtained":[{"floor":3,"key":"Dexterity Potion"},{"floor":6,"key":"Dexterity Potion"}],"is_trial":false,"path_per_floor":["M","?","M","?","$","E","R","E","T","?","E"],"character_chosen":"DEFECT","items_purchased":["Gash"],"campfire_rested":0,"item_purchase_floors":[5],"current_hp_per_floor":[64,64,64,64,64,71,71,41,41,18,0],"gold":58,"neow_bonus":"THREE_ENEMY_KILL","is_prod":false,"is_daily":false,"chose_seed":false,"campfire_upgraded":1,"win_rate":0,"timestamp":1548073724,"path_taken":["M","?","M","?","$","E","R","E","T","?","E"],"build_version":"2019-01-17v2","purchased_purges":1,"victory":false,"max_hp_per_floor":[71,71,71,71,71,71,71,78,78,78,78],"card_choices":[{"not_picked":["Rebound","Blizzard"],"picked":"Gash","floor":1},{"not_picked":["Streamline","Lockon"],"picked":"Self Repair","floor":3},{"not_picked":["Auto Shields","Beam Cell"],"picked":"Sweeping Beam","floor":6},{"not_picked":["Redo","Streamline"],"picked":"Ball Lightning","floor":8}],"player_experience":1239401,"relics_obtained":[{"floor":6,"key":"Juzu Bracelet"},{"floor":8,"key":"Strawberry"},{"floor":9,"key":"Happy Flower"}],"event_choices":[{"damage_healed":0,"gold_gain":0,"player_choice":"Box","damage_taken":0,"relics_obtained":["Dodecahedron"],"max_hp_gain":0,"max_hp_loss":0,"event_name":"Big Fish","floor":2,"gold_loss":0,"cards_obtained":["Regret"]},{"damage_healed":0,"gold_gain":0,"cards_transformed":["Strike_B"],"player_choice":"Transformed","damage_taken":0,"max_hp_gain":0,"max_hp_loss":0,"event_name":"Transmorgrifier","floor":4,"gold_loss":0,"cards_obtained":["Defragment"]},{"damage_healed":0,"gold_gain":0,"player_choice":"Entered Light","damage_taken":23,"max_hp_gain":0,"max_hp_loss":0,"event_name":"Shining Light","floor":10,"gold_loss":0,"cards_upgraded":["Ball Lightning","Zap"]}],"is_beta":false,"boss_relics":[],"items_purged_floors":[5],"is_endless":false,"potions_floor_spawned":[3,6],"killed_by":"3 Sentries","ascension_level":20}