{"gold_per_floor":[111,126,140,140,28,71,71,96,123,88,88,108,142,16,16,105,105,129,147,147,147,147],"floor_reached":22,"playtime":844,"items_purged":[],"score":388,"play_id":"e6bf8a5c-88d8-4046-a35f-7ecb2535c3d8","local_time":"20190118151626","is_ascension_mode":true,"campfire_choices":[{"data":"Bouncing Flask","floor":7,"key":"SMITH"},{"data":"Poisoned Stab","floor":11,"key":"SMITH"},{"data":"Bane","floor":15,"key":"SMITH"}],"neow_cost":"NONE","seed_source_timestamp":0,"circlet_count":0,"master_deck":["AscendersBane","Defend_G","Defend_G","Defend_G","Defend_G","Defend_G","Strike_G","Strike_G","Strike_G","Strike_G","Strike_G","Survivor","Neutralize+1","Bane+1","PiercingWail","Bouncing Flask+1","Poisoned Stab+1","Deflect","Deadly Poison","Well Laid Plans","Skewer","Glass Knife","Blur","Crippling Poison"],"special_seed":0,"relics":["Ring of the Snake","Golden Idol","Happy Flower","Blood Vial","Potion Belt","Cursed Key","Nilry\u0027s Codex"],"potions_floor_usage":[6,6,22],"damage_taken":[{"damage":4.0,"enemies":"Jaw Worm","floor":1.0,"turns":9.0},{"damage":0.0,"enemies":"Small Slimes","floor":2.0,"turns":3.0},{"damage":0,"enemies":"Cultist","floor":3,"turns":5},{"damage":28,"enemies":"3 Sentries","floor":6,"turns":10},{"damage":3,"enemies":"Looter","floor":8,"turns":3},{"damage":8,"enemies":"Blue Slaver","floor":12,"turns":2},{"damage":15,"enemies":"Lagavulin","floor":13,"turns":5},{"damage":9,"enemies":"Hexaghost","floor":16,"turns":8},{"damage":9,"enemies":"Spheric Guardian","floor":18,"turns":4},{"damage":1,"enemies":"3 Byrds","floor":19,"turns":5},{"damage":30,"enemies":"3 Cultists","floor":22,"turns":5}],"seed_played":"6200670453092581541","potions_obtained":[{"floor":12,"key":"GhostInAJar"},{"floor":16,"key":"Swift Potion"},{"floor":18,"key":"Strength Potion"}],"is_trial":false,"path_per_floor":["M","M","M","?","$","E","R","M","T","?","R","M","E","$","R","B",null,"M","M","?","?","M"],"character_chosen":"THE_SILENT","items_purchased":["Swift Potion","Explosive Potion","Well Laid Plans","Skewer"],"campfire_rested":0,"item_purchase_floors":[5,5,14,14],"current_hp_per_floor":[55,55,55,55,55,27,27,24,24,39,39,33,20,20,20,13,48,41,42,21,21,0],"gold":147,"neow_bonus":"UPGRADE_CARD","is_prod":false,"is_daily":false,"chose_seed":false,"campfire_upgraded":3,"win_rate":0,"timestamp":1547820986,"path_taken":["M","M","M","?","$","E","R","M","T","?","R","M","E","?","R","BOSS","M","?","?","?","M"],"build_version":"2019-01-17v2","purchased_purges":0,"victory":false,"max_hp_per_floor":[66,66,66,60,60,60,60,60,60,60,60,60,60,60,60,60,60,60,60,60,60,60],"card_choices":[{"not_picked":["Blade Dance","Accuracy"],"picked":"Bane","floor":1.0},{"not_picked":["Masterful Stab","Backflip"],"picked":"PiercingWail","floor":2},{"not_picked":["Dagger Throw","Poisoned Stab"],"picked":"Bouncing Flask","floor":3},{"not_picked":["PiercingWail","Infinite Blades"],"picked":"Poisoned Stab","floor":6},{"not_picked":["Flying Knee","Predator","Tools of the Trade"],"picked":"SKIP","floor":8},{"not_picked":["Sucker Punch","PiercingWail"],"picked":"Deflect","floor":12},{"not_picked":["All Out Attack","Blade Dance"],"picked":"Deadly Poison","floor":13},{"not_picked":["After Image","Night Terror"],"picked":"Glass Knife","floor":16},{"not_picked":["Bane","All Out Attack"],"picked":"Blur","floor":18},{"not_picked":["Poisoned Stab","Blade Dance"],"picked":"Crippling Poison","floor":19}],"player_experience":1219642,"relics_obtained":[{"floor":6,"key":"Happy Flower"},{"floor":9,"key":"Blood Vial"},{"floor":13,"key":"Potion Belt"},{"floor":20,"key":"Nilry\u0027s Codex"}],"event_choices":[{"damage_healed":0,"gold_gain":0,"player_choice":"Lose Max HP","damage_taken":0,"relics_obtained":["Golden Idol"],"max_hp_gain":0,"max_hp_loss":6,"event_name":"Golden Idol","floor":4,"gold_loss":0},{"damage_healed":15,"gold_gain":0,"player_choice":"Healed","damage_taken":0,"max_hp_gain":0,"max_hp_loss":0,"event_name":"The Cleric","floor":10,"gold_loss":35},{"damage_healed":0,"gold_gain":0,"player_choice":"Obtained Book","damage_taken":21,"max_hp_gain":0,"max_hp_loss":0,"event_name":"Cursed Tome","floor":20,"gold_loss":0},{"damage_healed":0,"gold_gain":0,"player_choice":"Ignored","damage_taken":0,"max_hp_gain":0,"max_hp_loss":0,"event_name":"The Mausoleum","floor":21,"gold_loss":0}],"is_beta":false,"boss_relics":[{"not_picked":["Busted Crown","Coffee Dripper"],"picked":"Cursed Key"}],"items_purged_floors":[],"is_endless":false,"potions_floor_spawned":[12,16,18],"killed_by":"3 Cultists","ascension_level":20}