{"gold_per_floor":[212,224,240,16,34,63,63,63,63,92,92,151,151],"floor_reached":13,"playtime":524,"items_purged":[],"score":121,"play_id":"6ba2696b-4452-4934-a02d-6f0a2a47c2b2","local_time":"20190417230817","is_ascension_mode":true,"campfire_choices":[{"floor":8,"key":"REST"},{"floor":11,"key":"REST"}],"neow_cost":"NONE","seed_source_timestamp":109339185469136,"circlet_count":0,"master_deck":["Strike_B","Strike_B","Strike_B","Strike_B","Defend_B","Defend_B","Defend_B","Defend_B","Zap","Dualcast","Rebound","Go for the Eyes","Compile Driver","Conserve Battery","Streamline","Ball Lightning","Self Repair","Sweeping Beam+1"],"special_seed":0,"relics":["Cracked Core","Membership Card","Oddly Smooth Stone","Blue Candle","Molten Egg 2","PreservedInsect"],"potions_floor_usage":[5,13],"damage_taken":[{"damage":2.0,"enemies":"Jaw Worm","floor":1.0,"turns":3.0},{"damage":0.0,"enemies":"2 Louse","floor":2.0,"turns":1.0},{"damage":6.0,"enemies":"Small Slimes","floor":3.0,"turns":3.0},{"damage":10,"enemies":"3 Louse","floor":5,"turns":3},{"damage":37,"enemies":"Gremlin Nob","floor":6,"turns":4},{"damage":32,"enemies":"3 Sentries","floor":10,"turns":6},{"damage":28,"enemies":"Lagavulin Event","floor":12,"turns":5},{"damage":16,"enemies":"Lagavulin","floor":13,"turns":4}],"seed_played":"-608452352002647704","potions_obtained":[{"floor":5,"key":"Fruit Juice"},{"floor":12,"key":"SkillPotion"}],"is_trial":false,"path_per_floor":["?","?"],"character_chosen":"DEFECT","items_purchased":["Membership Card","Conserve Battery"],"campfire_rested":2,"item_purchase_floors":[4,4],"current_hp_per_floor":[66,66,60,60,55,18,18,42,42,10,34,13,0],"gold":151,"neow_bonus":"HUNDRED_GOLD","is_prod":false,"is_daily":false,"chose_seed":false,"campfire_upgraded":0,"win_rate":0,"timestamp":1555517297,"path_taken":["M","M","M","$","M","E","?","R","T","E","R","?","E"],"build_version":"2019-01-23","purchased_purges":0,"victory":false,"max_hp_per_floor":[75,75,75,75,80,80,80,80,80,80,80,80,80],"card_choices":[{"not_picked":["Gash","White Noise"],"picked":"Rebound","floor":1.0},{"not_picked":["Fusion","Double Energy"],"picked":"Go for the Eyes","floor":2.0},{"not_picked":["Redo","Steam"],"picked":"Compile Driver","floor":3},{"not_picked":["Hello World","Redo"],"picked":"Streamline","floor":5},{"not_picked":["Loop","White Noise"],"picked":"Ball Lightning","floor":6},{"not_picked":["Storm","White Noise"],"picked":"Self Repair","floor":10},{"not_picked":["Beam Cell+1","Buffer"],"picked":"Sweeping Beam+1","floor":12}],"player_experience":251729,"relics_obtained":[{"floor":6,"key":"Oddly Smooth Stone"},{"floor":9,"key":"Blue Candle"},{"floor":10,"key":"Molten Egg 2"},{"floor":12,"key":"PreservedInsect"}],"event_choices":[{"damage_healed":0,"gold_gain":0,"player_choice":"Ignored","damage_taken":0,"max_hp_gain":0,"max_hp_loss":0,"event_name":"Liars Game","floor":7,"gold_loss":0},{"damage_healed":0,"gold_gain":0,"player_choice":"Searched \u00272\u0027 times","damage_taken":0,"max_hp_gain":0,"max_hp_loss":0,"event_name":"Dead Adventurer","floor":12,"gold_loss":0}],"is_beta":false,"boss_relics":[],"items_purged_floors":[],"is_endless":false,"potions_floor_spawned":[5,12],"killed_by":"Lagavulin","ascension_level":6}