{"gold_per_floor":[112,112,128,148,161,179,179,208,231,231,298,359,379,395,395,490,490,510,527,527,527,303,330,330,363,389,416,142,142,159,109,109,109],"floor_reached":33,"playtime":1407,"items_purged":["Pain","Regret","Strike_B"],"score":457,"play_id":"a125a7dd-22a5-4c1f-8a1f-23aec3b2170a","local_time":"20181015134817","is_ascension_mode":true,"campfire_choices":[{"data":"Streamline","floor":7,"key":"SMITH"},{"data":"Leap","floor":15,"key":"SMITH"},{"data":"Fusion","floor":24,"key":"SMITH"},{"data":"Echo Form","floor":29,"key":"SMITH"},{"data":"Meteor Strike","floor":32,"key":"SMITH"}],"neow_cost":"NONE","seed_source_timestamp":250517281576536,"circlet_count":0,"master_deck":["Strike_B+1","Defend_B","Defend_B+1","Defend_B","Defend_B","Zap","Dualcast","AscendersBane","Conserve Battery","Self Repair","Streamline+1","Defragment","Conserve Battery+1","Coolheaded","Cold Snap","FTL+1","Leap+1","Meteor Strike+1","Sweeping Beam","Capacitor","Fusion+1","Skim","Leap","Heatsinks+1","Echo Form+1"],"relics":["Coffee Dripper","War Paint","Omamori","Happy Flower","Tiny Chest","Calling Bell","Pen Nib","Mercury Hourglass","Ice Cream","WarpedTongs","Bronze Scales","Ancient Tea Set","Centennial Puzzle","Smiling Mask","Blood Vial","Whetstone"],"potions_floor_usage":[8,16,23,23],"damage_taken":[{"damage":9,"enemies":"Small Slimes","floor":1,"turns":4},{"damage":3,"enemies":"2 Louse","floor":3,"turns":3},{"damage":0,"enemies":"Jaw Worm","floor":4,"turns":5},{"damage":10,"enemies":"Large Slime","floor":5,"turns":8},{"damage":5,"enemies":"3 Louse","floor":6,"turns":4},{"damage":6,"enemies":"3 Sentries","floor":8,"turns":7},{"damage":51,"enemies":"Gremlin Nob","floor":12,"turns":6},{"damage":9,"enemies":"2 Fungi Beasts","floor":13,"turns":4},{"damage":1,"enemies":"Red Slaver","floor":14,"turns":4},{"damage":12,"enemies":"The Guardian","floor":16,"turns":15},{"damage":3,"enemies":"Shell Parasite","floor":18,"turns":7},{"damage":10,"enemies":"Spheric Guardian","floor":19,"turns":5},{"damage":7,"enemies":"Slavers","floor":23,"turns":4},{"damage":31,"enemies":"Book of Stabbing","floor":25,"turns":6},{"damage":12,"enemies":"Centurion and Healer","floor":30,"turns":5},{"damage":63,"enemies":"Champ","floor":33,"turns":9}],"seed_played":"-8877823531939994758","potions_obtained":[{"floor":4,"key":"Strength Potion"},{"floor":5,"key":"AttackPotion"},{"floor":12,"key":"SneckoOil"},{"floor":13,"key":"Weak Potion"},{"floor":16,"key":"Explosive Potion"},{"floor":19,"key":"Fire Potion"}],"is_trial":false,"path_per_floor":["M","?","M","M","M","M","R","E","T","T","?","E","M","M","R","B",null,"M","M","?","?","$","E","R","E","T","T","$","R","M","$","R"],"character_chosen":"DEFECT","items_purchased":["Bronze Scales","Whetstone","Echo Form"],"campfire_rested":0,"item_purchase_floors":[22,28,28],"current_hp_per_floor":[59,59,56,63,60,62,62,63,63,63,63,19,17,23,23,18,61,65,62,62,62,62,62,62,41,41,41,41,41,38,38,38,0],"gold":109,"neow_bonus":"BOSS_RELIC","is_prod":false,"is_daily":false,"chose_seed":false,"campfire_upgraded":5,"win_rate":0,"timestamp":1539604097,"path_taken":["M","?","M","M","M","M","R","E","T","?","?","E","?","M","R","BOSS","M","M","?","?","$","E","R","E","T","?","$","R","?","?","R","BOSS"],"build_version":"2018-10-11","purchased_purges":3,"victory":false,"max_hp_per_floor":[75,75,75,75,75,75,75,75,75,75,75,75,75,75,75,75,75,75,75,75,75,75,75,75,75,75,75,75,75,75,75,75,75],"card_choices":[{"not_picked":["Static Discharge","Compile Driver"],"picked":"Conserve Battery","floor":1},{"not_picked":["Coolheaded","Stack"],"picked":"Self Repair","floor":3},{"not_picked":["Lockon","Blizzard"],"picked":"Streamline","floor":4},{"not_picked":["Steam","Lockon"],"picked":"Defragment","floor":5},{"not_picked":["Stack","Chaos"],"picked":"Conserve Battery","floor":6},{"not_picked":["Doom and Gloom","Turbo"],"picked":"Coolheaded","floor":8},{"not_picked":["Thunder Strike","Streamline"],"picked":"Cold Snap","floor":12},{"not_picked":["Stack","Rebound"],"picked":"FTL","floor":13},{"not_picked":["Steam","Biased Cognition"],"picked":"Leap","floor":14},{"not_picked":["Machine Learning","Reboot"],"picked":"Meteor Strike","floor":16},{"not_picked":["Steam+1","Conserve Battery"],"picked":"Sweeping Beam","floor":18},{"not_picked":["Rebound","Leap"],"picked":"Capacitor","floor":19},{"not_picked":["Rebound","Aggregate+1"],"picked":"Leap","floor":23},{"not_picked":["Rebound","Reinforced Body+1"],"picked":"Heatsinks+1","floor":25},{"not_picked":["Steam+1","Thunder Strike","Rebound+1"],"picked":"SKIP","floor":30}],"player_experience":554696,"relics_obtained":[{"floor":8,"key":"War Paint"},{"floor":9,"key":"Omamori"},{"floor":10,"key":"Happy Flower"},{"floor":12,"key":"Tiny Chest"},{"floor":17,"key":"Pen Nib"},{"floor":17,"key":"Mercury Hourglass"},{"floor":17,"key":"Ice Cream"},{"floor":23,"key":"Ancient Tea Set"},{"floor":25,"key":"Centennial Puzzle"},{"floor":26,"key":"Smiling Mask"},{"floor":27,"key":"Blood Vial"}],"event_choices":[{"event_name":"Shining Light","player_choice":"Ignored","floor":2,"damage_taken":0},{"event_name":"Golden Wing","player_choice":"Gained Gold","floor":11,"damage_taken":0},{"event_name":"Drug Dealer","player_choice":"Became Test Subject","floor":20,"damage_taken":0},{"event_name":"Accursed Blacksmith","player_choice":"Rummage","floor":21,"damage_taken":0}],"is_beta":false,"boss_relics":[{"not_picked":["Lizard Tail","Runic Dome"],"picked":"Calling Bell"}],"items_purged_floors":[22,28,31],"is_endless":false,"potions_floor_spawned":[4,5,12,13,14,16,18,19],"killed_by":"Champ","ascension_level":11}