{"gold_per_floor":[15,15,15,34,47,47,59,59,127,146,164,228,243,274,274,379,379,390,118,130,130,140,140,173,173,248,248,267,282,294,214,214,317,317,328,347,374,391,407,438,457,483,528,0,0,54,54,71,71,71],"floor_reached":51,"playtime":1992,"items_purged":["Zap+1","Strike_B","Strike_B"],"score":856,"play_id":"8765614d-5785-43d3-bbe4-aeb2505d9d04","local_time":"20190325010156","is_ascension_mode":true,"campfire_choices":[{"data":"Consume","floor":6.0,"key":"SMITH"},{"data":"Zap","floor":8.0,"key":"SMITH"},{"floor":15,"key":"REST"},{"floor":23,"key":"REST"},{"data":"Hologram","floor":25,"key":"SMITH"},{"floor":32,"key":"REST"},{"data":"Seek","floor":49,"key":"SMITH"}],"neow_cost":"NO_GOLD","seed_source_timestamp":0,"circlet_count":0,"master_deck":["Strike_B","Strike_B","Defend_B","Defend_B","Defend_B","Dualcast","Capacitor","Consume+1","Hologram+1","Defragment","Ball Lightning","Cold Snap","FTL","Seek+1","Meteor Strike+1","Cold Snap+1","Meteor Strike+1","Rebound+1","Cold Snap+1"],"special_seed":0,"relics":["Cracked Core","Du-Vu Doll","Matryoshka","Tiny Chest","Oddly Smooth Stone","Snecko Eye","Runic Capacitor","Blood Vial","Pear","The Courier","DataDisk","Ice Cream","Busted Crown","Whetstone","Vajra","PreservedInsect","Meat on the Bone","Orichalcum","Omamori","Calipers","Mummified Hand"],"potions_floor_usage":[11,12,12,12,14,16,22,24,33,46,46,50,50],"damage_taken":[{"damage":5.0,"enemies":"Small Slimes","floor":1.0,"turns":3.0},{"damage":1.0,"enemies":"Cultist","floor":4.0,"turns":4.0},{"damage":6.0,"enemies":"Jaw Worm","floor":5.0,"turns":3.0},{"damage":20.0,"enemies":"Exordium Wildlife","floor":7.0,"turns":5.0},{"damage":11.0,"enemies":"Exordium Thugs","floor":10.0,"turns":4.0},{"damage":5,"enemies":"Gremlin Gang","floor":11,"turns":5},{"damage":0,"enemies":"3 Sentries","floor":12,"turns":1},{"damage":7,"enemies":"3 Louse","floor":13,"turns":3},{"damage":19,"enemies":"Lagavulin","floor":14,"turns":6},{"damage":16,"enemies":"Hexaghost","floor":16,"turns":10},{"damage":11,"enemies":"Spheric Guardian","floor":18,"turns":4},{"damage":15,"enemies":"Shell Parasite","floor":20,"turns":6},{"damage":28,"enemies":"Shelled Parasite and Fungi","floor":22,"turns":4},{"damage":17,"enemies":"Gremlin Leader","floor":24,"turns":8},{"damage":17,"enemies":"Snake Plant","floor":28,"turns":4},{"damage":3,"enemies":"Snecko","floor":29,"turns":3},{"damage":9,"enemies":"Chosen and Byrds","floor":30,"turns":4},{"damage":9,"enemies":"Champ","floor":33,"turns":10},{"damage":5,"enemies":"3 Darklings","floor":35,"turns":4},{"damage":22,"enemies":"Orb Walker","floor":36,"turns":4},{"damage":2,"enemies":"Sphere and 2 Shapes","floor":38,"turns":4},{"damage":14,"enemies":"Writhing Mass","floor":39,"turns":5},{"damage":5,"enemies":"Reptomancer","floor":40,"turns":6},{"damage":0,"enemies":"3 Darklings","floor":41,"turns":5},{"damage":12,"enemies":"Nemesis","floor":42,"turns":7},{"damage":14,"enemies":"2 Orb Walkers","floor":46,"turns":3},{"damage":0,"enemies":"Jaw Worm Horde","floor":48,"turns":3},{"damage":0,"enemies":"Awakened One","floor":50,"turns":12}],"seed_played":"1134481926040859154","potions_obtained":[{"floor":1.0,"key":"PowerPotion"},{"floor":4.0,"key":"EntropicBrew"},{"floor":10,"key":"Fire Potion"},{"floor":12,"key":"GamblersBrew"},{"floor":22,"key":"Regen Potion"},{"floor":29,"key":"SneckoOil"},{"floor":38,"key":"FocusPotion"},{"floor":41,"key":"Energy Potion"},{"floor":42,"key":"PowerPotion"},{"floor":48,"key":"SkillPotion"}],"is_trial":false,"path_per_floor":["M","$","?","M","M","R","M","R","T","M","M","E","M","E","R","B",null,"M","$","M","?","M","R","E","R","T","T","M","M","M","$","R","B",null,"M","M","T","M","M","E","M","E","T","$","?","?","T","M","R","B",null],"character_chosen":"DEFECT","items_purchased":["Runic Capacitor","Meat on the Bone","Orichalcum","Omamori"],"campfire_rested":3,"item_purchase_floors":[19,44,44,44],"current_hp_per_floor":[70,70,75,74,68,68,48,48,48,37,32,32,25,6,28,12,75,64,64,49,33,5,27,25,25,35,35,20,19,12,12,37,30,85,80,60,60,60,48,45,47,37,37,37,37,37,37,51,51,53],"gold":71,"neow_bonus":"ONE_RARE_RELIC","is_prod":false,"is_daily":false,"chose_seed":false,"campfire_upgraded":4,"win_rate":0,"timestamp":1553500916,"path_taken":["M","$","?","?","M","R","M","R","T","M","M","E","M","E","R","BOSS","M","$","M","?","M","R","E","R","T","?","M","?","M","$","R","BOSS","M","M","?","?","M","E","M","E","T","$","?","?","?","?","R","BOSS"],"build_version":"2019-01-23","purchased_purges":3,"victory":true,"max_hp_per_floor":[75,75,75,75,75,75,75,75,75,75,75,75,75,75,75,75,75,75,75,75,75,75,75,75,75,85,85,85,85,85,85,85,85,85,85,85,85,85,85,85,85,85,85,85,85,85,85,85,85,85],"card_choices":[{"not_picked":["Loop","Turbo"],"picked":"Capacitor","floor":1.0},{"not_picked":["Conserve Battery","Chill"],"picked":"Consume","floor":4.0},{"not_picked":["Sunder","Skim","Hologram"],"picked":"SKIP","floor":5.0},{"not_picked":["Beam Cell","Turbo"],"picked":"Hologram","floor":7.0},{"not_picked":["Reinforced Body","Conserve Battery"],"picked":"Defragment","floor":10},{"not_picked":["Melter","Hello World"],"picked":"Ball Lightning","floor":11},{"not_picked":["Genetic Algorithm","Redo"],"picked":"Cold Snap","floor":12},{"not_picked":["Ball Lightning","Sweeping Beam","Doom and Gloom"],"picked":"SKIP","floor":13},{"not_picked":["Skim","Stack"],"picked":"FTL","floor":14},{"not_picked":["Core Surge","Thunder Strike"],"picked":"Seek","floor":16},{"not_picked":["Hologram+1","Turbo","Consume+1"],"picked":"SKIP","floor":18},{"not_picked":["Fusion+1","Rebound+1"],"picked":"Meteor Strike","floor":20},{"not_picked":["Stack","Conserve Battery"],"picked":"Cold Snap+1","floor":22},{"not_picked":["Stack","Doom and Gloom","Heatsinks"],"picked":"SKIP","floor":24},{"not_picked":["Hyperbeam","Beam Cell","Steam Power"],"picked":"SKIP","floor":28},{"not_picked":["Force Field","Rebound","Tempest+1"],"picked":"SKIP","floor":29},{"not_picked":["Go for the Eyes","Lockon","Compile Driver"],"picked":"SKIP","floor":30},{"not_picked":["All For One","Biased Cognition"],"picked":"Meteor Strike","floor":33},{"not_picked":["Conserve Battery"],"picked":"SKIP","floor":35},{"not_picked":["Compile Driver+1"],"picked":"SKIP","floor":36},{"not_picked":["Heatsinks"],"picked":"SKIP","floor":38},{"not_picked":["Blizzard+1"],"picked":"SKIP","floor":39},{"not_picked":["Tempest"],"picked":"SKIP","floor":40},{"not_picked":[],"picked":"Rebound+1","floor":41},{"not_picked":["Fusion+1"],"picked":"SKIP","floor":42},{"not_picked":[],"picked":"Cold Snap+1","floor":48}],"player_experience":838007,"relics_obtained":[{"floor":9.0,"key":"Matryoshka"},{"floor":12,"key":"Tiny Chest"},{"floor":14,"key":"Oddly Smooth Stone"},{"floor":24,"key":"Blood Vial"},{"floor":26,"key":"Pear"},{"floor":26,"key":"The Courier"},{"floor":27,"key":"DataDisk"},{"floor":27,"key":"Ice Cream"},{"floor":37,"key":"Whetstone"},{"floor":40,"key":"Vajra"},{"floor":42,"key":"PreservedInsect"},{"floor":46,"key":"Calipers"},{"floor":47,"key":"Mummified Hand"}],"event_choices":[{"damage_healed":5.0,"max_hp_gain":0.0,"max_hp_loss":0.0,"gold_gain":0.0,"event_name":"Wheel of Change","player_choice":"Full Heal","floor":3.0,"gold_loss":0.0,"damage_taken":0.0},{"damage_healed":0,"gold_gain":0,"player_choice":"Obtained Book","damage_taken":16,"max_hp_gain":0,"max_hp_loss":0,"event_name":"Cursed Tome","floor":21,"gold_loss":0},{"cards_removed":["Defend_B"],"damage_healed":0,"gold_gain":0,"player_choice":"Removed Skill","damage_taken":0,"max_hp_gain":0,"max_hp_loss":0,"event_name":"Falling","floor":45,"gold_loss":0},{"damage_healed":0,"gold_gain":0,"player_choice":"Fight","damage_taken":0,"max_hp_gain":0,"max_hp_loss":0,"event_name":"Mysterious Sphere","floor":46,"gold_loss":0}],"is_beta":false,"boss_relics":[{"not_picked":["Lizard Tail","Sozu"],"picked":"Snecko Eye"},{"not_picked":["Orrery","Runic Pyramid"],"picked":"Busted Crown"}],"items_purged_floors":[19,31,44],"is_endless":false,"potions_floor_spawned":[1,4,10,12,13,22,29,38,41,42,48],"ascension_level":1}