{"gold_per_floor":[110,29,29,29,40,68,68,68,68,68,93,93,104,104,104,199,199,219,219,230,7,25,58,74,107,160,175,193,293,322,339,339,439,439,449,501,501,501,97,122,142,174,174,44,0,16,116,146,158,170,182,194,56,87,87],"floor_reached":56,"playtime":3233,"items_purged":["Strike_R","Strike_R"],"score":1451,"play_id":"59ecd163-cf72-4799-ae14-574ba667464c","local_time":"20190325042051","is_ascension_mode":false,"campfire_choices":[{"data":"Bash","floor":8,"key":"SMITH"},{"data":"Shockwave","floor":12,"key":"SMITH"},{"data":"Inflame","floor":15,"key":"SMITH"},{"data":"Inflame","floor":32,"key":"SMITH"},{"floor":49,"key":"RECALL"},{"data":"Shockwave","floor":52,"key":"SMITH"}],"neow_cost":"NONE","seed_source_timestamp":51824636605400,"circlet_count":0,"master_deck":["Strike_R","Defend_R","Defend_R","Defend_R","Defend_R","Bash+1","Inflame+1","Shrug It Off","Headbutt","Shockwave+1","Whirlwind+1","Feed","Heavy Blade+1","Clothesline+1","Inflame+1","Shockwave+1","Clothesline+1","Shrug It Off+1","Dual Wield+1","Whirlwind+1","Iron Wave+1","Reaper+1","Pommel Strike+1","Pommel Strike+1","Shrug It Off","Whirlwind+1","True Grit+1","Heavy Blade+1","Headbutt+1","Pummel+1","Shrug It Off","Sword Boomerang+1","Spot Weakness+1","Battle Trance","Exhume"],"relics":["Burning Blood","Boot","Matryoshka","Centennial Puzzle","Orichalcum","Potion Belt","Velvet Choker","Ginger","Shuriken","Bag of Marbles","Regal Pillow","Magic Flower","Molten Egg 2","Juzu Bracelet","Black Star","StoneCalendar","PreservedInsect","Calipers","Ornamental Fan","Omamori","Gremlin Horn","Red Mask","Champion Belt","MawBank","Red Skull","Bag of Preparation","Oddly Smooth Stone"],"potions_floor_usage":[6,16,25,33,35,36,48,54,54,55,55,55],"damage_taken":[{"damage":4,"enemies":"Jaw Worm","floor":1,"turns":5},{"damage":5,"enemies":"Small Slimes","floor":5,"turns":4},{"damage":22,"enemies":"Gremlin Nob","floor":6,"turns":4},{"damage":27,"enemies":"3 Sentries","floor":11,"turns":12},{"damage":0,"enemies":"2 Louse","floor":13,"turns":3},{"damage":39,"enemies":"Hexaghost","floor":16,"turns":11},{"damage":10,"enemies":"Shell Parasite","floor":18,"turns":5},{"damage":16,"enemies":"2 Thieves","floor":20,"turns":4},{"damage":9,"enemies":"Snecko","floor":22,"turns":3},{"damage":20,"enemies":"Slavers","floor":23,"turns":3},{"damage":1,"enemies":"Cultist and Chosen","floor":24,"turns":4},{"damage":26,"enemies":"Book of Stabbing","floor":25,"turns":6},{"damage":2,"enemies":"3 Cultists","floor":27,"turns":4},{"damage":15,"enemies":"Chosen and Byrds","floor":28,"turns":6},{"damage":8,"enemies":"Colosseum Slavers","floor":29,"turns":2},{"damage":1,"enemies":"Colosseum Nobs","floor":29,"turns":5},{"damage":7,"enemies":"Gremlin Leader","floor":30,"turns":6},{"damage":10,"enemies":"Snecko","floor":31,"turns":5},{"damage":38,"enemies":"Champ","floor":33,"turns":8},{"damage":4,"enemies":"Orb Walker","floor":35,"turns":4},{"damage":10,"enemies":"2 Orb Walkers","floor":36,"turns":4},{"damage":37,"enemies":"Giant Head","floor":40,"turns":7},{"damage":29,"enemies":"3 Darklings","floor":41,"turns":7},{"damage":13,"enemies":"Nemesis","floor":42,"turns":5},{"damage":18,"enemies":"Sphere and 2 Shapes","floor":46,"turns":5},{"damage":36,"enemies":"Mind Bloom Boss Battle","floor":47,"turns":7},{"damage":41,"enemies":"Giant Head","floor":48,"turns":7},{"damage":83,"enemies":"Time Eater","floor":50,"turns":11},{"damage":21,"enemies":"Shield and Spear","floor":54,"turns":4},{"damage":90,"enemies":"The Heart","floor":55,"turns":7}],"seed_played":"4162503686518777019","potions_obtained":[{"floor":0,"key":"SkillPotion"},{"floor":0,"key":"FearPotion"},{"floor":0,"key":"Energy Potion"},{"floor":6,"key":"AttackPotion"},{"floor":18,"key":"Regen Potion"},{"floor":23,"key":"Swift Potion"},{"floor":25,"key":"SteroidPotion"},{"floor":27,"key":"Fire Potion"},{"floor":33,"key":"Swift Potion"},{"floor":35,"key":"Ancient Potion"},{"floor":40,"key":"Explosive Potion"}],"is_trial":false,"path_per_floor":["M","$","?","?","M","E","T","R","T","$","E","R","M","?","R","B",null,"M","?","M","$","M","E","M","E","T","M","M","?","E","M","R","B",null,"M","?","?","?","$","E","M","E","T","$","?","M","?","E","R","B",null,"R","$","E","B",null],"character_chosen":"IRONCLAD","items_purchased":["Inflame","Inflame","Shockwave","PreservedInsect","Pommel Strike+1","Shrug It Off","Whirlwind+1","Pummel+1","Shrug It Off","SteroidPotion","Block Potion","Explosive Potion"],"campfire_rested":0,"item_purchase_floors":[2,21,21,39,39,39,39,44,44,53,53,53],"current_hp_per_floor":[80,80,73,73,74,58,58,58,58,58,37,37,43,43,43,10,80,79,79,72,72,72,61,69,52,52,62,56,62,69,73,73,44,116,119,122,122,122,122,123,121,117,117,117,117,113,125,117,117,93,128,128,128,116,35],"gold":87,"neow_bonus":"THREE_SMALL_POTIONS","is_prod":false,"is_daily":false,"chose_seed":false,"campfire_upgraded":5,"win_rate":0,"timestamp":1553498451,"path_taken":["M","$","?","?","M","E","?","R","T","$","E","R","M","?","R","BOSS","M","?","M","$","M","E","M","E","T","M","M","?","E","M","R","BOSS","M","?","?","?","$","E","M","E","T","$","?","M","?","E","R","BOSS","R","$","E","BOSS"],"build_version":"2019-01-23","purchased_purges":2,"victory":true,"max_hp_per_floor":[80,80,80,80,80,80,80,80,80,80,80,80,80,80,80,80,80,83,83,86,86,89,92,95,98,98,104,107,110,113,116,116,116,116,119,122,122,122,122,125,125,125,125,125,125,128,128,128,128,128,128,128,128,128,128],"card_choices":[{"not_picked":["Heavy Blade","Feel No Pain","Havoc"],"picked":"SKIP","floor":1},{"not_picked":["Pommel Strike","Thunderclap"],"picked":"Shrug It Off","floor":5},{"not_picked":["Rage","Metallicize"],"picked":"Headbutt","floor":6},{"not_picked":["Clothesline","Thunderclap"],"picked":"Shockwave","floor":11},{"not_picked":["Cleave","Evolve"],"picked":"Whirlwind","floor":13},{"not_picked":["Juggernaut","Berserk"],"picked":"Feed","floor":16},{"not_picked":["Whirlwind","Infernal Blade"],"picked":"Heavy Blade+1","floor":18},{"not_picked":["Cleave+1","Twin Strike"],"picked":"Clothesline+1","floor":20},{"not_picked":["Rage","Intimidate"],"picked":"Clothesline+1","floor":22},{"not_picked":["Feel No Pain","Blood for Blood+1","Cleave"],"picked":"SKIP","floor":23},{"not_picked":["Searing Blow+1","Inflame"],"picked":"Shrug It Off+1","floor":24},{"not_picked":["Cleave","Clothesline"],"picked":"Dual Wield+1","floor":25},{"not_picked":["Twin Strike","Rampage"],"picked":"Whirlwind+1","floor":27},{"not_picked":["Whirlwind+1","Sentinel+1","Heavy Blade"],"picked":"SKIP","floor":28},{"not_picked":["Body Slam+1","Twin Strike+1","Perfected Strike+1"],"picked":"SKIP","floor":30},{"not_picked":["Armaments+1","Thunderclap+1"],"picked":"Iron Wave+1","floor":31},{"not_picked":["Brutality","Fiend Fire+1"],"picked":"Reaper+1","floor":33},{"not_picked":["Combust+1","Havoc+1"],"picked":"Pommel Strike+1","floor":35},{"not_picked":["Infernal Blade","Clash+1"],"picked":"True Grit+1","floor":40},{"not_picked":["Flex+1","Havoc+1"],"picked":"Heavy Blade+1","floor":41},{"not_picked":["Entrench","Clash+1"],"picked":"Headbutt+1","floor":42},{"not_picked":["True Grit","Armaments"],"picked":"Sword Boomerang+1","floor":46},{"not_picked":["Iron Wave+1","Intimidate"],"picked":"Spot Weakness+1","floor":47},{"not_picked":["Infernal Blade+1","Sword Boomerang+1"],"picked":"Battle Trance","floor":48},{"not_picked":["Heavy Blade+1","Intimidate+1"],"picked":"Exhume","floor":54}],"player_experience":367822,"relics_obtained":[{"floor":6,"key":"Boot"},{"floor":7,"key":"Matryoshka"},{"floor":9,"key":"Centennial Puzzle"},{"floor":9,"key":"Orichalcum"},{"floor":11,"key":"Potion Belt"},{"floor":23,"key":"Ginger"},{"floor":25,"key":"Shuriken"},{"floor":26,"key":"Bag of Marbles"},{"floor":26,"key":"Regal Pillow"},{"floor":29,"key":"Magic Flower"},{"floor":29,"key":"Molten Egg 2"},{"floor":30,"key":"Juzu Bracelet"},{"floor":36,"key":"StoneCalendar"},{"floor":40,"key":"Calipers"},{"floor":40,"key":"Ornamental Fan"},{"floor":42,"key":"Omamori"},{"floor":42,"key":"Gremlin Horn"},{"floor":47,"key":"Champion Belt"},{"floor":48,"key":"MawBank"},{"floor":48,"key":"Red Skull"},{"floor":54,"key":"Bag of Preparation"},{"floor":54,"key":"Oddly Smooth Stone"}],"event_choices":[{"cards_removed":["Strike_R"],"damage_healed":0,"gold_gain":0,"player_choice":"Card Removal","damage_taken":7,"max_hp_gain":0,"max_hp_loss":0,"event_name":"Golden Wing","floor":3,"gold_loss":0},{"damage_healed":0,"gold_gain":0,"player_choice":"Ignored","damage_taken":0,"max_hp_gain":0,"max_hp_loss":0,"event_name":"Shining Light","floor":4,"gold_loss":0},{"damage_healed":0,"gold_gain":0,"player_choice":"Grow","damage_taken":0,"max_hp_gain":0,"max_hp_loss":0,"event_name":"Living Wall","floor":14,"gold_loss":0,"cards_upgraded":["Whirlwind"]},{"damage_healed":0,"gold_gain":0,"player_choice":"Ignored","damage_taken":0,"max_hp_gain":0,"max_hp_loss":0,"event_name":"Ghosts","floor":19,"gold_loss":0},{"damage_healed":0,"gold_gain":0,"player_choice":"Fight","damage_taken":0,"max_hp_gain":0,"max_hp_loss":0,"event_name":"Colosseum","floor":29,"gold_loss":0},{"damage_healed":0,"gold_gain":0,"player_choice":"Fought Nobs","damage_taken":0,"max_hp_gain":0,"max_hp_loss":0,"event_name":"Colosseum","floor":29,"gold_loss":0},{"damage_healed":0,"gold_gain":0,"player_choice":"Fight","damage_taken":0,"max_hp_gain":0,"max_hp_loss":0,"event_name":"Mysterious Sphere","floor":36,"gold_loss":0},{"cards_removed":["Strike_R"],"damage_healed":0,"gold_gain":0,"player_choice":"Removed Attack","damage_taken":0,"max_hp_gain":0,"max_hp_loss":0,"event_name":"Falling","floor":37,"gold_loss":0},{"damage_healed":0,"gold_gain":0,"player_choice":"Memory 1","damage_taken":0,"max_hp_gain":0,"max_hp_loss":0,"event_name":"SensoryStone","floor":38,"gold_loss":0},{"damage_healed":0,"gold_gain":0,"player_choice":"Paid","damage_taken":0,"relics_obtained":["Red Mask"],"max_hp_gain":0,"max_hp_loss":0,"event_name":"Tomb of Lord Red Mask","floor":45,"gold_loss":44},{"damage_healed":0,"gold_gain":0,"player_choice":"Fight","damage_taken":0,"max_hp_gain":0,"max_hp_loss":0,"event_name":"MindBloom","floor":47,"gold_loss":0}],"is_beta":false,"boss_relics":[{"not_picked":["Eternal Feather","Ectoplasm"],"picked":"Velvet Choker"},{"not_picked":["Calling Bell","Lizard Tail"],"picked":"Black Star"}],"items_purged_floors":[21,39],"is_endless":false,"potions_floor_spawned":[1,6,18,23,25,27,31,33,35,40,42,47],"ascension_level":0}