{"gold_per_floor":[118,22,22,37,56,83,83,110,136,136,149,178,190,247,247,344,344,362,362,379,32,50,50,85,97,97,97,8,8,22,22,22,125,125,143,67,13,13,37,37,37,0,24,36,60,83,95,123,135,147],"floor_reached":51,"playtime":3249,"items_purged":[],"score":807,"play_id":"d40933db-df66-4447-b4da-115c3fcefc1a","local_time":"20190405233320","is_ascension_mode":true,"campfire_choices":[{"data":"Blade Dance","floor":7,"key":"SMITH"},{"data":"Footwork","floor":10,"key":"SMITH"},{"data":"Footwork","floor":15,"key":"SMITH"},{"data":"Blade Dance","floor":23,"key":"SMITH"},{"floor":32,"key":"REST"},{"data":"Caltrops","floor":40,"key":"SMITH"},{"data":"Caltrops","floor":44,"key":"SMITH"},{"data":"Footwork","floor":47,"key":"SMITH"},{"data":"Envenom","floor":49,"key":"SMITH"}],"neow_cost":"NONE","seed_source_timestamp":0,"circlet_count":0,"master_deck":["Defend_G","Defend_G","Defend_G","Defend_G","Defend_G","Strike_G","Strike_G","Strike_G+1","Strike_G+1","Strike_G","Survivor","Neutralize+1","Cloak And Dagger","Accuracy+1","Blade Dance+1","Dash","Dodge and Roll","Footwork+1","Blade Dance+1","Backflip","Footwork+1","Backflip","PiercingWail","PiercingWail","Well Laid Plans","After Image","Deflect+1","Noxious Fumes+1","Burst","Footwork+1","Backflip","Dodge and Roll+1","Terror","Deflect","Caltrops+1","Deflect","Blur","Burst","PiercingWail+1","Caltrops+1","Envenom+1"],"special_seed":0,"relics":["Ring of the Snake","Smiling Mask","Dream Catcher","Torii","Bottled Tornado","Orrery","Snake Skull","Art of War","Matryoshka","Nloth\u0027s Gift","Lizard Tail","Boot","Ancient Tea Set","Juzu Bracelet","Red Mask","Oddly Smooth Stone","MawBank"],"potions_floor_usage":[6,14,24,24,33,33,50],"damage_taken":[{"damage":0,"enemies":"2 Louse","floor":1,"turns":2},{"damage":0,"enemies":"Cultist","floor":4,"turns":4},{"damage":0,"enemies":"Small Slimes","floor":5,"turns":4},{"damage":16,"enemies":"Lagavulin","floor":6,"turns":11},{"damage":22,"enemies":"3 Sentries","floor":8,"turns":9},{"damage":0,"enemies":"Exordium Thugs","floor":11,"turns":5},{"damage":0,"enemies":"Lagavulin","floor":12,"turns":8},{"damage":0,"enemies":"2 Fungi Beasts","floor":13,"turns":4},{"damage":1,"enemies":"Gremlin Nob","floor":14,"turns":5},{"damage":18,"enemies":"Hexaghost","floor":16,"turns":15},{"damage":1,"enemies":"Shell Parasite","floor":18,"turns":13},{"damage":19,"enemies":"Spheric Guardian","floor":20,"turns":6},{"damage":13,"enemies":"Snecko","floor":22,"turns":7},{"damage":23,"enemies":"Gremlin Leader","floor":24,"turns":9},{"damage":0,"enemies":"Cultist and Chosen","floor":25,"turns":7},{"damage":2,"enemies":"Sentry and Sphere","floor":30,"turns":9},{"damage":7,"enemies":"Champ","floor":33,"turns":19},{"damage":1,"enemies":"Orb Walker","floor":35,"turns":6},{"damage":0,"enemies":"3 Darklings","floor":45,"turns":8},{"damage":8,"enemies":"Spire Growth","floor":46,"turns":8},{"damage":0,"enemies":"4 Shapes","floor":48,"turns":7},{"damage":35,"enemies":"Time Eater","floor":50,"turns":17}],"seed_played":"2476870535613946171","potions_obtained":[{"floor":3,"key":"AttackPotion"},{"floor":3,"key":"AttackPotion"},{"floor":3,"key":"Dexterity Potion"},{"floor":6,"key":"SpeedPotion"},{"floor":14,"key":"SkillPotion"},{"floor":24,"key":"Strength Potion"},{"floor":25,"key":"Strength Potion"},{"floor":33,"key":"FearPotion"},{"floor":35,"key":"PowerPotion"},{"floor":48,"key":"GhostInAJar"}],"is_trial":false,"path_per_floor":["M","$","?","M","M","E","R","E","T","R","M","E","M","?","R","B",null,"M","?","M","$","M","R","E","M","T","$","$","?","M","?","R","B",null,"M","$","?","$","T","R","?","?","T","R","M","M","R","M","R","B",null],"character_chosen":"THE_SILENT","items_purchased":["Accuracy","Blade Dance","Burst","Snake Skull","Footwork","Backflip","Deflect","Caltrops","Caltrops"],"campfire_rested":1,"item_purchase_floors":[2,2,21,21,21,21,28,28,36],"current_hp_per_floor":[70,70,70,70,70,54,54,32,32,32,32,32,32,31,31,13,70,69,69,50,50,37,37,14,14,14,14,14,14,12,12,33,26,70,69,69,69,69,69,69,80,80,80,80,80,72,72,72,72,37],"gold":159,"neow_bonus":"UPGRADE_CARD","is_prod":false,"is_daily":false,"chose_seed":false,"campfire_upgraded":8,"win_rate":0,"timestamp":1554518000,"path_taken":["M","$","?","M","M","E","R","E","T","R","M","E","?","?","R","BOSS","M","?","M","$","M","R","E","M","T","?","$","?","?","?","R","BOSS","M","$","?","$","?","R","?","?","T","R","M","M","R","M","R","BOSS"],"build_version":"2019-01-23","purchased_purges":0,"victory":true,"max_hp_per_floor":[70,70,70,70,70,70,70,70,70,70,70,70,70,70,70,70,70,70,70,70,70,70,70,70,70,70,70,70,70,70,70,70,70,70,70,70,70,70,70,70,80,80,80,80,80,80,80,80,80,80],"card_choices":[{"not_picked":["PiercingWail","Acrobatics"],"picked":"Cloak And Dagger","floor":1},{"not_picked":["Crippling Poison","Dagger Spray"],"picked":"Dash","floor":4},{"not_picked":["Acrobatics","Bouncing Flask"],"picked":"Dodge and Roll","floor":5},{"not_picked":["Blur","Sucker Punch"],"picked":"Footwork","floor":6},{"not_picked":["Slice","Predator"],"picked":"Blade Dance","floor":8},{"not_picked":["Bane","Sucker Punch","Underhanded Strike"],"picked":"SKIP","floor":11},{"not_picked":["Concentrate","Bullet Time"],"picked":"Backflip","floor":12},{"not_picked":["Eviscerate","Bane"],"picked":"Footwork","floor":13},{"not_picked":["Dodge and Roll","Deflect"],"picked":"Backflip","floor":14},{"not_picked":["Unload","Envenom"],"picked":"Die Die Die","floor":16},{"not_picked":["Deflect","Dagger Throw"],"picked":"PiercingWail","floor":17},{"not_picked":["Tactician","Dodge and Roll"],"picked":"PiercingWail","floor":17},{"not_picked":["Dagger Throw","Acrobatics"],"picked":"Well Laid Plans","floor":17},{"not_picked":["Outmaneuver","Backflip"],"picked":"After Image","floor":17},{"not_picked":["Slice","PiercingWail"],"picked":"Deflect+1","floor":18},{"not_picked":["Dodge and Roll","Setup"],"picked":"Noxious Fumes+1","floor":20},{"not_picked":["Backflip","Backstab+1"],"picked":"Dodge and Roll+1","floor":22},{"not_picked":["Predator","Die Die Die"],"picked":"Terror","floor":24},{"not_picked":["Flechettes","Quick Slash","Flying Knee"],"picked":"SKIP","floor":25},{"not_picked":["Dodge and Roll+1","Tools of the Trade"],"picked":"Deflect","floor":30},{"not_picked":["Acrobatics","Dodge and Roll"],"picked":"Blur","floor":32},{"not_picked":["Glass Knife","A Thousand Cuts"],"picked":"Burst","floor":33},{"not_picked":["Setup","Sucker Punch"],"picked":"PiercingWail+1","floor":35},{"not_picked":["Deflect","Outmaneuver+1"],"picked":"Envenom","floor":45},{"not_picked":["Choke+1","Dagger Throw","Slice+1"],"picked":"SKIP","floor":46},{"not_picked":["Flying Knee+1","Underhanded Strike","Infinite Blades+1"],"picked":"SKIP","floor":48}],"player_experience":516725,"relics_obtained":[{"floor":6,"key":"Whetstone"},{"floor":8,"key":"Smiling Mask"},{"floor":9,"key":"Dream Catcher"},{"floor":12,"key":"Torii"},{"floor":14,"key":"Bottled Tornado"},{"floor":24,"key":"Art of War"},{"floor":26,"key":"Matryoshka"},{"floor":39,"key":"Ancient Tea Set"},{"floor":39,"key":"Juzu Bracelet"},{"floor":43,"key":"Oddly Smooth Stone"},{"floor":43,"key":"MawBank"}],"event_choices":[{"damage_healed":0,"gold_gain":0,"player_choice":"Got Potions","damage_taken":0,"max_hp_gain":0,"max_hp_loss":0,"event_name":"Lab","floor":3,"gold_loss":0},{"damage_healed":0,"gold_gain":30,"player_choice":"Searched \u00273\u0027 times","damage_taken":0,"max_hp_gain":0,"max_hp_loss":0,"event_name":"Dead Adventurer","floor":14,"gold_loss":0},{"damage_healed":0,"gold_gain":0,"player_choice":"Upgraded","damage_taken":0,"max_hp_gain":0,"max_hp_loss":0,"event_name":"Upgrade Shrine","floor":19,"gold_loss":0,"cards_upgraded":["Accuracy"]},{"damage_healed":0,"gold_gain":0,"player_choice":"Traded Relic","damage_taken":0,"relics_obtained":["Nloth\u0027s Gift"],"max_hp_gain":0,"max_hp_loss":0,"event_name":"N\u0027loth","floor":29,"relics_lost":["Whetstone"],"gold_loss":0},{"damage_healed":0,"gold_gain":0,"player_choice":"Ignored","damage_taken":0,"max_hp_gain":0,"max_hp_loss":0,"event_name":"Beggar","floor":31,"gold_loss":0},{"damage_healed":0,"gold_gain":0,"player_choice":"Paid Gold","damage_taken":0,"relics_obtained":["Boot"],"max_hp_gain":0,"max_hp_loss":0,"event_name":"WeMeetAgain","floor":37,"gold_loss":54},{"cards_removed":["Die Die Die"],"damage_healed":1,"gold_gain":0,"player_choice":"Offered Rare","damage_taken":0,"max_hp_gain":10,"max_hp_loss":0,"event_name":"Bonfire Elementals","floor":41,"gold_loss":0},{"damage_healed":0,"gold_gain":0,"player_choice":"Paid","damage_taken":0,"relics_obtained":["Red Mask"],"max_hp_gain":0,"max_hp_loss":0,"event_name":"Tomb of Lord Red Mask","floor":42,"gold_loss":37}],"is_beta":false,"boss_relics":[{"not_picked":["Eternal Feather","Velvet Choker"],"picked":"Orrery"},{"not_picked":["Snecko Eye","Pandora\u0027s Box"],"picked":"Lizard Tail"}],"items_purged_floors":[],"is_endless":false,"potions_floor_spawned":[4,6,13,14,16,22,24,25,33,35,48],"ascension_level":3}