{"gold_per_floor":[114,114,128,54,54,54,88,58,134,134,164,164,175,194,194,297,297,310,310,310,47,61,96,115,115,141,141,153,163,188,198,198,302,302,316,316,91,191,202,235,235,247,272,289,289,344,356,368,368,368],"floor_reached":51,"playtime":4905,"items_purged":[],"score":807,"play_id":"2bebde59-5246-4b31-a2f7-8a5d9e856dd9","local_time":"20180627230208","is_ascension_mode":false,"campfire_choices":[{"floor":12,"key":"REST"},{"floor":15,"key":"REST"},{"data":"Dualcast","floor":25,"key":"SMITH"},{"data":"Go for the Eyes","floor":27,"key":"SMITH"},{"floor":32,"key":"REST"},{"floor":49,"key":"REST"}],"neow_cost":"NONE","seed_source_timestamp":1083432790294382,"circlet_count":0,"master_deck":["Zap+1","Dualcast+1","Tempest+1","Genetic Algorithm","Undo","Doom and Gloom","Turbo+1","BootSequence+1","Leap+1","Fission+1","Turbo+1","Coolheaded+1","Gash","Glacier+1","Stack+1","Fusion+1","Streamline","Capacitor","Injury","Redo+1","Go for the Eyes+1","Tempest+1","Steam+1","Ball Lightning+1","Heatsinks+1","Barrage+1","Hologram+1","Steam+1","Reboot+1","Redo+1","Madness+1","Madness+1","Defragment","Conserve Battery+1","Hologram+1","Jack Of All Trades+1","Go for the Eyes+1","Multi-Cast+1","Jack Of All Trades+1","Madness+1","Sadistic Nature","Conserve Battery+1","Sweeping Beam+1","Leap+1","Hologram+1"],"relics":["White Beast Statue","Pear","Bag of Marbles","Toxic Egg 2","Orichalcum","Pandora\u0027s Box","Nilry\u0027s Codex","Mummified Hand","Bronze Scales","DataDisk","Dream Catcher","Busted Crown","Thread and Needle","Bag of Preparation","Bottled Flame","Tiny Chest"],"potions_floor_usage":[7,7,11,13,14,16,16,23,24,24,29,30,30,30,33,33,35,40,44,44,46,46,50,50,50],"damage_taken":[{"damage":8,"enemies":"Jaw Worm","floor":1,"turns":3},{"damage":0,"enemies":"Small Slimes","floor":3,"turns":3},{"damage":28,"enemies":"3 Sentries","floor":7,"turns":9},{"damage":20,"enemies":"Gremlin Nob","floor":11,"turns":5},{"damage":0,"enemies":"Cultist","floor":13,"turns":3},{"damage":1,"enemies":"Large Slime","floor":14,"turns":4},{"damage":43,"enemies":"Slime Boss","floor":16,"turns":10},{"damage":6,"enemies":"Spheric Guardian","floor":18,"turns":5},{"damage":0,"enemies":"Shell Parasite","floor":22,"turns":7},{"damage":8,"enemies":"Gremlin Leader","floor":23,"turns":8},{"damage":18,"enemies":"Cultist and Chosen","floor":24,"turns":9},{"damage":12,"enemies":"Snake Plant","floor":28,"turns":5},{"damage":1,"enemies":"Sentry and Sphere","floor":29,"turns":6},{"damage":19,"enemies":"Slavers","floor":30,"turns":3},{"damage":1,"enemies":"Cultist and Chosen","floor":31,"turns":6},{"damage":0,"enemies":"Champ","floor":33,"turns":13},{"damage":0,"enemies":"3 Darklings","floor":35,"turns":4},{"damage":0,"enemies":"Orb Walker","floor":39,"turns":4},{"damage":11,"enemies":"Nemesis","floor":40,"turns":7},{"damage":0,"enemies":"Transient","floor":42,"turns":5},{"damage":6,"enemies":"Flame Bruiser 2 Orb","floor":44,"turns":6},{"damage":14,"enemies":"2 Orb Walkers","floor":46,"turns":3},{"damage":4,"enemies":"Maw","floor":47,"turns":5},{"damage":0,"enemies":"Transient","floor":48,"turns":5},{"damage":10,"enemies":"Awakened One","floor":50,"turns":14}],"seed_played":"8040148249723213350","potions_obtained":[{"floor":1,"key":"Strength Potion"},{"floor":3,"key":"Explosive Potion"},{"floor":7,"key":"SteroidPotion"},{"floor":8,"key":"Weak Potion"},{"floor":8,"key":"Weak Potion"},{"floor":11,"key":"FocusPotion"},{"floor":13,"key":"Dexterity Potion"},{"floor":14,"key":"Ancient Potion"},{"floor":16,"key":"Fire Potion"},{"floor":18,"key":"Dexterity Potion"},{"floor":22,"key":"FearPotion"},{"floor":23,"key":"Weak Potion"},{"floor":24,"key":"FocusPotion"},{"floor":28,"key":"SteroidPotion"},{"floor":29,"key":"LiquidBronze"},{"floor":30,"key":"LiquidBronze"},{"floor":31,"key":"FearPotion"},{"floor":33,"key":"PowerPotion"},{"floor":35,"key":"EssenceOfSteel"},{"floor":39,"key":"SteroidPotion"},{"floor":40,"key":"Block Potion"},{"floor":42,"key":"Fruit Juice"},{"floor":44,"key":"FocusPotion"},{"floor":46,"key":"Block Potion"},{"floor":47,"key":"Swift Potion"},{"floor":48,"key":"FearPotion"}],"is_trial":false,"path_per_floor":["M","?","M","$","?","?","E","?","T","?","E","R","M","M","R","B",null,"M","?","?","$","M","E","M","R","T","R","M","M","E","M","R","B",null,"M","?","$","?","M","E","?","M","T","M","T","E","M","M","R","B"],"character_chosen":"DEFECT","items_purchased":["Undo","Mummified Hand","Redo+1","Defragment","Conserve Battery+1","Hologram+1","Jack Of All Trades+1"],"campfire_rested":4,"item_purchase_floors":[4,21,21,37,37,37,37],"current_hp_per_floor":[67,60,60,60,58,58,30,30,30,35,15,42,42,41,68,25,90,84,68,68,68,75,67,49,49,49,49,44,50,31,30,57,57,90,90,79,79,79,79,68,58,58,58,57,57,43,43,43,71,61],"gold":368,"neow_bonus":"BOSS_RELIC","is_prod":false,"is_daily":false,"chose_seed":false,"campfire_upgraded":2,"win_rate":0,"timestamp":1530165728,"path_taken":["M","?","M","$","?","?","E","?","T","?","E","R","M","M","R","BOSS","M","?","?","$","M","E","M","R","T","R","M","M","E","?","R","BOSS","M","?","$","?","?","E","?","?","T","M","?","E","M","M","R","BOSS"],"build_version":"2018-06-26","purchased_purges":0,"victory":true,"max_hp_per_floor":[75,75,75,75,85,85,85,85,85,90,90,90,90,90,90,90,90,90,90,90,90,90,90,90,90,90,90,90,90,90,90,90,90,90,90,90,90,90,90,90,90,90,90,95,95,95,95,95,95,95],"card_choices":[{"not_picked":["Redo","Auto Shields"],"picked":"Tempest","floor":1},{"not_picked":["Chaos","Self Repair"],"picked":"Genetic Algorithm","floor":3},{"not_picked":["Redo","Go for the Eyes"],"picked":"Doom and Gloom","floor":7},{"not_picked":["Consume+1","Cold Snap"],"picked":"Turbo+1","floor":11},{"not_picked":["Ball Lightning","Double Energy+1"],"picked":"BootSequence+1","floor":13},{"not_picked":["Go for the Eyes","Rebound"],"picked":"Leap+1","floor":14},{"not_picked":["Biased Cognition","All For One"],"picked":"Fission+1","floor":16},{"not_picked":["Hologram+1","Rebound"],"picked":"Capacitor","floor":18},{"not_picked":["Gash","Rip and Tear"],"picked":"Go for the Eyes","floor":22},{"not_picked":["Turbo+1","Blizzard"],"picked":"Tempest+1","floor":23},{"not_picked":["Cold Snap","Gash"],"picked":"Steam+1","floor":24},{"not_picked":["Hologram+1","Double Energy+1"],"picked":"Ball Lightning+1","floor":28},{"not_picked":["Ball Lightning","Stack+1"],"picked":"Heatsinks+1","floor":29},{"not_picked":["Storm","All For One"],"picked":"Barrage+1","floor":30},{"not_picked":["Compile Driver","Double Energy+1"],"picked":"Hologram+1","floor":31},{"not_picked":["Redo+1","Biased Cognition"],"picked":"Steam+1","floor":32},{"not_picked":["Thunder Strike","All For One"],"picked":"Reboot+1","floor":33},{"not_picked":[],"picked":"Redo+1","floor":35},{"not_picked":[],"picked":"Go for the Eyes+1","floor":39},{"not_picked":[],"picked":"Multi-Cast+1","floor":40},{"not_picked":[],"picked":"Jack Of All Trades+1","floor":41},{"not_picked":[],"picked":"Madness+1","floor":41},{"not_picked":[],"picked":"Sadistic Nature","floor":41},{"not_picked":["Beam Cell"],"picked":"SKIP","floor":42},{"not_picked":[],"picked":"Conserve Battery+1","floor":44},{"not_picked":[],"picked":"Sweeping Beam+1","floor":46},{"not_picked":[],"picked":"Leap+1","floor":47},{"not_picked":["Rebound"],"picked":"SKIP","floor":48},{"not_picked":[],"picked":"Hologram+1","floor":49}],"player_experience":219248,"relics_obtained":[{"floor":7,"key":"Bag of Marbles"},{"floor":9,"key":"Toxic Egg 2"},{"floor":11,"key":"Orichalcum"},{"floor":19,"key":"Nilry\u0027s Codex"},{"floor":23,"key":"Bronze Scales"},{"floor":26,"key":"DataDisk"},{"floor":30,"key":"Dream Catcher"},{"floor":40,"key":"Thread and Needle"},{"floor":43,"key":"Bag of Preparation"},{"floor":45,"key":"Bottled Flame"},{"floor":46,"key":"Tiny Chest"}],"event_choices":[{"event_name":"Golden Wing","player_choice":"Card Removal","floor":2,"damage_taken":0},{"event_name":"Scrap Ooze","player_choice":"success","floor":5,"damage_taken":12},{"event_name":"Living Wall","player_choice":"Grow","floor":6,"damage_taken":0},{"event_name":"The Woman in Blue","player_choice":"Bought 2 Potions","floor":8,"damage_taken":0},{"event_name":"Big Fish","player_choice":"Donut","floor":10,"damage_taken":0},{"event_name":"Cursed Tome","player_choice":"Obtained Book","floor":19,"damage_taken":0},{"event_name":"Accursed Blacksmith","player_choice":"Forge","floor":20,"damage_taken":0},{"event_name":"Winding Halls","player_choice":"Embrace Madness","floor":36,"damage_taken":0},{"event_name":"Golden Shrine","player_choice":"Pray","floor":38,"damage_taken":0},{"event_name":"SensoryStone","player_choice":"Memory 3","floor":41,"damage_taken":0}],"boss_relics":[{"not_picked":["Runic Pyramid","Runic Dome"],"picked":"Pandora\u0027s Box"},{"not_picked":["Snecko Eye","Astrolabe"],"picked":"Busted Crown"}],"items_purged_floors":[],"is_endless":false,"potions_floor_spawned":[1,3,7,11,13,14,16,18,22,23,24,28,29,30,31,33,35,39,40,42,44,46,47,48],"ascension_level":0}