{"gold_per_floor":[119,119,119,135,64,99,99,115,115,115,115,140,159,159,159,159],"floor_reached":16,"playtime":383,"items_purged":[],"score":216,"play_id":"d68543a9-ba4f-46b4-baaa-3533bdac365f","local_time":"20190427190856","is_ascension_mode":true,"campfire_choices":[{"floor":7.0,"key":"REST"},{"floor":11,"key":"REST"},{"data":"Consume","floor":15,"key":"SMITH"}],"neow_cost":"NONE","seed_source_timestamp":386007448703400,"circlet_count":0,"master_deck":["AscendersBane","Strike_B","Strike_B","Strike_B","Defend_B","Defend_B","Defend_B","Defend_B","Zap","Dualcast","Ball Lightning","Consume+1","Electrodynamics+1","Conserve Battery","Steam"],"special_seed":0,"relics":["Cracked Core","Blue Candle","Sundial","Frozen Egg 2","Singing Bowl","Turnip","Letter Opener"],"potions_floor_usage":[],"damage_taken":[{"damage":0.0,"enemies":"Small Slimes","floor":1.0,"turns":3.0},{"damage":5.0,"enemies":"2 Louse","floor":4.0,"turns":3.0},{"damage":30.0,"enemies":"3 Sentries","floor":6.0,"turns":8.0},{"damage":0.0,"enemies":"Cultist","floor":8.0,"turns":3.0},{"damage":23,"enemies":"Lagavulin","floor":12,"turns":5},{"damage":0,"enemies":"3 Louse","floor":13,"turns":1},{"damage":34,"enemies":"The Guardian","floor":16,"turns":10}],"seed_played":"2963650498401303962","potions_obtained":[{"floor":1.0,"key":"EssenceOfSteel"}],"is_trial":false,"path_per_floor":["M","?","?","M","?","E","R","M","T","?","R","E","M","T","R","B"],"character_chosen":"DEFECT","items_purchased":[],"campfire_rested":2,"item_purchase_floors":[],"current_hp_per_floor":[64,46,46,41,41,11,32,32,32,32,53,32,32,32,32,0],"gold":159,"neow_bonus":"REMOVE_CARD","is_prod":false,"is_daily":false,"chose_seed":false,"campfire_upgraded":1,"win_rate":0,"timestamp":1556384936,"path_taken":["M","?","?","M","?","E","R","?","T","?","R","E","?","?","R","BOSS"],"build_version":"2019-01-23","purchased_purges":0,"victory":false,"max_hp_per_floor":[71,71,71,71,71,71,71,71,71,71,71,73,73,73,73,73],"card_choices":[{"not_picked":["Coolheaded","Beam Cell"],"picked":"Ball Lightning","floor":1.0},{"not_picked":["Beam Cell","Recycle","Reinforced Body"],"picked":"SKIP","floor":4.0},{"not_picked":["Loop","Double Energy"],"picked":"Consume","floor":6.0},{"not_picked":["Compile Driver","Chill","Reprogram"],"picked":"SKIP","floor":8.0},{"not_picked":["Leap","Heatsinks+1","Streamline"],"picked":"Singing Bowl","floor":12},{"not_picked":["Go for the Eyes","Hyperbeam"],"picked":"Steam","floor":13}],"player_experience":639675,"relics_obtained":[{"floor":6.0,"key":"Frozen Egg 2"},{"floor":9.0,"key":"Singing Bowl"},{"floor":12,"key":"Turnip"},{"floor":14,"key":"Letter Opener"}],"event_choices":[{"damage_healed":0.0,"max_hp_gain":0.0,"max_hp_loss":0.0,"gold_gain":0.0,"event_name":"Scrap Ooze","player_choice":"Success","floor":2.0,"gold_loss":0.0,"damage_taken":18.0,"relics_obtained":["Blue Candle"]},{"damage_healed":0.0,"max_hp_gain":0.0,"max_hp_loss":0.0,"gold_gain":0.0,"event_name":"Shining Light","player_choice":"Ignored","floor":3.0,"gold_loss":0.0,"damage_taken":0.0},{"damage_healed":0.0,"max_hp_gain":0.0,"max_hp_loss":0.0,"gold_gain":0.0,"event_name":"WeMeetAgain","player_choice":"Paid Gold","floor":5.0,"gold_loss":71.0,"damage_taken":0.0,"relics_obtained":["Sundial"]},{"damage_healed":0,"gold_gain":0,"player_choice":"2 cards matched","damage_taken":0,"max_hp_gain":0,"max_hp_loss":0,"event_name":"Match and Keep!","floor":10,"gold_loss":0,"cards_obtained":["Electrodynamics","Conserve Battery"]}],"is_beta":false,"boss_relics":[],"items_purged_floors":[],"is_endless":false,"potions_floor_spawned":[1],"killed_by":"The Guardian","ascension_level":20}