{"gold_per_floor":[13,31,45,64,76,76,105,169,196,210,210,210,210,221,221,321,321,331,343,353,56,56,83,83,95,147,147,158,169,169,188,188,293,293,303,303,303,303,403,403,432,141,186,201,201,227,240,35,35,35],"floor_reached":50,"playtime":3065,"items_purged":["Normality"],"score":519,"play_id":"9edc8dbd-f747-4fcb-9691-dd7145e82d0f","local_time":"20181107162144","is_ascension_mode":false,"campfire_choices":[{"data":"Hologram","floor":6,"key":"SMITH"},{"floor":13,"key":"REST"},{"data":"Zap","floor":15,"key":"SMITH"},{"floor":24,"key":"REST"},{"floor":30,"key":"REST"},{"data":"Defragment","floor":32,"key":"SMITH"},{"data":"Fission","floor":40,"key":"SMITH"},{"floor":45,"key":"RECALL"},{"floor":49,"key":"REST"}],"neow_cost":"NO_GOLD","seed_source_timestamp":1206854208195028,"circlet_count":0,"master_deck":["Strike_B","Strike_B","Strike_B+1","Strike_B","Defend_B+1","Defend_B+1","Defend_B+1","Defend_B","Zap+1","Dualcast","Hologram+1","FTL","Cold Snap","Compile Driver","Ball Lightning+1","Self Repair","Streamline+1","Electrodynamics","Leap","Leap+1","Defragment+1","Glacier","Ball Lightning+1","Mind Blast+1","Cold Snap+1","Stack+1","Decay","Melter+1","Chill+1","Reinforced Body+1","Fission+1","Doubt","Decay","Cold Snap+1","Fusion+1","White Noise+1","Coolheaded+1","Hologram+1"],"relics":["Cracked Core","Ginger","Molten Egg 2","War Paint","Strawberry","Eternal Feather","Centennial Puzzle","DataDisk","Calling Bell","Regal Pillow","Symbiotic Virus","StoneCalendar","Gambling Chip","Smiling Mask","Bottled Tornado","Boot","OrangePellets"],"potions_floor_usage":[23,29,41,41,41],"damage_taken":[{"damage":1,"enemies":"Jaw Worm","floor":1,"turns":3},{"damage":7,"enemies":"Small Slimes","floor":2,"turns":5},{"damage":1,"enemies":"Cultist","floor":3,"turns":3},{"damage":0,"enemies":"Blue Slaver","floor":4,"turns":4},{"damage":7,"enemies":"3 Louse","floor":5,"turns":4},{"damage":16,"enemies":"Gremlin Nob","floor":7,"turns":4},{"damage":8,"enemies":"Large Slime","floor":10,"turns":4},{"damage":5,"enemies":"2 Fungi Beasts","floor":14,"turns":2},{"damage":14,"enemies":"Hexaghost","floor":16,"turns":8},{"damage":8,"enemies":"Spheric Guardian","floor":18,"turns":3},{"damage":8,"enemies":"Shell Parasite","floor":19,"turns":6},{"damage":9,"enemies":"Sentry and Sphere","floor":20,"turns":6},{"damage":74,"enemies":"Gremlin Leader","floor":23,"turns":8},{"damage":31,"enemies":"Snake Plant","floor":25,"turns":3},{"damage":0,"enemies":"Snecko","floor":28,"turns":4},{"damage":10,"enemies":"Cultist and Chosen","floor":29,"turns":3},{"damage":3,"enemies":"Centurion and Healer","floor":31,"turns":4},{"damage":74,"enemies":"Champ","floor":33,"turns":16},{"damage":7,"enemies":"Orb Walker","floor":35,"turns":2},{"damage":43,"enemies":"Mind Bloom Boss Battle","floor":39,"turns":9},{"damage":45,"enemies":"Nemesis","floor":41,"turns":7},{"damage":0,"enemies":"3 Shapes","floor":44,"turns":3},{"damage":25,"enemies":"Jaw Worm Horde","floor":47,"turns":4},{"damage":90,"enemies":"Time Eater","floor":50,"turns":13}],"seed_played":"-6286182560783840141","potions_obtained":[{"floor":4,"key":"Dexterity Potion"},{"floor":5,"key":"Explosive Potion"},{"floor":10,"key":"Strength Potion"},{"floor":14,"key":"SteroidPotion"},{"floor":20,"key":"FocusPotion"},{"floor":23,"key":"PowerPotion"},{"floor":33,"key":"Swift Potion"}],"is_trial":false,"path_per_floor":["M","M","M","M","M","R","E","?","T","M","?","?","R","M","R","B",null,"M","M","M","$","?","E","R","M","T","?","M","M","R","M","R","B",null,"M","?","?","?","?","R","E","$","T","M","R","T","M","$","R","B"],"character_chosen":"DEFECT","items_purchased":["Defragment","Glacier","Ball Lightning+1","Mind Blast+1","Bottled Tornado","OrangePellets"],"campfire_rested":4,"item_purchase_floors":[21,21,21,21,42,48],"current_hp_per_floor":[74,67,66,66,59,59,43,43,43,35,20,27,51,46,46,39,82,81,80,78,78,78,4,43,12,12,12,19,16,55,59,77,10,82,75,75,75,75,39,60,22,22,22,29,50,50,32,32,78,0],"gold":35,"neow_bonus":"ONE_RARE_RELIC","is_prod":false,"is_daily":false,"chose_seed":false,"campfire_upgraded":4,"win_rate":0,"timestamp":1541604104,"path_taken":["M","M","M","M","M","R","E","?","T","M","?","?","R","M","R","BOSS","M","?","M","$","?","E","R","M","T","?","M","M","R","M","R","BOSS","M","?","?","?","?","R","E","$","T","M","R","?","M","$","R","BOSS"],"build_version":"2018-11-06","purchased_purges":1,"victory":false,"max_hp_per_floor":[75,75,75,75,75,75,75,75,75,75,75,82,82,82,82,82,82,82,82,82,82,82,82,82,82,82,82,82,82,82,82,82,82,82,82,82,82,78,78,78,78,78,78,78,78,78,78,78,78,78],"card_choices":[{"not_picked":["Gash","Tempest"],"picked":"Hologram","floor":1},{"not_picked":["Leap","Gash"],"picked":"FTL","floor":2},{"not_picked":["Undo","Turbo"],"picked":"Cold Snap","floor":3},{"not_picked":["Blizzard","Double Energy","Auto Shields"],"picked":"SKIP","floor":4},{"not_picked":["Coolheaded","Consume"],"picked":"Compile Driver","floor":5},{"not_picked":["Double Energy","Reprogram"],"picked":"Ball Lightning","floor":7},{"not_picked":["Redo","Turbo"],"picked":"Self Repair","floor":10},{"not_picked":["Streamline+1","Turbo","Auto Shields"],"picked":"SKIP","floor":14},{"not_picked":["Turbo","Auto Shields"],"picked":"Streamline+1","floor":14},{"not_picked":["Echo Form","Creative AI"],"picked":"Electrodynamics","floor":16},{"not_picked":["Hologram","Barrage+1","Streamline+1"],"picked":"SKIP","floor":18},{"not_picked":["Hologram","Skim"],"picked":"Leap","floor":19},{"not_picked":["BootSequence+1","Cold Snap+1"],"picked":"Leap+1","floor":20},{"not_picked":["Gash+1","Leap"],"picked":"Cold Snap+1","floor":23},{"not_picked":["Chill","Storm"],"picked":"Stack+1","floor":25},{"not_picked":["Aggregate","Sweeping Beam+1"],"picked":"Melter+1","floor":28},{"not_picked":["Reinforced Body","Genetic Algorithm"],"picked":"Chill+1","floor":29},{"not_picked":["Steam Power","Lockon+1"],"picked":"Reinforced Body+1","floor":31},{"not_picked":["Seek","Reboot"],"picked":"Fission","floor":33},{"not_picked":["Steam","Tempest"],"picked":"Cold Snap+1","floor":35},{"not_picked":["Conserve Battery","Sweeping Beam+1"],"picked":"Fusion+1","floor":39},{"not_picked":["Compile Driver+1","Double Energy"],"picked":"White Noise+1","floor":41},{"not_picked":["Cold Snap+1","Compile Driver+1"],"picked":"Coolheaded+1","floor":44},{"not_picked":["Gash+1","Multi-Cast"],"picked":"Hologram+1","floor":47}],"player_experience":731646,"relics_obtained":[{"floor":7,"key":"Molten Egg 2"},{"floor":9,"key":"War Paint"},{"floor":23,"key":"Centennial Puzzle"},{"floor":26,"key":"DataDisk"},{"floor":34,"key":"Regal Pillow"},{"floor":34,"key":"Symbiotic Virus"},{"floor":34,"key":"StoneCalendar"},{"floor":39,"key":"Gambling Chip"},{"floor":41,"key":"Smiling Mask"},{"floor":46,"key":"Boot"}],"event_choices":[{"damage_healed":0,"gold_gain":64,"player_choice":"Gained Gold","damage_taken":0,"max_hp_gain":0,"max_hp_loss":0,"event_name":"Golden Wing","floor":8,"gold_loss":0},{"damage_healed":0,"gold_gain":0,"player_choice":"Entered Light","damage_taken":15,"max_hp_gain":0,"max_hp_loss":0,"event_name":"Shining Light","floor":11,"gold_loss":0,"cards_upgraded":["Defend_B","Strike_B"]},{"damage_healed":0,"gold_gain":0,"player_choice":"Gave Potion","damage_taken":0,"relics_obtained":["Strawberry"],"max_hp_gain":0,"max_hp_loss":0,"event_name":"WeMeetAgain","floor":12,"gold_loss":0},{"damage_healed":0,"gold_gain":0,"player_choice":"Ignored","damage_taken":0,"max_hp_gain":0,"max_hp_loss":0,"event_name":"Beggar","floor":22,"gold_loss":0},{"damage_healed":0,"gold_gain":0,"player_choice":"Smashed Altar","damage_taken":0,"max_hp_gain":0,"max_hp_loss":0,"event_name":"Forgotten Altar","floor":27,"gold_loss":0,"cards_obtained":["Decay"]},{"damage_healed":0,"gold_gain":0,"player_choice":"Ignored","damage_taken":0,"max_hp_gain":0,"max_hp_loss":0,"event_name":"Mysterious Sphere","floor":36,"gold_loss":0},{"damage_healed":0,"gold_gain":0,"player_choice":"Memory 1","damage_taken":0,"max_hp_gain":0,"max_hp_loss":0,"event_name":"SensoryStone","floor":37,"gold_loss":0},{"damage_healed":0,"gold_gain":0,"player_choice":"Max HP","damage_taken":0,"max_hp_gain":0,"max_hp_loss":4,"event_name":"Winding Halls","floor":38,"gold_loss":0},{"damage_healed":0,"gold_gain":0,"player_choice":"Fight","damage_taken":0,"max_hp_gain":0,"max_hp_loss":0,"event_name":"MindBloom","floor":39,"gold_loss":0}],"is_beta":true,"boss_relics":[{"not_picked":["Philosopher\u0027s Stone","Coffee Dripper"],"picked":"Eternal Feather"},{"not_picked":["Lizard Tail","FrozenCore"],"picked":"Calling Bell"}],"items_purged_floors":[42],"is_endless":false,"potions_floor_spawned":[4,5,10,14,18,20,23,33,35],"killed_by":"Time Eater","ascension_level":0}