{"gold_per_floor":[216,15,15,35,35,35,66,66,140,140],"floor_reached":10,"playtime":336,"items_purged":[],"score":80,"play_id":"1fbf28de-b3c7-4f0a-8b7f-47b9de726e15","local_time":"20190405010526","is_ascension_mode":true,"campfire_choices":[{"data":"Metallicize","floor":6,"key":"SMITH"},{"data":"Bash","floor":8,"key":"SMITH"}],"neow_cost":"NONE","seed_source_timestamp":83290230075075,"circlet_count":0,"master_deck":["Strike_R","Strike_R","Strike_R","Strike_R","Strike_R","Defend_R","Defend_R","Defend_R","Defend_R","Bash+1","Ghostly Armor","Limit Break","Deep Breath","Metallicize+1"],"relics":["Burning Blood","ClockworkSouvenir","Golden Idol","Toxic Egg 2","Dodecahedron"],"potions_floor_usage":[7],"damage_taken":[{"damage":1,"enemies":"Cultist","floor":1,"turns":3},{"damage":5,"enemies":"2 Louse","floor":4,"turns":3},{"damage":30,"enemies":"Gremlin Nob","floor":7,"turns":6},{"damage":59,"enemies":"Lagavulin","floor":10,"turns":8}],"seed_played":"-3818489697511837055","potions_obtained":[{"floor":1,"key":"EssenceOfSteel"}],"is_trial":false,"path_per_floor":["?","M","?"],"character_chosen":"IRONCLAD","items_purchased":["ClockworkSouvenir"],"campfire_rested":0,"item_purchase_floors":[2],"current_hp_per_floor":[80,80,80,80,74,74,50,50,50,0],"gold":140,"neow_bonus":"HUNDRED_GOLD","is_prod":false,"is_daily":false,"chose_seed":false,"campfire_upgraded":2,"win_rate":0,"timestamp":1554401126,"path_taken":["M","$","?","?","?","R","E","R","T","E"],"build_version":"2019-01-23","purchased_purges":0,"victory":false,"max_hp_per_floor":[80,80,80,80,74,74,74,74,74,74],"card_choices":[{"not_picked":["Hemokinesis","Disarm"],"picked":"Ghostly Armor","floor":1},{"not_picked":["Havoc","Sword Boomerang"],"picked":"Metallicize","floor":4},{"not_picked":["Bloodletting","Warcry","Feel No Pain"],"picked":"SKIP","floor":7}],"player_experience":170863,"relics_obtained":[{"floor":7,"key":"Toxic Egg 2"},{"floor":9,"key":"Dodecahedron"}],"event_choices":[{"damage_healed":0,"gold_gain":0,"player_choice":"2 cards matched","damage_taken":0,"max_hp_gain":0,"max_hp_loss":0,"event_name":"Match and Keep!","floor":3,"gold_loss":0,"cards_obtained":["Limit Break","Deep Breath"]},{"damage_healed":0,"gold_gain":0,"player_choice":"Lose Max HP","damage_taken":0,"relics_obtained":["Golden Idol"],"max_hp_gain":0,"max_hp_loss":6,"event_name":"Golden Idol","floor":5,"gold_loss":0}],"is_beta":false,"boss_relics":[],"items_purged_floors":[],"is_endless":false,"potions_floor_spawned":[1],"killed_by":"Lagavulin","ascension_level":5}