{"gold_per_floor":[117,135,150,160,175,202,217,217],"floor_reached":8,"playtime":454,"items_purged":[],"score":109,"play_id":"45c3553b-a841-44e4-9e8b-5df9eef2bcc8","local_time":"20181126135345","is_ascension_mode":true,"campfire_choices":[],"neow_cost":"NONE","seed_source_timestamp":10996224795983,"circlet_count":0,"master_deck":["AscendersBane","Strike_R","Strike_R","Strike_R","Strike_R","Defend_R","Defend_R","Defend_R","Defend_R","Bash","Power Through","Sever Soul","Shrug It Off","Clothesline","Thunderclap"],"relics":["Burning Blood","Bottled Flame"],"potions_floor_usage":[8],"damage_taken":[{"damage":9,"enemies":"Cultist","floor":1,"turns":5},{"damage":4,"enemies":"2 Louse","floor":2,"turns":3},{"damage":6,"enemies":"Jaw Worm","floor":3,"turns":4},{"damage":2,"enemies":"3 Louse","floor":4,"turns":5},{"damage":1,"enemies":"Looter","floor":5,"turns":4},{"damage":35,"enemies":"Lagavulin","floor":6,"turns":10},{"damage":11,"enemies":"2 Fungi Beasts","floor":7,"turns":5},{"damage":41,"enemies":"3 Sentries","floor":8,"turns":6}],"seed_played":"2853440717453529974","potions_obtained":[{"floor":1,"key":"SneckoOil"},{"floor":3,"key":"SkillPotion"},{"floor":6,"key":"Energy Potion"}],"is_trial":false,"path_per_floor":["M","M","M","M","M","E","M","E"],"character_chosen":"IRONCLAD","items_purchased":[],"campfire_rested":0,"item_purchase_floors":[],"current_hp_per_floor":[65,67,67,71,75,46,41,0],"gold":217,"neow_bonus":"TRANSFORM_CARD","is_prod":false,"is_daily":false,"chose_seed":false,"campfire_upgraded":0,"win_rate":0,"timestamp":1543236825,"path_taken":["M","M","M","M","M","E","?","E"],"build_version":"2018-11-15","purchased_purges":0,"victory":false,"max_hp_per_floor":[75,75,75,75,75,75,75,75],"card_choices":[{"not_picked":["Heavy Blade","Combust"],"picked":"Sever Soul","floor":1},{"not_picked":["Feel No Pain","Thunderclap"],"picked":"Shrug It Off","floor":2},{"not_picked":["Pummel","Iron Wave"],"picked":"Clothesline","floor":3},{"not_picked":["Perfected Strike","Rampage"],"picked":"Thunderclap","floor":4},{"not_picked":["Anger","Twin Strike","Thunderclap"],"picked":"SKIP","floor":5},{"not_picked":["Corruption","Perfected Strike","Twin Strike"],"picked":"SKIP","floor":6},{"not_picked":["Sword Boomerang","Combust","Burning Pact"],"picked":"SKIP","floor":7}],"player_experience":869278,"relics_obtained":[{"floor":6,"key":"Bottled Flame"}],"event_choices":[],"is_beta":false,"boss_relics":[],"items_purged_floors":[],"is_endless":false,"potions_floor_spawned":[1,3,6],"killed_by":"3 Sentries","ascension_level":15}