{"gold_per_floor":[109,128,138,157,157,157,167,179,205,240,253,253,266,266,266,338,338,357,313,330,39,39,39],"floor_reached":23,"playtime":1906,"items_purged":["Strike_B"],"score":394,"play_id":"62b3a11f-39c1-4e7f-ab95-15c7401e2013","local_time":"20190401141242","is_ascension_mode":true,"campfire_choices":[{"data":"Zap","floor":6,"key":"SMITH"},{"floor":12,"key":"REST"},{"floor":15,"key":"REST"}],"neow_cost":"NONE","seed_source_timestamp":839718937269368,"circlet_count":0,"master_deck":["AscendersBane","Strike_B","Defend_B","Defend_B","Defend_B","Defend_B","Zap+1","Dualcast","Biased Cognition","Cold Snap","Cold Snap","Genetic Algorithm","Undo","Coolheaded","Defragment","White Noise","Gash","Echo Form","Self Repair","Darkness","Apotheosis"],"relics":["Cracked Core","Lantern","Dodecahedron","Inserter"],"potions_floor_usage":[4,10,11,16,16,19],"damage_taken":[{"damage":2,"enemies":"Jaw Worm","floor":1,"turns":4},{"damage":4,"enemies":"Small Slimes","floor":2,"turns":3},{"damage":0,"enemies":"Cultist","floor":3,"turns":4},{"damage":12,"enemies":"Gremlin Gang","floor":4,"turns":6},{"damage":0,"enemies":"2 Fungi Beasts","floor":7,"turns":4},{"damage":12,"enemies":"Large Slime","floor":8,"turns":8},{"damage":11,"enemies":"3 Sentries","floor":10,"turns":11},{"damage":8,"enemies":"Exordium Wildlife","floor":11,"turns":6},{"damage":22,"enemies":"Exordium Thugs","floor":13,"turns":6},{"damage":5,"enemies":"The Guardian","floor":16,"turns":16},{"damage":17,"enemies":"Shell Parasite","floor":18,"turns":8},{"damage":22,"enemies":"2 Thieves","floor":19,"turns":5},{"damage":17,"enemies":"Centurion and Healer","floor":20,"turns":11},{"damage":18,"enemies":"Book of Stabbing","floor":23,"turns":5}],"seed_played":"-1230508850194670722","potions_obtained":[{"floor":3,"key":"Swift Potion"},{"floor":4,"key":"SkillPotion"},{"floor":10,"key":"GamblersBrew"},{"floor":11,"key":"Block Potion"},{"floor":13,"key":"Strength Potion"},{"floor":16,"key":"Energy Potion"},{"floor":18,"key":"Fire Potion"}],"is_trial":false,"path_per_floor":["M","M","M","M","?","R","M","M","T","E","M","R","M","?","R","B",null,"M","M","M","$","?","E"],"character_chosen":"DEFECT","items_purchased":["Apotheosis"],"campfire_rested":2,"item_purchase_floors":[21],"current_hp_per_floor":[62,58,58,46,39,39,39,27,27,16,8,29,7,7,28,23,59,42,20,17,17,17,0],"gold":39,"neow_bonus":"ONE_RANDOM_RARE_CARD","is_prod":false,"is_daily":false,"chose_seed":false,"campfire_upgraded":1,"win_rate":0,"timestamp":1554120762,"path_taken":["M","M","M","M","?","R","M","M","T","E","M","R","M","?","R","BOSS","M","?","?","$","?","E"],"build_version":"2019-01-23","purchased_purges":1,"victory":false,"max_hp_per_floor":[71,71,71,71,71,71,71,71,71,71,71,71,71,71,71,71,71,71,71,71,71,71,71],"card_choices":[{"not_picked":["Streamline","Hello World","Fusion"],"picked":"SKIP","floor":1},{"not_picked":["Tempest","Reprogram"],"picked":"Cold Snap","floor":2},{"not_picked":["Gash","Hologram"],"picked":"Cold Snap","floor":3},{"not_picked":["Tempest","Hologram"],"picked":"Genetic Algorithm","floor":4},{"not_picked":["Conserve Battery","Fusion"],"picked":"Undo","floor":7},{"not_picked":["Hologram","Gash"],"picked":"Coolheaded","floor":8},{"not_picked":["Machine Learning","Streamline"],"picked":"Defragment","floor":10},{"not_picked":["Barrage","Streamline"],"picked":"White Noise","floor":11},{"not_picked":["Coolheaded","Conserve Battery"],"picked":"Gash","floor":13},{"not_picked":["Buffer","Biased Cognition"],"picked":"Echo Form","floor":16},{"not_picked":["Turbo","Steam","Rebound"],"picked":"SKIP","floor":18},{"not_picked":["BootSequence","Go for the Eyes"],"picked":"Self Repair","floor":19},{"not_picked":["Beam Cell","Compile Driver"],"picked":"Darkness","floor":20}],"player_experience":1406918,"relics_obtained":[{"floor":9,"key":"Lantern"},{"floor":10,"key":"Dodecahedron"}],"event_choices":[{"cards_removed":["Strike_B"],"damage_healed":0,"gold_gain":0,"player_choice":"Card Removal","damage_taken":7,"max_hp_gain":0,"max_hp_loss":0,"event_name":"Golden Wing","floor":5,"gold_loss":0},{"cards_removed":["Strike_B"],"damage_healed":0,"gold_gain":0,"player_choice":"Purged","damage_taken":0,"max_hp_gain":0,"max_hp_loss":0,"event_name":"Purifier","floor":14,"gold_loss":0},{"damage_healed":0,"gold_gain":0,"player_choice":"Ignored","damage_taken":0,"max_hp_gain":0,"max_hp_loss":0,"event_name":"Cursed Tome","floor":22,"gold_loss":0}],"is_beta":false,"boss_relics":[{"not_picked":["Philosopher\u0027s Stone","Calling Bell"],"picked":"Inserter"}],"items_purged_floors":[21],"is_endless":false,"potions_floor_spawned":[3,4,10,11,13,16,18],"killed_by":"Book of Stabbing","ascension_level":20}