{"gold_per_floor":[110,128,139,155,80,110,110,136,160,175,54,54,71,100,100,100],"floor_reached":16,"playtime":761,"items_purged":["Strike_R"],"score":177,"play_id":"a9fb5ae3-833d-4375-ad52-360fc56afe7e","local_time":"20190402010250","is_ascension_mode":true,"campfire_choices":[{"data":"Bludgeon","floor":7,"key":"SMITH"},{"data":"True Grit","floor":15,"key":"SMITH"}],"neow_cost":"NONE","seed_source_timestamp":33016705512511,"circlet_count":0,"master_deck":["Strike_R","Strike_R","Strike_R","Defend_R","Defend_R","Defend_R","Defend_R","Bash","Pommel Strike","Bludgeon+1","Inflame","True Grit+1","Uppercut","Shrug It Off","Flame Barrier"],"relics":["Burning Blood","Bird Faced Urn","Potion Belt","Ancient Tea Set","Juzu Bracelet"],"potions_floor_usage":[14,14,16],"damage_taken":[{"damage":11,"enemies":"Cultist","floor":1,"turns":4},{"damage":7,"enemies":"Jaw Worm","floor":2,"turns":3},{"damage":6,"enemies":"Small Slimes","floor":3,"turns":5},{"damage":4,"enemies":"Red Slaver","floor":4,"turns":4},{"damage":16,"enemies":"Gremlin Nob","floor":6,"turns":3},{"damage":20,"enemies":"3 Sentries","floor":8,"turns":6},{"damage":22,"enemies":"Large Slime","floor":10,"turns":8},{"damage":3,"enemies":"Exordium Wildlife","floor":13,"turns":3},{"damage":9,"enemies":"Gremlin Nob","floor":14,"turns":4},{"damage":51,"enemies":"Slime Boss","floor":16,"turns":10}],"seed_played":"-7741590745682199667","potions_obtained":[{"floor":3,"key":"FearPotion"},{"floor":10,"key":"Block Potion"},{"floor":14,"key":"Regen Potion"}],"is_trial":false,"path_per_floor":["M","M","M","M","$","E","R","E","T","M","$","?","M","E","R","B"],"character_chosen":"IRONCLAD","items_purchased":["True Grit","Uppercut"],"campfire_rested":0,"item_purchase_floors":[11,11],"current_hp_per_floor":[67,66,66,68,68,58,58,44,44,28,28,28,33,32,32,0],"gold":100,"neow_bonus":"REMOVE_CARD","is_prod":false,"is_daily":false,"chose_seed":false,"campfire_upgraded":2,"win_rate":0,"timestamp":1554177770,"path_taken":["M","M","M","?","$","E","R","E","T","M","$","?","M","E","R","BOSS"],"build_version":"2019-01-23","purchased_purges":1,"victory":false,"max_hp_per_floor":[80,80,80,80,80,80,80,80,80,80,80,80,80,80,80,80],"card_choices":[{"not_picked":["Body Slam","Burning Pact","Heavy Blade"],"picked":"SKIP","floor":1},{"not_picked":["Cleave","Warcry"],"picked":"Pommel Strike","floor":2},{"not_picked":["Reckless Charge","Fire Breathing"],"picked":"Bludgeon","floor":3},{"not_picked":["Warcry","Fire Breathing","Twin Strike"],"picked":"SKIP","floor":4},{"not_picked":["Dropkick","Rampage","Armaments"],"picked":"SKIP","floor":6},{"not_picked":["Whirlwind","Second Wind","Warcry"],"picked":"SKIP","floor":8},{"not_picked":["Metallicize","Dropkick"],"picked":"Inflame","floor":10},{"not_picked":["Clash","Flex"],"picked":"Shrug It Off","floor":13},{"not_picked":["Second Wind","Wild Strike"],"picked":"Flame Barrier","floor":14}],"player_experience":465449,"relics_obtained":[{"floor":6,"key":"Bird Faced Urn"},{"floor":8,"key":"Potion Belt"},{"floor":9,"key":"Ancient Tea Set"},{"floor":14,"key":"Juzu Bracelet"}],"event_choices":[{"damage_healed":0,"gold_gain":0,"player_choice":"Ignored","damage_taken":0,"max_hp_gain":0,"max_hp_loss":0,"event_name":"Liars Game","floor":12,"gold_loss":0}],"is_beta":false,"boss_relics":[],"items_purged_floors":[5],"is_endless":false,"potions_floor_spawned":[3,10,14],"killed_by":"Slime Boss","ascension_level":9}