{"gold_per_floor":[109,120,135,135,85,105,105,118,145,145,145,162,190,201,201,302,302,321,321,340,69,81,81,99,99,99,99,118,118,134,153,153,255,255,274,286,303,303,303],"floor_reached":39,"playtime":2329,"items_purged":["Strike_R"],"score":389,"play_id":"4be1376f-c7ff-4397-b8fb-2dc6055deda9","local_time":"20190206024850","is_ascension_mode":false,"campfire_choices":[{"data":"Armaments","floor":7,"key":"SMITH"},{"data":"Flex","floor":11,"key":"SMITH"},{"data":"Limit Break","floor":15,"key":"SMITH"},{"floor":23,"key":"REST"},{"data":"Flex","floor":25,"key":"SMITH"},{"data":"Brutality","floor":27,"key":"SMITH"},{"floor":32,"key":"REST"}],"neow_cost":"NONE","seed_source_timestamp":197300713264000,"circlet_count":0,"master_deck":["Strike_R","Strike_R","Strike_R","Defend_R","Defend_R","Defend_R","Bash","Cleave","Armaments+1","Fire Breathing+1","Flex+1","Headbutt","Limit Break+1","Brutality+1","Flex+1","Anger","Spot Weakness+1","Searing Blow+1","Carnage+1","RitualDagger","Clothesline","Fiend Fire","Heavy Blade","Limit Break+1"],"relics":["Black Blood","Juzu Bracelet","Bronze Scales","Oddly Smooth Stone","Velvet Choker","ClockworkSouvenir","Boot"],"potions_floor_usage":[16,16,16,33,33,35,37,39,39],"damage_taken":[{"damage":2,"enemies":"2 Louse","floor":1,"turns":3},{"damage":1,"enemies":"Jaw Worm","floor":2,"turns":3},{"damage":1,"enemies":"Cultist","floor":3,"turns":4},{"damage":10,"enemies":"Looter","floor":6,"turns":3},{"damage":9,"enemies":"Blue Slaver","floor":8,"turns":4},{"damage":5,"enemies":"Exordium Thugs","floor":12,"turns":3},{"damage":11,"enemies":"Gremlin Nob","floor":13,"turns":3},{"damage":0,"enemies":"2 Fungi Beasts","floor":14,"turns":3},{"damage":35,"enemies":"Hexaghost","floor":16,"turns":7},{"damage":13,"enemies":"3 Byrds","floor":18,"turns":4},{"damage":3,"enemies":"Chosen","floor":20,"turns":4},{"damage":18,"enemies":"Shelled Parasite and Fungi","floor":22,"turns":3},{"damage":2,"enemies":"Snecko","floor":24,"turns":3},{"damage":17,"enemies":"Centurion and Healer","floor":28,"turns":4},{"damage":1,"enemies":"Snake Plant","floor":30,"turns":2},{"damage":23,"enemies":"Shelled Parasite and Fungi","floor":31,"turns":2},{"damage":53,"enemies":"Collector","floor":33,"turns":4},{"damage":34,"enemies":"3 Darklings","floor":35,"turns":4},{"damage":39,"enemies":"3 Shapes","floor":36,"turns":4},{"damage":8,"enemies":"Transient","floor":37,"turns":5}],"seed_played":"971674752296617080","potions_obtained":[{"floor":2,"key":"SpeedPotion"},{"floor":6,"key":"Weak Potion"},{"floor":8,"key":"LiquidBronze"},{"floor":12,"key":"Fire Potion"},{"floor":18,"key":"Swift Potion"},{"floor":24,"key":"Explosive Potion"},{"floor":28,"key":"Regen Potion"},{"floor":33,"key":"SpeedPotion"},{"floor":36,"key":"EssenceOfSteel"},{"floor":37,"key":"PowerPotion"}],"is_trial":false,"path_per_floor":["M","M","M","?","?","M","R","M","T","?","R","M","E","M","R","B",null,"M","?","M","$","M","R","M","R","T","R","M","?","M","M","R","B",null,"M","M","M","?","M"],"character_chosen":"IRONCLAD","items_purchased":["ClockworkSouvenir"],"campfire_rested":2,"item_purchase_floors":[21],"current_hp_per_floor":[80,80,80,73,73,69,69,66,66,66,66,67,62,68,68,39,80,73,57,60,60,48,72,76,76,76,76,65,59,64,47,71,36,80,56,27,29,29,0],"gold":303,"neow_bonus":"RANDOM_COMMON_RELIC","is_prod":false,"is_daily":false,"chose_seed":false,"campfire_upgraded":5,"win_rate":0.0,"timestamp":1549396130,"path_taken":["M","M","M","?","?","M","R","M","T","?","R","M","E","M","R","BOSS","M","?","M","$","M","R","M","R","T","R","M","?","M","M","R","BOSS","M","M","M","?","M"],"build_version":"2018-12-4","purchased_purges":1,"victory":false,"max_hp_per_floor":[80,80,80,80,80,80,80,80,80,80,80,80,80,80,80,80,80,80,80,80,80,80,80,80,80,80,80,80,80,80,80,80,80,80,80,80,80,80,80],"card_choices":[{"not_picked":["Intimidate","True Grit"],"picked":"Cleave","floor":1},{"not_picked":["Sword Boomerang","Dropkick","Sever Soul"],"picked":"SKIP","floor":2},{"not_picked":["Clothesline","Rampage"],"picked":"Armaments","floor":3},{"not_picked":["Body Slam","Shrug It Off"],"picked":"Fire Breathing","floor":6},{"not_picked":["Clothesline","Headbutt"],"picked":"Flex","floor":8},{"not_picked":["Reckless Charge","Carnage"],"picked":"Headbutt","floor":12},{"not_picked":["Seeing Red","Heavy Blade"],"picked":"Limit Break","floor":13},{"not_picked":["Thunderclap","Rage","Shrug It Off"],"picked":"SKIP","floor":14},{"not_picked":["Bludgeon","Barricade"],"picked":"Brutality","floor":16},{"not_picked":["True Grit+1","Warcry"],"picked":"Flex","floor":18},{"not_picked":["Fire Breathing+1","Rage"],"picked":"Anger","floor":20},{"not_picked":["Clash","Rampage"],"picked":"Spot Weakness+1","floor":22},{"not_picked":["Warcry","Twin Strike"],"picked":"Searing Blow+1","floor":24},{"not_picked":["Thunderclap","Seeing Red+1"],"picked":"Carnage+1","floor":28},{"not_picked":["Shrug It Off","Brutality","Infernal Blade"],"picked":"SKIP","floor":30},{"not_picked":["Warcry","Infernal Blade+1"],"picked":"Clothesline","floor":31},{"not_picked":["Feed","Berserk"],"picked":"Fiend Fire","floor":33},{"not_picked":["Body Slam+1","Pommel Strike+1"],"picked":"Heavy Blade","floor":35},{"not_picked":["Bloodletting+1","Warcry+1","Clothesline"],"picked":"SKIP","floor":36},{"not_picked":["Clothesline+1","Battle Trance","Dropkick+1"],"picked":"SKIP","floor":37}],"player_experience":18717,"relics_obtained":[{"floor":9,"key":"Bronze Scales"},{"floor":13,"key":"Oddly Smooth Stone"},{"floor":26,"key":"Boot"}],"event_choices":[{"cards_removed":["Defend_R"],"damage_healed":0,"gold_gain":0,"player_choice":"Card Removal","damage_taken":7,"max_hp_gain":0,"max_hp_loss":0,"event_name":"Golden Wing","floor":4,"gold_loss":0},{"cards_removed":["Strike_R"],"damage_healed":0,"gold_gain":0,"player_choice":"Card Removal","damage_taken":0,"max_hp_gain":0,"max_hp_loss":0,"event_name":"The Cleric","floor":5,"gold_loss":50},{"damage_healed":0,"gold_gain":0,"player_choice":"Forge","damage_taken":0,"max_hp_gain":0,"max_hp_loss":0,"event_name":"Accursed Blacksmith","floor":10,"gold_loss":0,"cards_upgraded":["Fire Breathing"]},{"damage_healed":0,"gold_gain":0,"player_choice":"Obtained Book","damage_taken":16,"max_hp_gain":0,"max_hp_loss":0,"event_name":"Cursed Tome","floor":19,"gold_loss":0},{"damage_healed":0,"gold_gain":0,"player_choice":"Joined the Cult","damage_taken":6,"max_hp_gain":0,"max_hp_loss":0,"event_name":"Nest","floor":29,"gold_loss":0,"cards_obtained":["RitualDagger"]},{"damage_healed":0,"gold_gain":0,"player_choice":"Copied","damage_taken":0,"max_hp_gain":0,"max_hp_loss":0,"event_name":"Duplicator","floor":38,"gold_loss":0,"cards_obtained":["Limit Break"]}],"is_beta":true,"boss_relics":[{"not_picked":["Ectoplasm","Snecko Eye"],"picked":"Velvet Choker"},{"not_picked":["Mark of Pain","Tiny House"],"picked":"Black Blood"}],"items_purged_floors":[21],"is_endless":false,"potions_floor_spawned":[2,6,8,12,18,24,28,33,36,37],"killed_by":"4 Shapes","ascension_level":0}