{"gold_per_floor":[114,132,232,252,50,50,81,81,81,44,44,44,60,60,60,165,215,232,249,267,267,30,57,57,57,57,73,104,119,119,131,131,231,231,250,250,267,283,283,283],"floor_reached":40,"playtime":2002,"items_purged":[],"score":451,"play_id":"53e00d67-bf19-4dce-86cd-cc3e9b413517","local_time":"20190324024828","is_ascension_mode":false,"campfire_choices":[{"data":"Shockwave","floor":6.0,"key":"SMITH"},{"data":"Bash","floor":8.0,"key":"SMITH"},{"data":"Sword Boomerang","floor":11.0,"key":"SMITH"},{"data":"Defend_R","floor":15.0,"key":"SMITH"},{"data":"Strike_R+1","floor":24.0,"key":"PURGE"},{"data":"Dark Embrace","floor":30.0,"key":"SMITH"},{"data":"Cleave","floor":32.0,"key":"SMITH"}],"neow_cost":"NONE","seed_source_timestamp":0,"circlet_count":0,"master_deck":["Strike_R+1","Strike_R+1","Strike_R+1","Defend_R+1","Defend_R+1","Defend_R+1","Defend_R+1","Bash+1","Sword Boomerang+1","Shockwave+1","Disarm+1","Ghostly Armor+1","Feed+1","Spot Weakness+1","Twin Strike+1","Ghostly Armor+1","Sword Boomerang+1","Double Tap+1","Burning Pact+1","Shrug It Off+1","Cleave+1","Dark Embrace+1","Headbutt","Shrug It Off+1","Impervious+1","Inflame+1","Sword Boomerang+1"],"special_seed":0,"relics":["Black Blood","Sling","Boot","Toxic Egg 2","The Courier","Tiny House","Red Skull","Peace Pipe","Omamori","Gremlin Horn"],"potions_floor_usage":[40],"damage_taken":[{"damage":1.0,"enemies":"Cultist","floor":1.0,"turns":3.0},{"damage":0.0,"enemies":"Small Slimes","floor":2.0,"turns":3.0},{"damage":0.0,"enemies":"2 Louse","floor":4.0,"turns":3.0},{"damage":20.0,"enemies":"Gremlin Nob","floor":7.0,"turns":4.0},{"damage":8.0,"enemies":"Exordium Thugs","floor":13.0,"turns":5.0},{"damage":12.0,"enemies":"The Guardian","floor":16.0,"turns":13.0},{"damage":35.0,"enemies":"Spheric Guardian","floor":18.0,"turns":7.0},{"damage":5.0,"enemies":"Chosen","floor":19.0,"turns":5.0},{"damage":16.0,"enemies":"Snecko","floor":20.0,"turns":5.0},{"damage":20.0,"enemies":"Gremlin Leader","floor":23.0,"turns":5.0},{"damage":6.0,"enemies":"Cultist and Chosen","floor":27.0,"turns":6.0},{"damage":4.0,"enemies":"Book of Stabbing","floor":28.0,"turns":5.0},{"damage":9.0,"enemies":"Snake Plant","floor":29.0,"turns":4.0},{"damage":5.0,"enemies":"3 Cultists","floor":31.0,"turns":4.0},{"damage":41.0,"enemies":"Collector","floor":33.0,"turns":9.0},{"damage":27.0,"enemies":"3 Darklings","floor":35.0,"turns":9.0},{"damage":17.0,"enemies":"Orb Walker","floor":37.0,"turns":3.0},{"damage":71.0,"enemies":"Spire Growth","floor":38.0,"turns":8.0},{"damage":40,"enemies":"Nemesis","floor":40,"turns":6}],"seed_played":"-8146852134491084889","potions_obtained":[{"floor":4.0,"key":"Swift Potion"},{"floor":7.0,"key":"Energy Potion"},{"floor":16.0,"key":"SteroidPotion"},{"floor":17.0,"key":"Fruit Juice"},{"floor":18.0,"key":"FairyPotion"},{"floor":23.0,"key":"Block Potion"},{"floor":27.0,"key":"EssenceOfSteel"},{"floor":37.0,"key":"SpeedPotion"}],"is_trial":false,"path_per_floor":["M","M","?","M","$","R","E","R","T","$","R","?","M","?","R","B",null,"M","M","M","?","$","E","R","?","T","M","E","M","R","M","R","B",null,"M","?","M","M","?","E"],"character_chosen":"IRONCLAD","items_purchased":["Sling","Disarm+1","Double Tap+1","Red Skull"],"campfire_rested":0,"item_purchase_floors":[5,10,22,22],"current_hp_per_floor":[80,80,80,80,80,80,66,66,66,66,66,54,52,36,36,30,85,65,66,56,56,56,42,42,42,42,42,48,45,45,50,50,15,102,85,85,78,17,17,0],"gold":283,"neow_bonus":"REMOVE_CARD","is_prod":false,"is_daily":false,"chose_seed":false,"campfire_upgraded":6,"win_rate":0,"timestamp":1553406508,"path_taken":["M","M","?","M","?","R","E","R","T","$","R","?","M","?","R","BOSS","M","M","M","?","$","E","R","?","T","M","E","M","R","M","R","BOSS","M","?","M","?","?","E"],"build_version":"2019-01-23","purchased_purges":0,"victory":false,"max_hp_per_floor":[80,80,80,80,80,80,80,80,80,80,80,80,80,80,80,80,85,94,94,94,94,94,94,94,94,94,94,98,98,98,102,102,102,102,102,102,102,102,102,102],"card_choices":[{"not_picked":["Body Slam","Sentinel"],"picked":"Sword Boomerang","floor":1.0},{"not_picked":["Combust","Fire Breathing","Wild Strike"],"picked":"SKIP","floor":2.0},{"not_picked":["Heavy Blade","Warcry"],"picked":"Shockwave","floor":4.0},{"not_picked":["Searing Blow","Reckless Charge","Dark Embrace"],"picked":"SKIP","floor":7.0},{"not_picked":["Wild Strike","Body Slam"],"picked":"Ghostly Armor+1","floor":13.0},{"not_picked":["Fiend Fire","Limit Break+1"],"picked":"Feed","floor":16.0},{"not_picked":["Metallicize","Rupture"],"picked":"Spot Weakness+1","floor":17.0},{"not_picked":["Perfected Strike","Thunderclap"],"picked":"Twin Strike+1","floor":18.0},{"not_picked":["Hemokinesis","Pommel Strike"],"picked":"Ghostly Armor+1","floor":19.0},{"not_picked":["Sever Soul","Havoc+1"],"picked":"Sword Boomerang+1","floor":20.0},{"not_picked":["Carnage","Fire Breathing"],"picked":"Burning Pact+1","floor":23.0},{"not_picked":["Perfected Strike+1","Ghostly Armor+1"],"picked":"Cleave","floor":27.0},{"not_picked":["Shockwave+1","Entrench+1"],"picked":"Dark Embrace","floor":28.0},{"not_picked":["Iron Wave+1","Sword Boomerang"],"picked":"Headbutt","floor":29.0},{"not_picked":["Seeing Red+1","Ghostly Armor+1"],"picked":"Shrug It Off+1","floor":31.0},{"not_picked":["Bludgeon","Juggernaut"],"picked":"Impervious+1","floor":33.0},{"not_picked":["Havoc+1","Shrug It Off+1"],"picked":"Inflame+1","floor":35.0},{"not_picked":["Heavy Blade+1","Seeing Red+1"],"picked":"Sword Boomerang+1","floor":37.0},{"not_picked":["Warcry+1","Corruption+1","Entrench+1"],"picked":"SKIP","floor":38.0}],"player_experience":361211,"relics_obtained":[{"floor":7.0,"key":"Boot"},{"floor":9.0,"key":"Toxic Egg 2"},{"floor":23.0,"key":"Peace Pipe"},{"floor":26.0,"key":"Omamori"},{"floor":28.0,"key":"Gremlin Horn"}],"event_choices":[{"damage_healed":0.0,"max_hp_gain":0.0,"max_hp_loss":0.0,"gold_gain":100.0,"event_name":"Golden Shrine","player_choice":"Pray","floor":3.0,"gold_loss":0.0,"damage_taken":0.0},{"damage_healed":0.0,"max_hp_gain":0.0,"max_hp_loss":0.0,"gold_gain":0.0,"event_name":"Scrap Ooze","player_choice":"Success","floor":12.0,"gold_loss":0.0,"damage_taken":12.0,"relics_obtained":["The Courier"]},{"damage_healed":0.0,"max_hp_gain":0.0,"max_hp_loss":0.0,"gold_gain":0.0,"event_name":"Shining Light","player_choice":"Entered Light","floor":14.0,"gold_loss":0.0,"damage_taken":16.0,"cards_upgraded":["Defend_R","Strike_R"]},{"damage_healed":0.0,"max_hp_gain":0.0,"max_hp_loss":0.0,"gold_gain":0.0,"event_name":"Back to Basics","player_choice":"Simplicity","floor":21.0,"gold_loss":0.0,"damage_taken":0.0,"cards_upgraded":["Strike_R","Strike_R","Strike_R","Defend_R","Defend_R"]},{"damage_healed":0.0,"max_hp_gain":0.0,"max_hp_loss":0.0,"gold_gain":0.0,"event_name":"The Library","player_choice":"Read","floor":25.0,"gold_loss":0.0,"damage_taken":0.0,"cards_obtained":["Shrug It Off"]},{"damage_healed":0.0,"max_hp_gain":0.0,"max_hp_loss":0.0,"gold_gain":0.0,"event_name":"Transmorgrifier","player_choice":"Ignored","floor":36.0,"gold_loss":0.0,"damage_taken":0.0},{"damage_healed":0.0,"max_hp_gain":0.0,"max_hp_loss":0.0,"gold_gain":0.0,"event_name":"Mysterious Sphere","player_choice":"Ignored","floor":39.0,"gold_loss":0.0,"damage_taken":0.0}],"is_beta":false,"boss_relics":[{"not_picked":["Runic Cube","Runic Dome"],"picked":"Tiny House"},{"not_picked":["Orrery","White Beast Statue"],"picked":"Black Blood"}],"items_purged_floors":[],"is_endless":false,"potions_floor_spawned":[4,7,16,18,19,23,27,37],"killed_by":"Nemesis","ascension_level":0}