{"path_per_floor":["M","?","M","M","?","E","$","E","T","R","M","R","M","M","R","B",null,"M","$","?","?","M","R","E","R","T","E","?","E","M","M","R","B",null,"M","M","?","?","?","R","$","R","T","R","M","R","?","?","R","B"],"character_chosen":"THE_SILENT","items_purchased":["Predator","Cloak And Dagger","Noxious Fumes","Accuracy","Bronze Scales","Medical Kit","Well Laid Plans"],"gold_per_floor":[113,113,129,144,144,173,16,51,74,74,94,94,106,126,126,224,224,240,46,46,46,57,57,82,82,82,107,107,134,148,167,167,263,263,275,293,293,347,347,347,75,75,75,75,95,95,0,0,0,0],"floor_reached":51,"campfire_rested":0,"playtime":6023,"current_hp_per_floor":[70,70,70,69,69,64,64,64,64,64,66,66,68,68,68,55,84,76,76,76,76,70,70,77,77,77,59,59,52,60,58,58,81,91,88,88,77,70,70,70,70,70,70,70,74,74,74,74,74,60],"items_purged":[],"gold":0,"score":662,"play_id":"b7682050-72a2-42de-bce1-5b990bf57cf1","is_prod":false,"is_daily":false,"is_ascension_mode":false,"campfire_upgraded":0,"path_taken":["M","?","M","M","?","E","$","E","T","R","M","R","M","?","R","BOSS","M","$","?","?","M","R","E","R","T","E","?","E","?","M","R","BOSS","M","M","?","?","?","R","?","R","T","R","?","R","?","?","R","BOSS"],"build_version":"2018-02-15-PROD1","purchased_purges":0,"victory":true,"master_deck":["Defend_G+1","Defend_G+1","Defend_G+1","Defend_G+1","Defend_G+1","Neutralize+1","Prepared+1","Dagger Throw","Leg Sweep","Dagger Spray","Cloak And Dagger","Noxious Fumes","Dodge and Roll","A Thousand Cuts","Quick Slash+1","Dash","Storm of Steel","Backflip+1","Accuracy","Bite","Bite+1","Bite","Bite","Bite","Acrobatics","Endless Agony+1","Infinite Blades","Quick Slash","Bullet Time","PiercingWail+1","Deflect","Predator+1","Envenom","Blur+1","Sucker Punch+1","Madness","Madness","Dagger Spray","Well Laid Plans","Infinite Blades+1"],"max_hp_per_floor":[70,70,70,70,70,84,84,84,84,84,84,84,84,84,84,84,84,84,84,84,84,84,84,84,84,84,84,84,91,91,91,91,91,91,91,91,91,91,91,91,91,91,91,91,91,91,91,91,91,91],"relics":["Ring of the Snake","Mango","Shovel","Oddly Smooth Stone","Mummified Hand","Ancient Tea Set","White Beast Statue","Bronze Scales","Kunai","Bottled Tornado","Ginger","Frozen Eye","Anchor","Strawberry","Whetstone","The Specimen","Thread and Needle","Mercury Hourglass","Medical Kit","Meat on the Bone","Sundial","Peace Pipe","Snake Skull","Red Mask","Gambling Chip"],"card_choices":[{"not_picked":["Skewer","Acrobatics"],"picked":"Prepared"},{"not_picked":["Prepared","All Out Attack"],"picked":"Dagger Throw"},{"not_picked":["Poisoned Stab","Deadly Poison"],"picked":"Leg Sweep"},{"not_picked":["Quick Slash","Masterful Stab"],"picked":"Dagger Spray"},{"not_picked":["Catalyst","Underhanded Strike"],"picked":"Dodge and Roll"},{"not_picked":["Caltrops","Deflect"],"picked":"A Thousand Cuts"},{"not_picked":["Flechettes","PiercingWail"],"picked":"Quick Slash"},{"not_picked":["Dodge and Roll","Blur"],"picked":"Dash"},{"not_picked":["Corpse Explosion","Night Terror"],"picked":"Storm of Steel"},{"not_picked":["Flechettes","Choke"],"picked":"Backflip"},{"not_picked":["Dagger Spray","Slice"],"picked":"Acrobatics"},{"not_picked":["Bane","Escape Plan"],"picked":"Endless Agony"},{"not_picked":["Slice","Die Die Die"],"picked":"Infinite Blades"},{"not_picked":["Poisoned Stab","Sucker Punch"],"picked":"PiercingWail"},{"not_picked":["Malaise","Underhanded Strike"],"picked":"Deflect"},{"not_picked":["Die Die Die","Expertise"],"picked":"Predator"},{"not_picked":["Doppelganger","After Image"],"picked":"Envenom"},{"not_picked":["Sucker Punch","Underhanded Strike"],"picked":"Blur"},{"not_picked":["PiercingWail","Deadly Poison"],"picked":"Sucker Punch"},{"not_picked":["All Out Attack","Skewer"],"picked":"Dagger Spray"},{"not_picked":["Escape Plan","Deflect"],"picked":"Infinite Blades"}],"player_experience":113320,"potions_floor_usage":[6,6,13,16,24,24,24,27,29,33,33,33,35,38,38,50],"damage_taken":[{"damage":0,"enemies":"2 Louse","floor":1,"turns":4},{"damage":0,"enemies":"Small Slimes","floor":3,"turns":3},{"damage":1,"enemies":"Jaw Worm","floor":4,"turns":6},{"damage":19,"enemies":"3 Sentries","floor":6,"turns":12},{"damage":0,"enemies":"Lagavulin","floor":8,"turns":8},{"damage":0,"enemies":"Blue Slaver","floor":11,"turns":5},{"damage":0,"enemies":"Exordium Thugs","floor":13,"turns":6},{"damage":2,"enemies":"Looter","floor":14,"turns":3},{"damage":15,"enemies":"Slime Boss","floor":16,"turns":12},{"damage":8,"enemies":"Shell Parasite","floor":18,"turns":8},{"damage":16,"enemies":"Chosen","floor":22,"turns":5},{"damage":3,"enemies":"Slavers","floor":24,"turns":4},{"damage":31,"enemies":"Gremlin Leader","floor":27,"turns":6},{"damage":18,"enemies":"Slavers","floor":29,"turns":5},{"damage":0,"enemies":"Snecko","floor":30,"turns":4},{"damage":10,"enemies":"Snake Plant","floor":31,"turns":4},{"damage":8,"enemies":"Collector","floor":33,"turns":10},{"damage":3,"enemies":"3 Darklings","floor":35,"turns":3},{"damage":7,"enemies":"Orb Walker","floor":36,"turns":5},{"damage":26,"enemies":"Mysterious Sphere","floor":38,"turns":5},{"damage":1,"enemies":"3 Darklings","floor":45,"turns":3},{"damage":21,"enemies":"Donu and Deca","floor":50,"turns":8}],"event_choices":[{"event_name":"The Cleric","player_choice":"Leave","floor":2,"damage_taken":0},{"event_name":"Living Wall","player_choice":"Grow","floor":5,"damage_taken":0},{"event_name":"Vampires","player_choice":"Became a vampire (Vial)","floor":20,"damage_taken":0},{"event_name":"Back to Basics","player_choice":"Simplicity","floor":21,"damage_taken":0},{"event_name":"Match and Keep!","player_choice":"2 cards matched","floor":28,"damage_taken":0},{"event_name":"Winding Halls","player_choice":"Embrace Madness","floor":37,"damage_taken":0},{"event_name":"Mysterious Sphere","player_choice":"Fight","floor":38,"damage_taken":0},{"event_name":"Tomb of Lord Red Mask","player_choice":"Paid","floor":47,"damage_taken":0},{"event_name":"Purifier","player_choice":"One Purge","floor":48,"damage_taken":0}],"boss_relics":[{"not_picked":["Velvet Choker","Orrery"],"picked":"White Beast Statue"},{"not_picked":["Cursed Key","Calling Bell"],"picked":"The Specimen"}],"potions_floor_spawned":[1,3,8,14,16,18,22,24,27,29,30,31,33,35,36,38,45],"seed_played":"8167820860537274965","ascension_level":0,"is_trial":false}