{"gold_per_floor":[145,162,162,181,199,199,209,242,268,280,204,230,247,247,247,322,322,336,336,48,59,77,77,112,124,183,223,235,265,302,327,339,428,440,463,6,20,33,33,33,44,144,144,161,181,200,32,46,46,46],"floor_reached":51,"playtime":3105,"items_purged":[],"score":1249,"play_id":"310f7028-2d05-49aa-ba1c-918dfbb7854e","local_time":"20181219143058","is_ascension_mode":true,"campfire_choices":[{"data":"Double Tap","floor":6.0,"key":"SMITH"},{"data":"Body Slam","floor":15.0,"key":"SMITH"},{"data":"Reaper","floor":23.0,"key":"SMITH"},{"data":"Metallicize","floor":25.0,"key":"SMITH"},{"data":"True Grit","floor":32.0,"key":"SMITH"},{"data":"Flame Barrier","floor":40.0,"key":"SMITH"},{"data":"Heavy Blade","floor":49.0,"key":"SMITH"}],"neow_cost":"NONE","seed_source_timestamp":0,"circlet_count":0,"master_deck":["AscendersBane","Strike_R","Strike_R","Strike_R","Strike_R","Strike_R","Defend_R","Defend_R","Defend_R","Defend_R","Bash","True Grit+1","Sword Boomerang","Inflame","Cleave+1","Shrug It Off","Double Tap+1","Heavy Blade+1","Flame Barrier+1","Spot Weakness","Body Slam+1","Reaper+1","Headbutt+1","Metallicize+1","Shrug It Off","Shrug It Off","Reaper","Feel No Pain","Berserk","Thunderclap","Spot Weakness"],"special_seed":0,"relics":["Burning Blood","Tiny Chest","Omamori","Happy Flower","Red Skull","Centennial Puzzle","Velvet Choker","Pantograph","MawBank","Bag of Preparation","Red Mask","WarpedTongs","Bottled Flame","White Beast Statue","OrangePellets","Strawberry","Unceasing Top","Whetstone","Orichalcum"],"potions_floor_usage":[50,50],"damage_taken":[{"damage":6.0,"enemies":"2 Louse","floor":1.0,"turns":4.0},{"damage":4.0,"enemies":"Cultist","floor":2.0,"turns":4.0},{"damage":7.0,"enemies":"Jaw Worm","floor":4.0,"turns":3.0},{"damage":7.0,"enemies":"Blue Slaver","floor":5.0,"turns":6.0},{"damage":0.0,"enemies":"2 Fungi Beasts","floor":7.0,"turns":3.0},{"damage":11.0,"enemies":"Gremlin Nob","floor":8.0,"turns":3.0},{"damage":23.0,"enemies":"Gremlin Gang","floor":10.0,"turns":4.0},{"damage":15.0,"enemies":"3 Sentries","floor":12.0,"turns":8.0},{"damage":10.0,"enemies":"3 Louse","floor":13.0,"turns":4.0},{"damage":34.0,"enemies":"The Guardian","floor":16.0,"turns":12.0},{"damage":4.0,"enemies":"Chosen","floor":18.0,"turns":4.0},{"damage":0.0,"enemies":"3 Byrds","floor":21.0,"turns":4.0},{"damage":8.0,"enemies":"Snake Plant","floor":22.0,"turns":4.0},{"damage":78.0,"enemies":"Gremlin Leader","floor":24.0,"turns":6.0},{"damage":9.0,"enemies":"Masked Bandits","floor":27.0,"turns":3.0},{"damage":26.0,"enemies":"3 Cultists","floor":29.0,"turns":5.0},{"damage":27.0,"enemies":"Book of Stabbing","floor":30.0,"turns":5.0},{"damage":14.0,"enemies":"Snecko","floor":31.0,"turns":6.0},{"damage":93.0,"enemies":"Champ","floor":33.0,"turns":13.0},{"damage":16.0,"enemies":"3 Shapes","floor":35.0,"turns":7.0},{"damage":21.0,"enemies":"3 Darklings","floor":37.0,"turns":6.0},{"damage":21.0,"enemies":"Transient","floor":38.0,"turns":5.0},{"damage":10.0,"enemies":"Spire Growth","floor":41.0,"turns":4.0},{"damage":46.0,"enemies":"Mind Bloom Boss Battle","floor":42.0,"turns":6.0},{"damage":15.0,"enemies":"4 Shapes","floor":44.0,"turns":7.0},{"damage":60.0,"enemies":"Writhing Mass","floor":45.0,"turns":7.0},{"damage":28.0,"enemies":"Jaw Worm Horde","floor":46.0,"turns":5.0},{"damage":5.0,"enemies":"Sphere and 2 Shapes","floor":48.0,"turns":4.0},{"damage":123,"enemies":"Awakened One","floor":50,"turns":11}],"seed_played":"-5601224692678335571","potions_obtained":[{"floor":2.0,"key":"Energy Potion"},{"floor":4.0,"key":"SteroidPotion"},{"floor":13.0,"key":"GamblersBrew"},{"floor":24.0,"key":"Explosive Potion"},{"floor":27.0,"key":"Poison Potion"},{"floor":31.0,"key":"SmokeBomb"},{"floor":35.0,"key":"GamblersBrew"},{"floor":42.0,"key":"Block Potion"},{"floor":44.0,"key":"PowerPotion"}],"is_trial":false,"path_per_floor":["M","M","?","M","M","R","M","E","T","M","$","E","M","T","R","B",null,"M","?","$","M","M","R","E","R","T","?","?","M","E","M","R","B",null,"M","$","M","M","$","R","M","?","T","M","M","M","$","M","R","B",null],"character_chosen":"IRONCLAD","items_purchased":["Spot Weakness","Pantograph","OrangePellets","Strawberry","BloodPotion","Orichalcum"],"campfire_rested":0,"item_purchase_floors":[11,20,36,36,36,47],"current_hp_per_floor":[68,70,70,69,68,68,74,69,69,52,52,43,39,39,39,11,59,61,61,61,75,73,73,24,24,24,60,60,61,48,49,49,14,60,72,79,82,67,67,67,63,66,66,82,38,53,53,62,62,15],"gold":46,"neow_bonus":"RANDOM_COMMON_RELIC","is_prod":false,"is_daily":false,"chose_seed":false,"campfire_upgraded":7,"win_rate":0,"timestamp":1545226258,"path_taken":["M","M","?","M","M","R","?","E","T","M","?","E","M","?","R","BOSS","M","?","$","M","M","R","E","R","T","?","?","M","E","M","R","BOSS","M","$","M","M","$","R","?","?","T","M","M","M","?","M","R","BOSS"],"build_version":"2018-12-13","purchased_purges":0,"victory":true,"max_hp_per_floor":[75,75,75,75,75,75,75,75,75,75,75,75,75,75,75,75,75,75,75,75,75,75,75,75,75,75,75,75,75,75,75,75,75,75,75,82,82,82,82,82,82,82,82,82,82,82,82,82,82,82],"card_choices":[{"not_picked":["Havoc","Headbutt"],"picked":"True Grit","floor":1.0},{"not_picked":["Armaments","Heavy Blade"],"picked":"Sword Boomerang","floor":2.0},{"not_picked":["Clothesline","Inflame"],"picked":"Shrug It Off","floor":4.0},{"not_picked":["Heavy Blade","Twin Strike"],"picked":"Double Tap","floor":5.0},{"not_picked":["Pommel Strike","Armaments","Anger"],"picked":"SKIP","floor":7.0},{"not_picked":["Iron Wave","True Grit"],"picked":"Heavy Blade","floor":8.0},{"not_picked":["Anger","Dual Wield"],"picked":"Flame Barrier","floor":10.0},{"not_picked":["Second Wind","Perfected Strike","Flex"],"picked":"SKIP","floor":12.0},{"not_picked":["Spot Weakness","Ghostly Armor"],"picked":"Body Slam","floor":13.0},{"not_picked":["Brutality","Fiend Fire"],"picked":"Reaper","floor":16.0},{"not_picked":["Flex","Cleave"],"picked":"Headbutt","floor":18.0},{"not_picked":["Havoc","True Grit"],"picked":"Shrug It Off","floor":21.0},{"not_picked":["Flex","Anger","Body Slam"],"picked":"SKIP","floor":22.0},{"not_picked":["Corruption","Infernal Blade"],"picked":"Shrug It Off","floor":24.0},{"not_picked":["Reckless Charge","Havoc"],"picked":"Reaper","floor":27.0},{"not_picked":["Pommel Strike","True Grit","Heavy Blade"],"picked":"SKIP","floor":29.0},{"not_picked":["Corruption","Carnage"],"picked":"Feel No Pain","floor":30.0},{"not_picked":["Wild Strike","Body Slam+1","Iron Wave"],"picked":"SKIP","floor":31.0},{"not_picked":["Immolate","Bludgeon"],"picked":"Berserk","floor":33.0},{"not_picked":["Hemokinesis","Anger+1"],"picked":"Thunderclap","floor":35.0},{"not_picked":["True Grit","Armaments","Double Tap"],"picked":"SKIP","floor":37.0},{"not_picked":["Thunderclap","Body Slam","Wild Strike"],"picked":"SKIP","floor":38.0},{"not_picked":["Pommel Strike","Cleave","Second Wind"],"picked":"SKIP","floor":41.0},{"not_picked":["Perfected Strike","Heavy Blade","Spot Weakness"],"picked":"SKIP","floor":44.0},{"not_picked":["True Grit","Clothesline","Perfected Strike+1"],"picked":"SKIP","floor":45.0},{"not_picked":["Ghostly Armor","Dropkick","True Grit"],"picked":"SKIP","floor":46.0},{"not_picked":["True Grit+1","Pommel Strike"],"picked":"Spot Weakness","floor":48.0}],"player_experience":992773,"relics_obtained":[{"floor":8.0,"key":"Omamori"},{"floor":9.0,"key":"Happy Flower"},{"floor":12.0,"key":"Red Skull"},{"floor":14.0,"key":"Centennial Puzzle"},{"floor":24.0,"key":"MawBank"},{"floor":26.0,"key":"Bag of Preparation"},{"floor":27.0,"key":"Red Mask"},{"floor":30.0,"key":"Bottled Flame"},{"floor":42.0,"key":"Unceasing Top"},{"floor":43.0,"key":"Whetstone"}],"event_choices":[{"damage_healed":0.0,"max_hp_gain":0.0,"max_hp_loss":0.0,"gold_gain":0.0,"event_name":"Match and Keep!","player_choice":"2 cards matched","floor":3.0,"gold_loss":0.0,"damage_taken":0.0,"cards_obtained":["Inflame","Cleave"]},{"damage_healed":0.0,"max_hp_gain":0.0,"max_hp_loss":0.0,"gold_gain":0.0,"event_name":"The Library","player_choice":"Read","floor":19.0,"gold_loss":0.0,"damage_taken":0.0,"cards_obtained":["Metallicize"]},{"damage_healed":0.0,"max_hp_gain":0.0,"max_hp_loss":0.0,"gold_gain":0.0,"event_name":"Masked Bandits","player_choice":"Fought Bandits","floor":27.0,"gold_loss":0.0,"damage_taken":0.0},{"damage_healed":0.0,"max_hp_gain":0.0,"max_hp_loss":0.0,"gold_gain":0.0,"event_name":"Accursed Blacksmith","player_choice":"Rummage","floor":28.0,"gold_loss":0.0,"damage_taken":0.0,"relics_obtained":["WarpedTongs"],"cards_obtained":["Pain"]},{"damage_healed":0.0,"max_hp_gain":0.0,"max_hp_loss":0.0,"gold_gain":0.0,"event_name":"MindBloom","player_choice":"Fight","floor":42.0,"gold_loss":0.0,"damage_taken":0.0}],"is_beta":false,"boss_relics":[{"not_picked":["Fusion Hammer","Pandora\u0027s Box"],"picked":"Velvet Choker"},{"not_picked":["Runic Pyramid","Lizard Tail"],"picked":"White Beast Statue"}],"items_purged_floors":[],"is_endless":false,"potions_floor_spawned":[2,4,13,24,27,31,35,37,38,41,42,44,45,46,48],"ascension_level":16}