{"gold_per_floor":[131,143,175,187,213,265,41,65,65,65,65,51,70,84,84,210,210,150,150,150,150,150,150,150,150,150,150,150,150,150,150,150,150,150,150,150,51,51,51,51,51,51,51,51,51,51,51,51,51,51],"floor_reached":51,"playtime":14952,"items_purged":["Injury"],"score":746,"play_id":"b22b3cf2-4758-4746-ba9b-ffe9d9e80d5e","local_time":"20190416000730","is_ascension_mode":false,"campfire_choices":[{"floor":10,"key":"REST"},{"floor":15,"key":"REST"},{"data":"Noxious Fumes","floor":23,"key":"SMITH"},{"floor":28,"key":"REST"},{"floor":32,"key":"REST"},{"floor":40,"key":"REST"},{"floor":44,"key":"REST"},{"floor":46,"key":"REST"},{"floor":49,"key":"REST"}],"neow_cost":"NONE","seed_source_timestamp":275788593268100,"circlet_count":0,"master_deck":["Defend_G","Defend_G","Defend_G","Defend_G+1","Defend_G","Strike_G","Strike_G","Strike_G+1","Strike_G","Survivor","Neutralize","Quick Slash","Choke","Dagger Spray","Crippling Poison","Noxious Fumes+1","Noxious Fumes","Iron Wave","Choke","Dodge and Roll","Blade Dance","Die Die Die","Dagger Throw","Backflip","Adrenaline","Blur","Malaise","Finisher","Finisher+1","Infinite Blades","Caltrops+1","Backflip+1","Unload","Well Laid Plans","Blade Dance","Footwork","Infinite Blades+1","Dark Shackles","Secret Weapon","Master of Strategy","Skewer","Leg Sweep+1","Blur+1"],"relics":["Ring of the Snake","MawBank","Golden Idol","Incense Burner","Thread and Needle","Ectoplasm","Nilry\u0027s Codex","Prayer Wheel","Shuriken","Sundial","WristBlade","Bronze Scales","Vajra"],"potions_floor_usage":[6,24,24,33,50,50],"damage_taken":[{"damage":0,"enemies":"Small Slimes","floor":1,"turns":3},{"damage":0,"enemies":"2 Louse","floor":3,"turns":3},{"damage":0,"enemies":"Jaw Worm","floor":5,"turns":4},{"damage":47,"enemies":"Lagavulin","floor":6,"turns":10},{"damage":0,"enemies":"Large Slime","floor":8,"turns":5},{"damage":0,"enemies":"Exordium Thugs","floor":12,"turns":4},{"damage":3,"enemies":"Exordium Wildlife","floor":13,"turns":4},{"damage":5,"enemies":"2 Fungi Beasts","floor":14,"turns":3},{"damage":0,"enemies":"Hexaghost","floor":16,"turns":9},{"damage":4,"enemies":"2 Thieves","floor":18,"turns":4},{"damage":18,"enemies":"Spheric Guardian","floor":20,"turns":4},{"damage":1,"enemies":"Gremlin Leader","floor":24,"turns":7},{"damage":4,"enemies":"Centurion and Healer","floor":25,"turns":5},{"damage":17,"enemies":"Slavers","floor":27,"turns":5},{"damage":0,"enemies":"Cultist and Chosen","floor":29,"turns":6},{"damage":0,"enemies":"Chosen and Byrds","floor":30,"turns":4},{"damage":5,"enemies":"Centurion and Healer","floor":31,"turns":4},{"damage":3,"enemies":"Collector","floor":33,"turns":8},{"damage":8,"enemies":"3 Shapes","floor":35,"turns":8},{"damage":17,"enemies":"3 Darklings","floor":38,"turns":3},{"damage":42,"enemies":"Giant Head","floor":41,"turns":8},{"damage":25,"enemies":"4 Shapes","floor":45,"turns":6},{"damage":0,"enemies":"Maw","floor":47,"turns":6},{"damage":1,"enemies":"3 Darklings","floor":48,"turns":3},{"damage":41,"enemies":"Time Eater","floor":50,"turns":13}],"seed_played":"6205603055685826593","potions_obtained":[{"floor":5,"key":"SpeedPotion"},{"floor":8,"key":"SkillPotion"},{"floor":14,"key":"Explosive Potion"},{"floor":20,"key":"EssenceOfSteel"},{"floor":29,"key":"Ancient Potion"},{"floor":31,"key":"Fire Potion"},{"floor":33,"key":"GamblersBrew"},{"floor":35,"key":"Poison Potion"},{"floor":42,"key":"PowerPotion"}],"is_trial":false,"path_per_floor":["M","?","M","?","M","E","$","M","T","R","?","M","M","M","R","B",null,"M","?","M","?","?","R","E","M","T","E","R","M","M","M","R","B",null,"M","?","$","M","?","R","E","?","T","R","M","R","M","M","R","B",null],"character_chosen":"THE_SILENT","items_purchased":["Dagger Spray","Crippling Poison","Noxious Fumes","Well Laid Plans","Blade Dance"],"campfire_rested":8,"item_purchase_floors":[7,7,7,37,37],"current_hp_per_floor":[70,56,56,56,56,9,9,9,9,30,30,30,27,22,43,43,70,66,66,48,32,32,32,31,27,27,10,31,31,31,26,47,44,70,62,62,62,45,35,56,14,14,14,35,10,31,31,30,51,10],"gold":51,"neow_bonus":"RANDOM_COMMON_RELIC","is_prod":false,"is_daily":false,"chose_seed":false,"campfire_upgraded":1,"win_rate":0,"timestamp":1555387650,"path_taken":["M","?","M","?","M","E","?","M","T","R","?","M","?","M","R","BOSS","M","?","M","?","?","R","E","M","T","E","R","M","?","M","R","BOSS","M","?","$","M","?","R","E","?","T","R","M","R","M","?","R","BOSS"],"build_version":"2019-01-23","purchased_purges":1,"victory":true,"max_hp_per_floor":[70,70,70,70,70,70,70,70,70,70,70,70,70,70,70,70,70,70,70,70,70,70,70,70,70,70,70,70,70,70,70,70,70,70,70,70,70,70,70,70,70,70,70,70,70,70,70,70,70,70],"card_choices":[{"not_picked":["Blade Dance","Heel Hook"],"picked":"Quick Slash","floor":1},{"not_picked":["Slice","Expertise"],"picked":"Quick Slash","floor":3},{"not_picked":["Eviscerate","Deadly Poison","Bane"],"picked":"SKIP","floor":5},{"not_picked":["Poisoned Stab","Deadly Poison"],"picked":"Choke","floor":6},{"not_picked":["PiercingWail","Dagger Spray"],"picked":"Noxious Fumes","floor":8},{"not_picked":["Acrobatics","Prepared"],"picked":"Choke","floor":12},{"not_picked":["Flying Knee","Calculated Gamble"],"picked":"Dodge and Roll","floor":13},{"not_picked":["Flying Knee","Expertise"],"picked":"Blade Dance","floor":14},{"not_picked":["Unload","Doppelganger"],"picked":"Die Die Die","floor":16},{"not_picked":["Prepared+1","Sucker Punch"],"picked":"Dagger Throw","floor":18},{"not_picked":["Unload","Dagger Throw+1"],"picked":"Backflip","floor":20},{"not_picked":["Choke+1","PiercingWail+1"],"picked":"Adrenaline","floor":24},{"not_picked":["Caltrops","PiercingWail"],"picked":"Blur","floor":25},{"not_picked":["Flechettes","Acrobatics","Blade Dance"],"picked":"SKIP","floor":25},{"not_picked":["Leg Sweep","Finisher"],"picked":"Malaise","floor":27},{"not_picked":["Poisoned Stab","Flechettes"],"picked":"Finisher","floor":29},{"not_picked":["PiercingWail","Skewer","Underhanded Strike"],"picked":"SKIP","floor":29},{"not_picked":["Underhanded Strike+1","Slice"],"picked":"Finisher+1","floor":30},{"not_picked":["Dagger Throw+1","Quick Slash"],"picked":"Infinite Blades","floor":30},{"not_picked":["Acrobatics+1","Flying Knee"],"picked":"Caltrops+1","floor":31},{"not_picked":["Outmaneuver","Escape Plan+1"],"picked":"Backflip+1","floor":31},{"not_picked":["A Thousand Cuts","Tools of the Trade"],"picked":"Unload","floor":33},{"not_picked":["Deadly Poison","PiercingWail+1","Poisoned Stab+1"],"picked":"SKIP","floor":35},{"not_picked":["Flechettes","Backflip","Deflect"],"picked":"SKIP","floor":35},{"not_picked":["Blade Dance","Outmaneuver"],"picked":"Footwork","floor":38},{"not_picked":["Expertise+1","Dodge and Roll"],"picked":"Infinite Blades+1","floor":38},{"not_picked":["Deep Breath","Enlightenment"],"picked":"Dark Shackles","floor":39},{"not_picked":["Transmutation","HandOfGreed"],"picked":"Secret Weapon","floor":39},{"not_picked":["Chrysalis","Bandage Up"],"picked":"Master of Strategy","floor":39},{"not_picked":["Dagger Spray","Blade Dance"],"picked":"Skewer","floor":41},{"not_picked":["Outmaneuver+1","Flying Knee+1","Deflect+1"],"picked":"SKIP","floor":45},{"not_picked":["PiercingWail+1","Sucker Punch","Flying Knee"],"picked":"SKIP","floor":45},{"not_picked":["Prepared+1","Underhanded Strike+1"],"picked":"Leg Sweep+1","floor":47},{"not_picked":["Underhanded Strike","Dagger Spray+1","Quick Slash"],"picked":"SKIP","floor":47},{"not_picked":["Finisher+1","Endless Agony"],"picked":"Blur+1","floor":48},{"not_picked":["Flying Knee","Deflect+1","PiercingWail+1"],"picked":"SKIP","floor":48}],"player_experience":34115,"relics_obtained":[{"floor":6,"key":"Incense Burner"},{"floor":9,"key":"Thread and Needle"},{"floor":21,"key":"Nilry\u0027s Codex"},{"floor":24,"key":"Prayer Wheel"},{"floor":26,"key":"Shuriken"},{"floor":27,"key":"Sundial"},{"floor":41,"key":"Bronze Scales"},{"floor":43,"key":"Vajra"}],"event_choices":[{"damage_healed":0,"gold_gain":0,"player_choice":"Entered Light","damage_taken":14,"max_hp_gain":0,"max_hp_loss":0,"event_name":"Shining Light","floor":2,"gold_loss":0,"cards_upgraded":["Strike_G","Defend_G"]},{"damage_healed":0,"gold_gain":0,"player_choice":"Take Wound","damage_taken":0,"relics_obtained":["Golden Idol"],"max_hp_gain":0,"max_hp_loss":0,"event_name":"Golden Idol","floor":4,"gold_loss":0,"cards_obtained":["Injury"]},{"cards_removed":["Strike_G"],"damage_healed":0,"gold_gain":0,"player_choice":"Took Card","damage_taken":0,"max_hp_gain":0,"max_hp_loss":0,"event_name":"NoteForYourself","floor":11,"gold_loss":0,"cards_obtained":["Iron Wave"]},{"damage_healed":0,"gold_gain":0,"player_choice":"Ignored","damage_taken":0,"max_hp_gain":0,"max_hp_loss":0,"event_name":"Vampires","floor":19,"gold_loss":0},{"damage_healed":0,"gold_gain":0,"player_choice":"Obtained Book","damage_taken":16,"max_hp_gain":0,"max_hp_loss":0,"event_name":"Cursed Tome","floor":21,"gold_loss":0},{"damage_healed":0,"gold_gain":0,"player_choice":"Bought 0 Potions","damage_taken":0,"max_hp_gain":0,"max_hp_loss":0,"event_name":"The Woman in Blue","floor":22,"gold_loss":0},{"cards_removed":["Quick Slash"],"damage_healed":0,"gold_gain":0,"player_choice":"Removed Attack","damage_taken":0,"max_hp_gain":0,"max_hp_loss":0,"event_name":"Falling","floor":36,"gold_loss":0},{"damage_healed":0,"gold_gain":0,"player_choice":"Memory 3","damage_taken":10,"max_hp_gain":0,"max_hp_loss":0,"event_name":"SensoryStone","floor":39,"gold_loss":0},{"damage_healed":0,"gold_gain":0,"player_choice":"Got Potions","damage_taken":0,"max_hp_gain":0,"max_hp_loss":0,"event_name":"Lab","floor":42,"gold_loss":0}],"is_beta":false,"boss_relics":[{"not_picked":["Eternal Feather","White Beast Statue"],"picked":"Ectoplasm"},{"not_picked":["Tiny House","Velvet Choker"],"picked":"WristBlade"}],"items_purged_floors":[7],"is_endless":false,"potions_floor_spawned":[5,8,14,20,29,31,33,35,41],"ascension_level":0}