{"gold_per_floor":[360,376,24,44,119,152,152,172,199,226,246,77,112,129,129,205,205,218,218,89,107,121,146,146,71,71,101,101,101,16,49,49,123,123,136,95,110,130,130,130,160,171,171,191,205,70,70,70,70,70],"floor_reached":51,"playtime":3906,"items_purged":["Strike_R","Strike_R+1"],"score":1326,"play_id":"11a50018-f520-4c32-bd6d-6b265062cd2e","local_time":"20190429184655","is_ascension_mode":true,"campfire_choices":[{"data":"Battle Trance","floor":7.0,"key":"SMITH"},{"data":"Exhume","floor":15.0,"key":"SMITH"},{"data":"Fiend Fire","floor":24,"key":"SMITH"},{"data":"Shockwave","floor":29,"key":"SMITH"},{"data":"Power Through","floor":32,"key":"SMITH"},{"data":"Iron Wave","floor":40,"key":"SMITH"},{"data":"Power Through","floor":47,"key":"SMITH"},{"data":"Iron Wave","floor":49,"key":"SMITH"}],"neow_cost":"TEN_PERCENT_HP_LOSS","seed_source_timestamp":0,"circlet_count":0,"master_deck":["AscendersBane","Strike_R+1","Strike_R+1","Defend_R+1","Defend_R+1","Defend_R+1","Defend_R+1","Bash","Evolve","Power Through+1","Corruption+1","Reckless Charge","Battle Trance+1","Iron Wave+1","Shockwave+1","Carnage","Power Through+1","Shrug It Off","Exhume+1","Iron Wave+1","Fiend Fire+1","Metallicize+1","Barricade+1","Battle Trance","Shrug It Off","Feel No Pain+1"],"special_seed":0,"relics":["Burning Blood","Membership Card","Frozen Egg 2","Centennial Puzzle","Bag of Preparation","Ancient Tea Set","Happy Flower","Shuriken","Runic Pyramid","Oddly Smooth Stone","Juzu Bracelet","Bottled Flame","Bottled Lightning","Pen Nib","Boot","Busted Crown","Toxic Egg 2","Dodecahedron","Toy Ornithopter"],"potions_floor_usage":[50,50],"damage_taken":[{"damage":6.0,"enemies":"Cultist","floor":1.0,"turns":4.0},{"damage":7.0,"enemies":"2 Louse","floor":2.0,"turns":3.0},{"damage":4.0,"enemies":"Jaw Worm","floor":4.0,"turns":5.0},{"damage":27.0,"enemies":"Lagavulin","floor":6.0,"turns":7.0},{"damage":8.0,"enemies":"Blue Slaver","floor":8.0,"turns":5.0},{"damage":20.0,"enemies":"3 Sentries","floor":10.0,"turns":9.0},{"damage":1.0,"enemies":"3 Louse","floor":11.0,"turns":4.0},{"damage":10.0,"enemies":"Lagavulin","floor":13.0,"turns":6.0},{"damage":0.0,"enemies":"2 Fungi Beasts","floor":14.0,"turns":3.0},{"damage":23.0,"enemies":"The Guardian","floor":16.0,"turns":10.0},{"damage":1,"enemies":"Spheric Guardian","floor":18,"turns":3},{"damage":0,"enemies":"Chosen","floor":21,"turns":3},{"damage":0,"enemies":"3 Cultists","floor":22,"turns":5},{"damage":2,"enemies":"Gremlin Leader","floor":23,"turns":6},{"damage":6,"enemies":"Slavers","floor":27,"turns":6},{"damage":0,"enemies":"Book of Stabbing","floor":31,"turns":3},{"damage":6,"enemies":"Collector","floor":33,"turns":4},{"damage":6,"enemies":"3 Darklings","floor":35,"turns":6},{"damage":13,"enemies":"3 Shapes","floor":37,"turns":5},{"damage":18,"enemies":"Jaw Worm Horde","floor":38,"turns":6},{"damage":5,"enemies":"Reptomancer","floor":41,"turns":6},{"damage":1,"enemies":"Transient","floor":42,"turns":5},{"damage":0,"enemies":"Sphere and 2 Shapes","floor":44,"turns":7},{"damage":0,"enemies":"Writhing Mass","floor":45,"turns":2},{"damage":0,"enemies":"Awakened One","floor":50,"turns":11}],"seed_played":"-7343730661632298944","potions_obtained":[{"floor":1.0,"key":"Poison Potion"},{"floor":2.0,"key":"SmokeBomb"},{"floor":10.0,"key":"SkillPotion"},{"floor":14.0,"key":"Dexterity Potion"},{"floor":22,"key":"PowerPotion"},{"floor":23,"key":"LiquidBronze"},{"floor":31,"key":"Strength Potion"},{"floor":44,"key":"SteroidPotion"},{"floor":45,"key":"SteroidPotion"}],"is_trial":false,"path_per_floor":["M","?","$","?","?","?","?","?","?"],"character_chosen":"IRONCLAD","items_purchased":["Membership Card","Frozen Egg 2","Corruption+1","Happy Flower","Power Through","Shrug It Off","Oddly Smooth Stone","Battle Trance","Toy Ornithopter","Feel No Pain+1"],"campfire_rested":0,"item_purchase_floors":[3,3,3,12,12,12,20,36,46,46],"current_hp_per_floor":[68,67,67,68,57,36,36,34,34,20,25,25,21,27,27,10,54,59,59,59,65,68,68,68,68,68,68,68,68,68,68,68,68,68,68,68,61,49,49,49,50,55,55,61,65,65,65,65,65,65],"gold":70,"neow_bonus":"TWO_FIFTY_GOLD","is_prod":false,"is_daily":false,"chose_seed":false,"campfire_upgraded":8,"win_rate":0,"timestamp":1556538415,"path_taken":["M","M","$","?","?","E","R","M","T","E","M","?","E","M","R","BOSS","M","?","$","M","M","E","R","?","T","E","?","R","?","E","R","BOSS","M","$","M","M","?","R","E","M","T","M","M","$","R","?","R","BOSS"],"build_version":"2019-01-23","purchased_purges":2,"victory":true,"max_hp_per_floor":[68,68,68,68,68,68,68,68,68,68,68,68,68,68,68,68,68,68,68,68,68,68,68,68,68,68,68,68,68,68,68,68,68,68,68,68,68,68,65,65,65,65,65,65,65,65,65,65,65,65],"card_choices":[{"not_picked":["Clash","Flex"],"picked":"Evolve","floor":1.0},{"not_picked":["Thunderclap","Rampage"],"picked":"Power Through","floor":2.0},{"not_picked":["Ghostly Armor","Dropkick"],"picked":"Reckless Charge","floor":4.0},{"not_picked":["Iron Wave","Entrench"],"picked":"Battle Trance","floor":6.0},{"not_picked":["Pommel Strike","Thunderclap"],"picked":"Iron Wave","floor":8.0},{"not_picked":["Seeing Red","Cleave"],"picked":"Shockwave","floor":10.0},{"not_picked":["Headbutt","Cleave"],"picked":"Carnage","floor":11.0},{"not_picked":["Clash","Warcry"],"picked":"Exhume","floor":13.0},{"not_picked":["Fire Breathing+1","Blood for Blood"],"picked":"Iron Wave","floor":14.0},{"not_picked":["Brutality+1","Berserk+1"],"picked":"Fiend Fire","floor":16.0},{"not_picked":["Warcry","Shrug It Off"],"picked":"Metallicize+1","floor":18},{"not_picked":["Warcry","Searing Blow","Power Through"],"picked":"SKIP","floor":21},{"not_picked":["Pummel","Blood for Blood","Corruption+1"],"picked":"SKIP","floor":22},{"not_picked":["Warcry","Sword Boomerang+1","Power Through+1"],"picked":"SKIP","floor":23},{"not_picked":["Power Through","Feed","Pommel Strike"],"picked":"SKIP","floor":27},{"not_picked":["Pummel+1","True Grit","Bloodletting"],"picked":"SKIP","floor":31},{"not_picked":["Feed","Reaper"],"picked":"Barricade+1","floor":33},{"not_picked":["Cleave"],"picked":"SKIP","floor":35},{"not_picked":[],"picked":"Shrug It Off","floor":37},{"not_picked":["Hemokinesis"],"picked":"SKIP","floor":38},{"not_picked":["Clothesline"],"picked":"SKIP","floor":41},{"not_picked":["Reckless Charge+1"],"picked":"SKIP","floor":42},{"not_picked":["Battle Trance+1"],"picked":"SKIP","floor":44},{"not_picked":["Reckless Charge"],"picked":"SKIP","floor":45}],"player_experience":319899,"relics_obtained":[{"floor":6.0,"key":"Centennial Puzzle"},{"floor":9.0,"key":"Bag of Preparation"},{"floor":10.0,"key":"Ancient Tea Set"},{"floor":13.0,"key":"Shuriken"},{"floor":23,"key":"Juzu Bracelet"},{"floor":26,"key":"Bottled Flame"},{"floor":27,"key":"Bottled Lightning"},{"floor":31,"key":"Boot"},{"floor":41,"key":"Toxic Egg 2"},{"floor":43,"key":"Dodecahedron"}],"event_choices":[{"damage_healed":0.0,"max_hp_gain":0.0,"max_hp_loss":0.0,"gold_gain":75.0,"event_name":"World of Goop","player_choice":"Gather Gold","floor":5.0,"gold_loss":0.0,"damage_taken":11.0},{"damage_healed":0,"gold_gain":0,"player_choice":"Simplicity","damage_taken":0,"max_hp_gain":0,"max_hp_loss":0,"event_name":"Back to Basics","floor":19,"gold_loss":0,"cards_upgraded":["Strike_R","Strike_R","Strike_R","Strike_R","Defend_R","Defend_R","Defend_R","Defend_R"]},{"cards_removed":["Strike_R"],"damage_healed":0,"gold_gain":0,"player_choice":"Gave Gold","damage_taken":0,"max_hp_gain":0,"max_hp_loss":0,"event_name":"Beggar","floor":25,"gold_loss":75},{"damage_healed":0,"gold_gain":0,"player_choice":"Ignored","damage_taken":0,"max_hp_gain":0,"max_hp_loss":0,"event_name":"The Mausoleum","floor":28,"gold_loss":0},{"damage_healed":0,"gold_gain":0,"player_choice":"Obtained Relic","damage_taken":0,"relics_obtained":["Pen Nib"],"max_hp_gain":0,"max_hp_loss":0,"event_name":"Addict","floor":30,"gold_loss":85},{"damage_healed":0,"gold_gain":0,"player_choice":"Max HP","damage_taken":0,"max_hp_gain":0,"max_hp_loss":3,"event_name":"Winding Halls","floor":39,"gold_loss":0},{"damage_healed":0,"gold_gain":0,"player_choice":"Leave","damage_taken":0,"max_hp_gain":0,"max_hp_loss":0,"event_name":"FaceTrader","floor":48,"gold_loss":0}],"is_beta":false,"boss_relics":[{"not_picked":["Empty Cage","Runic Cube"],"picked":"Runic Pyramid"},{"not_picked":["Snecko Eye","Calling Bell"],"picked":"Busted Crown"}],"items_purged_floors":[12,20],"is_endless":false,"potions_floor_spawned":[1,2,10,14,22,23,31,41,44,45],"ascension_level":14}