{"gold_per_floor":[116,116,116,128,140,166,166,195,244,271,271,285,295,311,311,311],"floor_reached":16,"playtime":685,"items_purged":[],"score":214,"play_id":"4c808e8c-4239-4944-b9ca-3bd3ba0a2466","local_time":"20190426185726","is_ascension_mode":true,"campfire_choices":[{"floor":7,"key":"REST"},{"floor":11,"key":"REST"},{"data":"Neutralize","floor":15,"key":"SMITH"}],"neow_cost":"NONE","seed_source_timestamp":12877123472579,"circlet_count":0,"master_deck":["AscendersBane","Defend_G","Defend_G","Defend_G","Defend_G","Defend_G","Strike_G","Strike_G","Strike_G","Strike_G","Strike_G","Survivor","Neutralize+1","Corpse Explosion","Flying Knee","Dash","Dodge and Roll","Burst","Catalyst","Backflip","Blur"],"relics":["Ring of the Snake","Pear","Juzu Bracelet","Happy Flower","Regal Pillow","Bag of Marbles"],"potions_floor_usage":[6,8],"damage_taken":[{"damage":14,"enemies":"Jaw Worm","floor":1,"turns":6},{"damage":0,"enemies":"2 Louse","floor":4,"turns":2},{"damage":1,"enemies":"Cultist","floor":5,"turns":3},{"damage":31,"enemies":"Gremlin Nob","floor":6,"turns":5},{"damage":9,"enemies":"3 Sentries","floor":8,"turns":4},{"damage":27,"enemies":"Lagavulin","floor":10,"turns":8},{"damage":0,"enemies":"3 Louse","floor":12,"turns":3},{"damage":10,"enemies":"Exordium Thugs","floor":13,"turns":3},{"damage":8,"enemies":"Exordium Wildlife","floor":14,"turns":4},{"damage":24,"enemies":"Hexaghost","floor":16,"turns":15}],"seed_played":"8561300980561723965","potions_obtained":[{"floor":4,"key":"SmokeBomb"},{"floor":5,"key":"Block Potion"},{"floor":6,"key":"Fire Potion"}],"is_trial":false,"path_per_floor":["M","?","?","M","M","E","R","E","T","E","R","M","M","M","R","B"],"character_chosen":"THE_SILENT","items_purchased":[],"campfire_rested":2,"item_purchase_floors":[],"current_hp_per_floor":[45,50,50,50,49,18,40,31,31,4,41,41,31,23,23,0],"gold":311,"neow_bonus":"ONE_RANDOM_RARE_CARD","is_prod":false,"is_daily":false,"chose_seed":false,"campfire_upgraded":1,"win_rate":0,"timestamp":1556315846,"path_taken":["M","?","?","M","?","E","R","E","T","E","R","M","M","M","R","BOSS"],"build_version":"2019-01-23","purchased_purges":0,"victory":false,"max_hp_per_floor":[66,76,76,76,76,76,76,76,76,76,76,76,76,76,76,76],"card_choices":[{"not_picked":["Slice","Eviscerate"],"picked":"Flying Knee","floor":1},{"not_picked":["Sucker Punch","Terror"],"picked":"Dash","floor":4},{"not_picked":["Bane","Outmaneuver"],"picked":"Dodge and Roll","floor":5},{"not_picked":["Cloak And Dagger","Backflip"],"picked":"Burst","floor":6},{"not_picked":["Bane","Flechettes","Choke"],"picked":"SKIP","floor":8},{"not_picked":["Backstab","Infinite Blades"],"picked":"Catalyst","floor":10},{"not_picked":["Deflect","Prepared","Masterful Stab"],"picked":"SKIP","floor":12},{"not_picked":["All Out Attack","Quick Slash"],"picked":"Backflip","floor":13},{"not_picked":["Bane","Distraction"],"picked":"Blur","floor":14}],"player_experience":760032,"relics_obtained":[{"floor":6,"key":"Juzu Bracelet"},{"floor":8,"key":"Happy Flower"},{"floor":9,"key":"Regal Pillow"},{"floor":10,"key":"Bag of Marbles"}],"event_choices":[{"damage_healed":0,"gold_gain":0,"player_choice":"Success","damage_taken":5,"relics_obtained":["Pear"],"max_hp_gain":0,"max_hp_loss":0,"event_name":"Scrap Ooze","floor":2,"gold_loss":0},{"damage_healed":0,"gold_gain":0,"player_choice":"Ignored","damage_taken":0,"max_hp_gain":0,"max_hp_loss":0,"event_name":"Transmorgrifier","floor":3,"gold_loss":0}],"is_beta":false,"boss_relics":[],"items_purged_floors":[],"is_endless":false,"potions_floor_spawned":[4,5,6],"killed_by":"Hexaghost","ascension_level":15}