{"gold_per_floor":[111,286,24,40,50,81,81,107,131,162,181,200,200,116,116,191,191,206,216,216,94,94,125,125,157,157,168,168,43,60,70,70,70],"floor_reached":33,"playtime":1610,"items_purged":["Doubt","Strike_B","Decay"],"score":519,"play_id":"0a6da1f2-e632-4167-b9dd-11063073a94b","local_time":"20190424002724","is_ascension_mode":true,"campfire_choices":[{"floor":7,"key":"REST"},{"data":"Doom and Gloom","floor":13,"key":"SMITH"},{"data":"Biased Cognition","floor":15,"key":"SMITH"},{"data":"Seek","floor":24,"key":"SMITH"},{"data":"Skim","floor":32,"key":"SMITH"}],"neow_cost":"NONE","seed_source_timestamp":31860872558137,"circlet_count":0,"master_deck":["AscendersBane","Strike_B","Strike_B","Strike_B","Defend_B","Defend_B","Defend_B","Defend_B","Zap","Dualcast","Doom and Gloom+1","Cold Snap","Cold Snap","Seek+1","Lockon","Conserve Battery","Biased Cognition+1","Compile Driver","Compile Driver","Ball Lightning","Core Surge","Skim+1","Compile Driver","Skim+1","Go for the Eyes","White Noise+1"],"relics":["Cracked Core","Oddly Smooth Stone","Strawberry","Blood Vial","Orichalcum","Vajra","Cursed Key","Singing Bowl","Ice Cream"],"potions_floor_usage":[33],"damage_taken":[{"damage":0,"enemies":"2 Louse","floor":1,"turns":2},{"damage":1,"enemies":"Cultist","floor":4,"turns":3},{"damage":8,"enemies":"Jaw Worm","floor":5,"turns":2},{"damage":27,"enemies":"Lagavulin","floor":6,"turns":5},{"damage":15,"enemies":"3 Sentries","floor":8,"turns":8},{"damage":20,"enemies":"Gremlin Nob","floor":10,"turns":4},{"damage":0,"enemies":"Large Slime","floor":11,"turns":4},{"damage":0,"enemies":"Gremlin Gang","floor":12,"turns":5},{"damage":10,"enemies":"The Guardian","floor":16,"turns":11},{"damage":0,"enemies":"3 Byrds","floor":18,"turns":4},{"damage":6,"enemies":"Chosen","floor":19,"turns":3},{"damage":14,"enemies":"Book of Stabbing","floor":23,"turns":5},{"damage":19,"enemies":"Gremlin Leader","floor":25,"turns":4},{"damage":0,"enemies":"3 Cultists","floor":27,"turns":4},{"damage":3,"enemies":"Centurion and Healer","floor":30,"turns":5},{"damage":4,"enemies":"Snake Plant","floor":31,"turns":4},{"damage":42,"enemies":"Collector","floor":33,"turns":11}],"seed_played":"-6237110976567086285","potions_obtained":[{"floor":6,"key":"PowerPotion"},{"floor":10,"key":"FearPotion"}],"is_trial":false,"path_per_floor":["M","?","$","M","M","E","R","E","T","E","M","M","R","?","R","B",null,"M","M","?","$","$","E","R","E","T","M","?","$","M","M","R","B"],"character_chosen":"DEFECT","items_purchased":["Cold Snap","Seek","Go for the Eyes"],"campfire_rested":1,"item_purchase_floors":[3,3,21],"current_hp_per_floor":[64,64,64,63,55,28,49,41,41,23,25,27,27,27,27,19,63,65,61,61,61,61,49,49,34,34,38,38,38,39,39,39,0],"gold":70,"neow_bonus":"THREE_CARDS","is_prod":false,"is_daily":false,"chose_seed":false,"campfire_upgraded":4,"win_rate":0,"timestamp":1556076444,"path_taken":["M","?","$","M","M","E","R","E","T","E","M","M","R","?","R","BOSS","M","?","?","?","$","E","R","E","T","M","?","$","?","M","R","BOSS"],"build_version":"2019-01-23","purchased_purges":3,"victory":false,"max_hp_per_floor":[71,71,71,71,71,71,71,78,78,78,78,78,78,78,78,78,78,78,78,78,78,78,78,78,80,80,82,82,82,84,86,86,86],"card_choices":[{"not_picked":["Go for the Eyes","Redo"],"picked":"Doom and Gloom","floor":0},{"not_picked":["Leap","Defragment"],"picked":"Cold Snap","floor":1},{"not_picked":["Aggregate","Redo"],"picked":"Lockon","floor":4},{"not_picked":["Sunder","Steam"],"picked":"Conserve Battery","floor":5},{"not_picked":["Conserve Battery","Go for the Eyes"],"picked":"Biased Cognition","floor":6},{"not_picked":["Heatsinks","Redo"],"picked":"Compile Driver","floor":8},{"not_picked":["Hologram","Sweeping Beam","Redo"],"picked":"SKIP","floor":10},{"not_picked":["Rebound","Darkness"],"picked":"Compile Driver","floor":11},{"not_picked":["Tempest","Recycle"],"picked":"Ball Lightning","floor":12},{"not_picked":["Seek","Rainbow"],"picked":"Core Surge","floor":16},{"not_picked":["Double Energy","Barrage"],"picked":"Skim+1","floor":18},{"not_picked":["Lockon","Rebound"],"picked":"Compile Driver","floor":19},{"not_picked":["Redo","Leap"],"picked":"White Noise+1","floor":23},{"not_picked":["Coolheaded","Steam Power","Lockon"],"picked":"Singing Bowl","floor":25},{"not_picked":["Compile Driver","Gash","Steam Power"],"picked":"Singing Bowl","floor":27},{"not_picked":["Hologram","FTL","Beam Cell"],"picked":"Singing Bowl","floor":30},{"not_picked":["Sweeping Beam","Compile Driver","Streamline"],"picked":"Singing Bowl","floor":31}],"player_experience":742509,"relics_obtained":[{"floor":6,"key":"Oddly Smooth Stone"},{"floor":8,"key":"Strawberry"},{"floor":9,"key":"Blood Vial"},{"floor":10,"key":"Orichalcum"},{"floor":23,"key":"Singing Bowl"},{"floor":25,"key":"Ice Cream"}],"event_choices":[{"damage_healed":0,"gold_gain":175,"player_choice":"AGREE","damage_taken":0,"max_hp_gain":0,"max_hp_loss":0,"event_name":"Liars Game","floor":2,"gold_loss":0,"cards_obtained":["Doubt"]},{"damage_healed":0,"gold_gain":0,"player_choice":"Paid Gold","damage_taken":0,"relics_obtained":["Vajra"],"max_hp_gain":0,"max_hp_loss":0,"event_name":"WeMeetAgain","floor":14,"gold_loss":84},{"damage_healed":0,"gold_gain":0,"player_choice":"Read","damage_taken":0,"max_hp_gain":0,"max_hp_loss":0,"event_name":"The Library","floor":20,"gold_loss":0,"cards_obtained":["Skim"]},{"damage_healed":0,"gold_gain":0,"player_choice":"Cursed","damage_taken":0,"max_hp_gain":0,"max_hp_loss":0,"event_name":"Wheel of Change","floor":28,"gold_loss":0,"cards_obtained":["Decay"]}],"is_beta":false,"boss_relics":[{"not_picked":["FrozenCore","Busted Crown"],"picked":"Cursed Key"}],"items_purged_floors":[3,21,29],"is_endless":false,"potions_floor_spawned":[6,10,12,18,31],"killed_by":"Collector","ascension_level":14}