{"gold_per_floor":[111,111,36,36,47,47,76,94,119,119,136,156,185,204,204,204],"floor_reached":16,"playtime":457,"items_purged":[],"score":224,"play_id":"08a6e735-2ea9-4c51-8a58-b0485b932b3a","local_time":"20190410133427","is_ascension_mode":true,"campfire_choices":[{"data":"Bash","floor":6,"key":"SMITH"},{"floor":10,"key":"REST"},{"floor":15,"key":"REST"}],"neow_cost":"NONE","seed_source_timestamp":1616521287670643,"circlet_count":0,"master_deck":["AscendersBane","Strike_R","Strike_R","Strike_R","Strike_R","Defend_R","Defend_R","Defend_R","Defend_R","Bash+1","Twin Strike","Disarm","Spot Weakness","Anger","Cleave","Rage","Armaments","Feel No Pain"],"relics":["Burning Blood","Ancient Tea Set","Smiling Mask","Potion Belt","Orichalcum"],"potions_floor_usage":[12,13,13],"damage_taken":[{"damage":9,"enemies":"2 Louse","floor":1,"turns":3},{"damage":7,"enemies":"Small Slimes","floor":5,"turns":4},{"damage":61,"enemies":"Lagavulin","floor":7,"turns":8},{"damage":7,"enemies":"Jaw Worm","floor":8,"turns":5},{"damage":13,"enemies":"Large Slime","floor":11,"turns":4},{"damage":5,"enemies":"Exordium Wildlife","floor":12,"turns":3},{"damage":27,"enemies":"Gremlin Nob","floor":13,"turns":4},{"damage":0,"enemies":"Looter","floor":14,"turns":4},{"damage":40,"enemies":"Slime Boss","floor":16,"turns":8}],"seed_played":"7121576814800161184","potions_obtained":[{"floor":7,"key":"Swift Potion"},{"floor":8,"key":"Ancient Potion"},{"floor":11,"key":"Poison Potion"}],"is_trial":false,"path_per_floor":["M","?","?","$","M","R","E","M","T","R","M","M","E","M","R","B"],"character_chosen":"IRONCLAD","items_purchased":[],"campfire_rested":2,"item_purchase_floors":[],"current_hp_per_floor":[65,70,70,70,69,69,14,13,13,37,30,31,10,16,40,0],"gold":204,"neow_bonus":"RANDOM_COMMON_RELIC","is_prod":false,"is_daily":false,"chose_seed":false,"campfire_upgraded":1,"win_rate":0,"timestamp":1554896067,"path_taken":["M","?","?","?","M","R","E","M","T","R","M","M","E","M","R","BOSS"],"build_version":"2019-01-23","purchased_purges":0,"victory":false,"max_hp_per_floor":[75,80,80,80,80,80,80,80,80,80,80,80,80,80,80,80],"card_choices":[{"not_picked":["Rupture","Combust"],"picked":"Twin Strike","floor":1},{"not_picked":["Flex","Twin Strike"],"picked":"Disarm","floor":5},{"not_picked":["Seeing Red","Reckless Charge"],"picked":"Spot Weakness","floor":7},{"not_picked":["Dropkick","Twin Strike"],"picked":"Anger","floor":8},{"not_picked":["Havoc","Intimidate"],"picked":"Cleave","floor":11},{"not_picked":["Clothesline","Entrench"],"picked":"Rage","floor":12},{"not_picked":["Sever Soul","Feel No Pain"],"picked":"Armaments","floor":13},{"not_picked":["Dual Wield","True Grit"],"picked":"Feel No Pain","floor":14}],"player_experience":1434750,"relics_obtained":[{"floor":7,"key":"Smiling Mask"},{"floor":9,"key":"Potion Belt"},{"floor":13,"key":"Orichalcum"}],"event_choices":[{"damage_healed":0,"gold_gain":0,"player_choice":"Donut","damage_taken":0,"max_hp_gain":5,"max_hp_loss":0,"event_name":"Big Fish","floor":2,"gold_loss":0},{"cards_removed":["Strike_R"],"damage_healed":0,"gold_gain":0,"player_choice":"Card Removal","damage_taken":0,"max_hp_gain":0,"max_hp_loss":0,"event_name":"The Cleric","floor":3,"gold_loss":75}],"is_beta":false,"boss_relics":[],"items_purged_floors":[],"is_endless":false,"potions_floor_spawned":[7,8,11],"killed_by":"Slime Boss","ascension_level":20}