{"gold_per_floor":[109,284,284,84,94,122,122,149,175,175,175,175,175,192,192,297,297,312,312,330,245,265,265,290,290],"floor_reached":25,"playtime":988,"items_purged":[],"score":376,"play_id":"c8a62e89-833e-4827-80b6-c822b98ca06f","local_time":"20180628202550","is_ascension_mode":false,"campfire_choices":[{"floor":7,"key":"REST"},{"data":"Zap","floor":10,"key":"SMITH"},{"data":"White Noise","floor":12,"key":"SMITH"},{"floor":15,"key":"REST"},{"floor":23,"key":"REST"}],"neow_cost":"","seed_source_timestamp":0,"circlet_count":0,"master_deck":["Strike_B","Strike_B","Strike_B","Defend_B","Defend_B","Defend_B","Defend_B","Zap+1","Dualcast","Ball Lightning","Capacitor","Chill","Compile Driver","Tempest+1","Go for the Eyes","White Noise+1","Ball Lightning","Echo Form","Chill","Coolheaded","Rebound+1","Go for the Eyes+1"],"relics":["Cracked Core","Spirit Poop","Strawberry","Calipers","Boot","Inserter","Matryoshka","Bird Faced Urn"],"potions_floor_usage":[6,20,22,22,25],"damage_taken":[{"damage":15,"enemies":"Small Slimes","floor":1,"turns":4},{"damage":6,"enemies":"Jaw Worm","floor":5,"turns":3},{"damage":11,"enemies":"Gremlin Nob","floor":6,"turns":3},{"damage":26,"enemies":"Lagavulin","floor":8,"turns":6},{"damage":0,"enemies":"2 Louse","floor":14,"turns":2},{"damage":0,"enemies":"Slime Boss","floor":16,"turns":7},{"damage":24,"enemies":"Shell Parasite","floor":18,"turns":5},{"damage":0,"enemies":"Chosen","floor":20,"turns":4},{"damage":29,"enemies":"Slaver and Parasite","floor":22,"turns":6},{"damage":57,"enemies":"Slavers","floor":24,"turns":7},{"damage":10,"enemies":"3 Cultists","floor":25,"turns":2}],"seed_played":"9535785580357973","potions_obtained":[{"floor":1,"key":"FairyPotion"},{"floor":5,"key":"PowerPotion"},{"floor":16,"key":"Explosive Potion"},{"floor":18,"key":"Poison Potion"},{"floor":20,"key":"AttackPotion"},{"floor":24,"key":"Fire Potion"}],"is_trial":true,"path_per_floor":["M","?","?","$","M","E","R","E","T","R","?","R","?","M","R","B",null,"M","$","M","?","M","R","E"],"character_chosen":"DEFECT","items_purchased":["Capacitor","Chill","Compile Driver"],"campfire_rested":3,"item_purchase_floors":[4,4,4],"current_hp_per_floor":[60,60,60,60,54,50,74,48,48,48,48,48,48,48,72,72,82,58,58,58,58,29,53,8,0],"gold":290,"neow_bonus":"","is_prod":false,"is_daily":false,"chose_seed":false,"campfire_upgraded":2,"win_rate":0,"timestamp":1530242750,"path_taken":["M","?","?","$","M","E","R","E","T","R","?","R","?","M","R","BOSS","M","$","M","?","M","R","E","M"],"build_version":"2018-06-28","purchased_purges":0,"victory":false,"max_hp_per_floor":[75,75,75,75,75,82,82,82,82,82,82,82,82,82,82,82,82,82,82,82,82,82,82,82,82],"card_choices":[{"not_picked":["Heatsinks","Hologram"],"picked":"Ball Lightning","floor":1},{"not_picked":["Redo","Reprogram"],"picked":"Tempest","floor":5},{"not_picked":["Stack","Steam"],"picked":"Go for the Eyes","floor":6},{"not_picked":["Auto Shields","Hello World"],"picked":"White Noise","floor":8},{"not_picked":["Redo","Rebound"],"picked":"Ball Lightning","floor":14},{"not_picked":["Rainbow","Creative AI"],"picked":"Echo Form","floor":16},{"not_picked":["Ball Lightning","Beam Cell"],"picked":"Chill","floor":18},{"not_picked":["Turbo","Sweeping Beam+1"],"picked":"Coolheaded","floor":20},{"not_picked":["Auto Shields","Darkness"],"picked":"Rebound+1","floor":22},{"not_picked":["Gash","Hello World"],"picked":"Go for the Eyes+1","floor":24}],"player_experience":228885,"relics_obtained":[{"floor":6,"key":"Strawberry"},{"floor":8,"key":"Calipers"},{"floor":9,"key":"Boot"},{"floor":24,"key":"Bird Faced Urn"}],"event_choices":[{"event_name":"Liars Game","player_choice":"agreed","floor":2,"damage_taken":0},{"event_name":"Bonfire Elementals","player_choice":"CURSE","floor":3,"damage_taken":0},{"event_name":"Purifier","player_choice":"One Purge","floor":11,"damage_taken":0},{"event_name":"Living Wall","player_choice":"Grow","floor":13,"damage_taken":0},{"event_name":"Addict","player_choice":"Obtained Relic","floor":21,"damage_taken":0}],"boss_relics":[{"not_picked":["Lizard Tail","Coffee Dripper"],"picked":"Inserter"}],"items_purged_floors":[],"is_endless":true,"potions_floor_spawned":[1,5,16,18,20,24],"killed_by":"3 Cultists","ascension_level":0}