{"gold_per_floor":[111,127,52,52,72,72,99,118,118,118,118,118,148,162,162,267,267,280,5,5,22,56,72,106,133,133,149,149,149,183,58,58,160,160,180,180,196,213,230,257,257,257,305,0,16,28,11,29,29,29,29,29,29,61,61],"floor_reached":55,"playtime":3322,"items_purged":["Pain","Pain","Strike_B","Strike_B"],"score":827,"play_id":"d96a8e34-2e35-4a26-ba10-fbaa27e09cb6","local_time":"20181105143336","is_ascension_mode":false,"campfire_choices":[{"data":"Hologram","floor":6,"key":"SMITH"},{"data":"Loop","floor":10,"key":"SMITH"},{"floor":12,"key":"REST"},{"data":"Conserve Battery","floor":15,"key":"SMITH"},{"floor":29,"key":"REST"},{"floor":32,"key":"REST"},{"floor":41,"key":"RECALL"},{"data":"Loop","floor":49,"key":"SMITH"},{"data":"Defragment","floor":52,"key":"SMITH"}],"neow_cost":"CURSE","seed_source_timestamp":1028079639731766,"circlet_count":0,"master_deck":["Strike_B","Strike_B","Defend_B","Defend_B","Defend_B","Defend_B","Zap","Dualcast","Electrodynamics","Coolheaded","Hologram+1","Conserve Battery+1","Loop+1","Leap","Sweeping Beam+1","Sunder+1","Compile Driver+1","Core Surge+1","Rebound+1","Stack+1","Flash of Steel+1","Melter+1","Hologram","Defragment+1","Conserve Battery+1","Necronomicurse","Beam Cell+1","Buffer","Coolheaded+1","Ball Lightning+1","Sweeping Beam+1","Cold Snap+1","FTL+1","Leap+1","Loop+1","Steam+1","Double Energy+1"],"relics":["Cracked Core","WarpedTongs","Happy Flower","Molten Egg 2","Prayer Wheel","Busted Crown","Oddly Smooth Stone","Red Mask","Lantern","Potion Belt","Pear","Necronomicon","Blood Vial","Sozu","Orichalcum","Bag of Preparation","Membership Card","Bottled Tornado"],"potions_floor_usage":[13,22,30,33,33,54],"damage_taken":[{"damage":4,"enemies":"Jaw Worm","floor":1,"turns":3},{"damage":6,"enemies":"Cultist","floor":2,"turns":3},{"damage":2,"enemies":"Small Slimes","floor":5,"turns":2},{"damage":14,"enemies":"3 Sentries","floor":7,"turns":5},{"damage":3,"enemies":"Blue Slaver","floor":8,"turns":3},{"damage":11,"enemies":"Gremlin Nob","floor":13,"turns":4},{"damage":3,"enemies":"3 Louse","floor":14,"turns":3},{"damage":25,"enemies":"The Guardian","floor":16,"turns":10},{"damage":4,"enemies":"Shell Parasite","floor":18,"turns":4},{"damage":0,"enemies":"Chosen","floor":21,"turns":3},{"damage":12,"enemies":"Masked Bandits","floor":22,"turns":4},{"damage":3,"enemies":"Snecko","floor":23,"turns":3},{"damage":26,"enemies":"Slavers","floor":24,"turns":3},{"damage":0,"enemies":"3 Cultists","floor":27,"turns":4},{"damage":25,"enemies":"Book of Stabbing","floor":30,"turns":4},{"damage":0,"enemies":"Champ","floor":33,"turns":9},{"damage":0,"enemies":"3 Shapes","floor":35,"turns":3},{"damage":0,"enemies":"3 Darklings","floor":37,"turns":4},{"damage":0,"enemies":"Sphere and 2 Shapes","floor":38,"turns":4},{"damage":4,"enemies":"Transient","floor":39,"turns":5},{"damage":4,"enemies":"Reptomancer","floor":40,"turns":7},{"damage":11,"enemies":"Writhing Mass","floor":45,"turns":4},{"damage":0,"enemies":"3 Darklings","floor":46,"turns":3},{"damage":0,"enemies":"4 Shapes","floor":48,"turns":3},{"damage":25,"enemies":"Donu and Deca","floor":50,"turns":12},{"damage":32,"enemies":"Shield and Spear","floor":54,"turns":7},{"damage":60,"enemies":"The Heart","floor":55,"turns":3}],"seed_played":"-833331280055195114","potions_obtained":[{"floor":2,"key":"Weak Potion"},{"floor":8,"key":"EssenceOfSteel"},{"floor":16,"key":"SkillPotion"},{"floor":22,"key":"Fruit Juice"},{"floor":24,"key":"PowerPotion"},{"floor":30,"key":"Weak Potion"}],"is_trial":false,"path_per_floor":["M","M","$","?","M","R","E","M","T","R","?","R","E","M","R","B",null,"M","$","?","M","?","M","E","T","T","M","?","R","E","$","R","B",null,"M","?","M","M","M","E","R","?","T","$","M","M","$","M","R","B",null,"R","$","E","B"],"character_chosen":"DEFECT","items_purchased":["Flash of Steel+1","Melter+1","Membership Card","FTL+1","Loop"],"campfire_rested":3,"item_purchase_floors":[19,19,44,44,47],"current_hp_per_floor":[71,65,65,65,63,63,49,46,46,46,43,65,54,51,51,26,75,71,71,71,71,64,61,35,35,45,45,29,56,31,31,58,60,90,90,90,90,90,86,84,84,84,84,84,75,77,77,79,79,56,90,90,90,58,0],"gold":61,"neow_bonus":"THREE_RARE_CARDS","is_prod":false,"is_daily":false,"chose_seed":false,"campfire_upgraded":5,"win_rate":0,"timestamp":1541424816,"path_taken":["M","M","$","?","?","R","E","M","T","R","?","R","E","M","R","BOSS","M","$","?","M","?","M","E","?","T","M","?","R","E","?","R","BOSS","M","?","?","M","M","E","R","?","T","$","M","M","$","M","R","BOSS","R","$","E","BOSS"],"build_version":"2018-11-02","purchased_purges":4,"victory":false,"max_hp_per_floor":[75,75,75,75,75,75,75,75,75,75,75,75,75,75,75,75,75,75,75,75,75,80,80,80,80,90,90,90,90,90,90,90,90,90,90,90,90,90,90,90,90,90,90,90,90,90,90,90,90,90,90,90,90,90,90],"card_choices":[{"not_picked":["Seek","Core Surge"],"picked":"Electrodynamics","floor":0},{"not_picked":["Recycle","Streamline"],"picked":"Coolheaded","floor":1},{"not_picked":["Recycle","Static Discharge"],"picked":"Hologram","floor":2},{"not_picked":["Compile Driver","Go for the Eyes"],"picked":"Conserve Battery","floor":5},{"not_picked":["Blizzard","Core Surge"],"picked":"Loop","floor":7},{"not_picked":["Fusion","Coolheaded"],"picked":"Leap","floor":8},{"not_picked":["Hologram","Steam"],"picked":"Sweeping Beam+1","floor":13},{"not_picked":["Coolheaded","Chaos"],"picked":"Sunder+1","floor":14},{"not_picked":["Turbo","Cold Snap+1"],"picked":"Compile Driver+1","floor":14},{"not_picked":["Electrodynamics","Rainbow"],"picked":"Core Surge+1","floor":16},{"not_picked":[],"picked":"Rebound+1","floor":18},{"not_picked":[],"picked":"Stack+1","floor":18},{"not_picked":["Auto Shields+1"],"picked":"SKIP","floor":21},{"not_picked":["Gash+1"],"picked":"SKIP","floor":21},{"not_picked":[],"picked":"Hologram","floor":23},{"not_picked":["Steam"],"picked":"SKIP","floor":23},{"not_picked":["Machine Learning"],"picked":"SKIP","floor":24},{"not_picked":[],"picked":"Defragment","floor":27},{"not_picked":[],"picked":"Conserve Battery+1","floor":27},{"not_picked":[],"picked":"Beam Cell+1","floor":30},{"not_picked":[],"picked":"Buffer","floor":33},{"not_picked":[],"picked":"Coolheaded+1","floor":35},{"not_picked":["Rebound+1"],"picked":"SKIP","floor":35},{"not_picked":[],"picked":"Ball Lightning+1","floor":37},{"not_picked":["Blizzard+1"],"picked":"SKIP","floor":37},{"not_picked":["Hologram"],"picked":"SKIP","floor":38},{"not_picked":["Streamline+1"],"picked":"SKIP","floor":38},{"not_picked":[],"picked":"Sweeping Beam+1","floor":39},{"not_picked":[],"picked":"Cold Snap+1","floor":39},{"not_picked":["Streamline+1"],"picked":"SKIP","floor":40},{"not_picked":["Barrage+1"],"picked":"SKIP","floor":45},{"not_picked":["Rebound+1"],"picked":"SKIP","floor":45},{"not_picked":[],"picked":"Leap+1","floor":46},{"not_picked":["Barrage+1"],"picked":"SKIP","floor":46},{"not_picked":[],"picked":"Steam+1","floor":48},{"not_picked":["Redo"],"picked":"SKIP","floor":48},{"not_picked":[],"picked":"Double Energy+1","floor":54}],"player_experience":716360,"relics_obtained":[{"floor":7,"key":"Happy Flower"},{"floor":13,"key":"Prayer Wheel"},{"floor":22,"key":"Red Mask"},{"floor":24,"key":"Lantern"},{"floor":25,"key":"Potion Belt"},{"floor":26,"key":"Pear"},{"floor":28,"key":"Necronomicon"},{"floor":30,"key":"Blood Vial"},{"floor":40,"key":"Orichalcum"},{"floor":43,"key":"Bag of Preparation"},{"floor":54,"key":"Bottled Tornado"}],"event_choices":[{"damage_healed":0,"gold_gain":0,"player_choice":"Rummage","damage_taken":0,"relics_obtained":["WarpedTongs"],"max_hp_gain":0,"max_hp_loss":0,"event_name":"Accursed Blacksmith","floor":4,"gold_loss":0,"cards_obtained":["Pain"]},{"damage_healed":0,"gold_gain":0,"player_choice":"Success","damage_taken":3,"relics_obtained":["Molten Egg 2"],"max_hp_gain":0,"max_hp_loss":0,"event_name":"Scrap Ooze","floor":11,"gold_loss":0},{"damage_healed":0,"gold_gain":0,"player_choice":"Opened","damage_taken":0,"relics_obtained":["Oddly Smooth Stone"],"max_hp_gain":0,"max_hp_loss":0,"event_name":"The Mausoleum","floor":20,"gold_loss":0},{"damage_healed":0,"gold_gain":0,"player_choice":"Fought Bandits","damage_taken":0,"max_hp_gain":0,"max_hp_loss":0,"event_name":"Masked Bandits","floor":22,"gold_loss":0},{"damage_healed":0,"gold_gain":0,"player_choice":"Obtained Book","damage_taken":16,"max_hp_gain":0,"max_hp_loss":0,"event_name":"Cursed Tome","floor":28,"gold_loss":0},{"damage_healed":0,"gold_gain":0,"player_choice":"Leave","damage_taken":0,"max_hp_gain":0,"max_hp_loss":0,"event_name":"FaceTrader","floor":36,"gold_loss":0},{"damage_healed":0,"gold_gain":0,"player_choice":"Bought 0 Potions","damage_taken":0,"max_hp_gain":0,"max_hp_loss":0,"event_name":"The Woman in Blue","floor":42,"gold_loss":0}],"is_beta":true,"boss_relics":[{"not_picked":["FrozenCore","Velvet Choker"],"picked":"Busted Crown"},{"not_picked":["Lizard Tail","Pandora\u0027s Box"],"picked":"Sozu"}],"items_purged_floors":[3,19,31,44],"is_endless":false,"potions_floor_spawned":[2,8,16,22,24,30,35,37,39,46,48,54],"killed_by":"The Heart","ascension_level":0}