{"path_per_floor":["M","M","M","?","?","R","E","?","T","?","M","M","T","?","R","B",null,"M","?","$","M","$","E","R","?","T","M","?","?","M","M","R","B",null,"M","?","M","$"],"character_chosen":"IRONCLAD","items_purchased":["Warcry","Fiend Fire","Feed","Spot Weakness","Blood for Blood","Ornamental Fan","Sever Soul"],"gold_per_floor":[111,122,137,137,212,212,245,245,325,325,338,349,373,373,373,469,469,483,483,312,331,100,128,128,128,128,147,147,72,89,105,105,208,208,223,523,536,191,191],"floor_reached":39,"campfire_rested":3,"playtime":6108,"current_hp_per_floor":[75,80,80,64,53,77,60,53,53,46,60,64,64,64,80,10,80,76,76,76,80,80,64,64,64,66,61,61,61,60,37,61,15,82,45,45,20,20,0],"items_purged":["Intimidate"],"gold":191,"score":424,"play_id":"e9a8dff4-6dca-4439-a097-a7b67882ccc1","local_time":"20180512195347","is_prod":false,"is_daily":false,"chose_seed":false,"is_ascension_mode":false,"campfire_upgraded":1,"timestamp":1526180027,"path_taken":["M","M","M","?","?","R","E","?","T","?","M","?","?","?","R","BOSS","M","?","$","?","$","E","R","?","T","M","?","?","?","M","R","BOSS","M","?","M","$","?"],"build_version":"2018-05-10","seed_source_timestamp":300065406246064,"purchased_purges":1,"victory":false,"master_deck":["Bash+1","Clash","Twin Strike","Headbutt","Clash","Cleave","Second Wind","Sword Boomerang","Fiend Fire","Feel No Pain+1","Fiend Fire","Bash","Warcry","Fiend Fire","Feed","Spot Weakness","Shockwave+1","Searing Blow","Uppercut","Entrench","Pommel Strike+1","Demon Form+1","Twin Strike","Clash","Thunderclap","Bloodletting","Ghostly Armor","Warcry","Pummel+1","Blood for Blood","Sever Soul"],"max_hp_per_floor":[80,80,80,80,80,80,80,80,80,80,80,80,80,80,80,80,80,80,80,80,80,80,80,80,80,82,82,82,79,82,82,82,82,82,85,85,87,87,87],"relics":["Burning Blood","War Paint","Frozen Egg 2","Ginger","Prayer Wheel","Snecko Eye","Singing Bowl","The Courier","Pandora\u0027s Box","Ornamental Fan"],"card_choices":[{"not_picked":["Rampage","Blood for Blood"],"picked":"Clash","floor":1},{"not_picked":["Shrug It Off","Power Through"],"picked":"Twin Strike","floor":2},{"not_picked":["Perfected Strike","Shrug It Off"],"picked":"Headbutt","floor":3},{"not_picked":["Clothesline","Feel No Pain"],"picked":"Clash","floor":7},{"not_picked":["Intimidate","Heavy Blade"],"picked":"Cleave","floor":11},{"not_picked":["Heavy Blade","Armaments"],"picked":"Second Wind","floor":12},{"not_picked":["Dark Embrace","Brutality"],"picked":"Fiend Fire","floor":16},{"not_picked":["Twin Strike","Perfected Strike"],"picked":"Feel No Pain","floor":18},{"not_picked":["Second Wind","Iron Wave"],"picked":"Shockwave","floor":23},{"not_picked":["Shrug It Off","Iron Wave"],"picked":"Uppercut","floor":27},{"not_picked":["Ghostly Armor","Twin Strike"],"picked":"Entrench","floor":30},{"not_picked":["Combust","Anger"],"picked":"Pommel Strike","floor":31},{"not_picked":["Limit Break","Bludgeon"],"picked":"Demon Form","floor":33},{"not_picked":["Rampage","Flex"],"picked":"Pummel","floor":35}],"player_experience":362594,"potions_floor_usage":[11,11,33,33],"damage_taken":[{"damage":11,"enemies":"Jaw Worm","floor":1,"turns":2},{"damage":0,"enemies":"2 Louse","floor":2,"turns":3},{"damage":0,"enemies":"Cultist","floor":3,"turns":3},{"damage":23,"enemies":"Lagavulin","floor":7,"turns":4},{"damage":0,"enemies":"Large Slime","floor":11,"turns":2},{"damage":2,"enemies":"Looter","floor":12,"turns":3},{"damage":76,"enemies":"Hexaghost","floor":16,"turns":9},{"damage":10,"enemies":"Spheric Guardian","floor":18,"turns":3},{"damage":0,"enemies":"Chosen","floor":21,"turns":2},{"damage":22,"enemies":"Book of Stabbing","floor":23,"turns":3},{"damage":11,"enemies":"Snecko","floor":27,"turns":5},{"damage":10,"enemies":"Centurion and Healer","floor":30,"turns":6},{"damage":29,"enemies":"Sentry and Sphere","floor":31,"turns":5},{"damage":67,"enemies":"Champ","floor":33,"turns":10},{"damage":46,"enemies":"3 Shapes","floor":35,"turns":4},{"damage":33,"enemies":"3 Darklings","floor":37,"turns":4},{"damage":30,"enemies":"Sphere and 2 Shapes","floor":39,"turns":2}],"event_choices":[{"event_name":"Shining Light","player_choice":"Entered Light","floor":4,"damage_taken":0},{"event_name":"World of Goop","player_choice":"Gather Gold","floor":5,"damage_taken":0},{"event_name":"Golden Wing","player_choice":"Card Removal","floor":8,"damage_taken":0},{"event_name":"Scrap Ooze","player_choice":"success","floor":10,"damage_taken":7},{"event_name":"Living Wall","player_choice":"Change","floor":14,"damage_taken":0},{"event_name":"Match and Keep!","player_choice":"3 cards matched","floor":19,"damage_taken":0},{"event_name":"The Library","player_choice":"Read","floor":25,"damage_taken":0},{"event_name":"Drug Dealer","player_choice":"Ignored","floor":28,"damage_taken":0},{"event_name":"Beggar","player_choice":"Gave Gold","floor":29,"damage_taken":0},{"event_name":"Wheel of Change","player_choice":"Gold","floor":36,"damage_taken":0}],"boss_relics":[{"not_picked":["Runic Pyramid","White Beast Statue"],"picked":"Snecko Eye"},{"not_picked":["Black Star","Eternal Feather"],"picked":"Pandora\u0027s Box"}],"potions_floor_spawned":[1,7,12,16,27,31],"seed_played":"1957430302316724928","killed_by":"Sphere and 2 Shapes","ascension_level":0,"is_trial":false}