{"gold_per_floor":[118,118,24,37,57,57,84,95,95,129,140,166,116,144,144,223,223,243,253,263,194,194,194,222,233,279,52,64,91,91,107,107,180,180,191,1190,1190,1203,558,558,577,608,608,17,17,17,29,40,40,40],"floor_reached":51,"playtime":2518,"items_purged":["Normality","Normality"],"score":1250,"play_id":"029428c9-984c-44c7-a1ac-ae20e09a3805","local_time":"20190403182217","is_ascension_mode":true,"campfire_choices":[{"data":"Bash","floor":6,"key":"SMITH"},{"data":"Immolate","floor":15,"key":"SMITH"},{"data":"True Grit","floor":23,"key":"SMITH"},{"data":"Demon Form","floor":30,"key":"SMITH"},{"data":"Sword Boomerang","floor":32,"key":"SMITH"},{"data":"Whirlwind","floor":40,"key":"SMITH"},{"data":"Metamorphosis","floor":46,"key":"SMITH"},{"floor":49,"key":"REST"}],"neow_cost":"NONE","seed_source_timestamp":8765002196696,"circlet_count":0,"master_deck":["AscendersBane","Strike_R+1","Strike_R+1","Strike_R+1","Defend_R+1","Defend_R+1","Defend_R+1","Defend_R+1","Bash+1","Metallicize","Anger","Ghostly Armor","Immolate+1","Spot Weakness","Pommel Strike","Demon Form+1","Iron Wave","True Grit+1","Sword Boomerang+1","Shrug It Off","Injury","Whirlwind+1","Disarm","Evolve","Shrug It Off","Shrug It Off+1","Shockwave+1","Shrug It Off","Magnetism","Blood for Blood","Pummel","Parasite","Offering","Metamorphosis+1"],"relics":["Burning Blood","Red Skull","Nunchaku","Dodecahedron","Blood Vial","Du-Vu Doll","Boot","Cursed Key","Mercury Hourglass","Oddly Smooth Stone","Anchor","Busted Crown","Bag of Marbles","Ancient Tea Set","Calipers","Art of War"],"potions_floor_usage":[7,12,12,24,29,33,33,42,50],"damage_taken":[{"damage":4,"enemies":"2 Louse","floor":1,"turns":4},{"damage":0,"enemies":"Cultist","floor":4,"turns":3},{"damage":9,"enemies":"Jaw Worm","floor":5,"turns":4},{"damage":6,"enemies":"Gremlin Nob","floor":7,"turns":4},{"damage":8,"enemies":"Exordium Thugs","floor":8,"turns":3},{"damage":14,"enemies":"3 Sentries","floor":10,"turns":6},{"damage":8,"enemies":"Red Slaver","floor":11,"turns":3},{"damage":4,"enemies":"Gremlin Nob","floor":12,"turns":4},{"damage":9,"enemies":"Lagavulin","floor":14,"turns":5},{"damage":12,"enemies":"Slime Boss","floor":16,"turns":7},{"damage":5,"enemies":"3 Byrds","floor":18,"turns":5},{"damage":15,"enemies":"Shell Parasite","floor":19,"turns":4},{"damage":10,"enemies":"Snecko","floor":20,"turns":4},{"damage":41,"enemies":"Slavers","floor":24,"turns":5},{"damage":0,"enemies":"Cultist and Chosen","floor":25,"turns":6},{"damage":10,"enemies":"Shelled Parasite and Fungi","floor":28,"turns":5},{"damage":12,"enemies":"Gremlin Leader","floor":29,"turns":5},{"damage":18,"enemies":"Sentry and Sphere","floor":31,"turns":4},{"damage":34,"enemies":"Champ","floor":33,"turns":8},{"damage":0,"enemies":"Orb Walker","floor":35,"turns":4},{"damage":0,"enemies":"3 Shapes","floor":38,"turns":4},{"damage":1,"enemies":"Jaw Worm Horde","floor":41,"turns":5},{"damage":36,"enemies":"Reptomancer","floor":42,"turns":6},{"damage":0,"enemies":"Sphere and 2 Shapes","floor":47,"turns":3},{"damage":14,"enemies":"Spire Growth","floor":48,"turns":4},{"damage":75,"enemies":"Donu and Deca","floor":50,"turns":7}],"seed_played":"-8158381388008561078","potions_obtained":[{"floor":0,"key":"GamblersBrew"},{"floor":0,"key":"Block Potion"},{"floor":8,"key":"SteroidPotion"},{"floor":16,"key":"Poison Potion"},{"floor":24,"key":"Explosive Potion"},{"floor":25,"key":"BloodPotion"},{"floor":31,"key":"BloodPotion"},{"floor":42,"key":"Explosive Potion"}],"is_trial":false,"path_per_floor":["M","?","$","M","M","R","E","M","T","E","M","E","?","E","R","B",null,"M","M","M","$","?","R","E","M","T","$","M","E","R","M","R","B",null,"M","?","?","M","$","R","M","E","T","$","?","R","M","M","R","B",null],"character_chosen":"IRONCLAD","items_purchased":["Anger","Block Potion","True Grit","Sword Boomerang","Whirlwind","Disarm","Evolve","Shrug It Off","Bag of Marbles","EssenceOfSteel","Magnetism","Regen Potion","Blood for Blood","Offering","Art of War","Metamorphosis"],"campfire_rested":1,"item_purchase_floors":[3,3,21,21,27,27,27,39,39,39,39,39,39,44,44,44],"current_hp_per_floor":[74,74,74,80,77,77,77,75,75,67,67,71,71,70,70,66,77,80,71,69,69,69,69,36,44,44,44,42,38,38,28,28,18,65,73,73,73,80,80,80,80,50,50,50,50,50,58,52,76,14],"gold":40,"neow_bonus":"THREE_SMALL_POTIONS","is_prod":false,"is_daily":false,"chose_seed":false,"campfire_upgraded":7,"win_rate":0,"timestamp":1554326537,"path_taken":["M","?","$","M","M","R","E","M","T","E","?","E","?","E","R","BOSS","M","M","M","$","?","R","E","M","T","$","M","E","R","M","R","BOSS","M","?","?","?","$","R","M","E","T","?","?","R","M","M","R","BOSS"],"build_version":"2019-01-23","purchased_purges":2,"victory":true,"max_hp_per_floor":[80,80,80,80,80,80,80,80,80,80,80,80,80,80,80,80,80,80,80,80,80,80,80,80,80,80,80,80,80,80,80,80,80,80,80,80,80,80,80,80,80,80,80,80,80,80,80,80,80,80],"card_choices":[{"not_picked":["Fire Breathing","Havoc"],"picked":"Metallicize","floor":1},{"not_picked":["Entrench","Heavy Blade"],"picked":"Ghostly Armor","floor":4},{"not_picked":["Ghostly Armor","True Grit"],"picked":"Immolate","floor":5},{"not_picked":["Havoc","Perfected Strike","Clash"],"picked":"SKIP","floor":7},{"not_picked":["Sword Boomerang","Wild Strike","Iron Wave"],"picked":"SKIP","floor":8},{"not_picked":["Brutality","Pommel Strike","Infernal Blade"],"picked":"SKIP","floor":10},{"not_picked":["Havoc","Clothesline","Feel No Pain"],"picked":"SKIP","floor":11},{"not_picked":["Clothesline","Armaments"],"picked":"Spot Weakness","floor":12},{"not_picked":["Rupture","Cleave"],"picked":"Pommel Strike","floor":14},{"not_picked":["Bludgeon","Fiend Fire"],"picked":"Demon Form","floor":16},{"not_picked":["Twin Strike","Rage","Thunderclap"],"picked":"SKIP","floor":18},{"not_picked":["Thunderclap","Anger","Entrench+1"],"picked":"SKIP","floor":19},{"not_picked":["Seeing Red","Thunderclap"],"picked":"Iron Wave","floor":20},{"not_picked":["Dual Wield","Pommel Strike","Wild Strike"],"picked":"SKIP","floor":24},{"not_picked":["Armaments","Power Through"],"picked":"Shrug It Off","floor":25},{"not_picked":["Burning Pact","Body Slam"],"picked":"Shrug It Off","floor":28},{"not_picked":["Juggernaut","Clothesline"],"picked":"Shrug It Off+1","floor":29},{"not_picked":["Armaments","Combust+1"],"picked":"Shockwave+1","floor":31},{"not_picked":["Perfected Strike"],"picked":"SKIP","floor":35},{"not_picked":["Cleave"],"picked":"SKIP","floor":38},{"not_picked":["Clash+1"],"picked":"SKIP","floor":41},{"not_picked":[],"picked":"Pummel","floor":42},{"not_picked":["Cleave"],"picked":"SKIP","floor":47},{"not_picked":["Thunderclap+1"],"picked":"SKIP","floor":48}],"player_experience":490870,"relics_obtained":[{"floor":7,"key":"Nunchaku"},{"floor":9,"key":"Dodecahedron"},{"floor":10,"key":"Blood Vial"},{"floor":12,"key":"Du-Vu Doll"},{"floor":14,"key":"Boot"},{"floor":24,"key":"Mercury Hourglass"},{"floor":26,"key":"Oddly Smooth Stone"},{"floor":29,"key":"Anchor"},{"floor":42,"key":"Ancient Tea Set"},{"floor":43,"key":"Calipers"}],"event_choices":[{"damage_healed":0,"gold_gain":0,"player_choice":"Gave Potion","damage_taken":0,"relics_obtained":["Red Skull"],"max_hp_gain":0,"max_hp_loss":0,"event_name":"WeMeetAgain","floor":2,"gold_loss":0},{"cards_removed":["Strike_R"],"damage_healed":0,"gold_gain":0,"player_choice":"Card Removal","damage_taken":0,"max_hp_gain":0,"max_hp_loss":0,"event_name":"The Cleric","floor":13,"gold_loss":50},{"damage_healed":0,"gold_gain":0,"player_choice":"Simplicity","damage_taken":0,"max_hp_gain":0,"max_hp_loss":0,"event_name":"Back to Basics","floor":22,"gold_loss":0,"cards_upgraded":["Strike_R","Strike_R","Strike_R","Strike_R","Defend_R","Defend_R","Defend_R","Defend_R"]},{"damage_healed":0,"gold_gain":999,"player_choice":"Gold","damage_taken":0,"max_hp_gain":0,"max_hp_loss":0,"event_name":"MindBloom","floor":36,"gold_loss":0,"cards_obtained":["Normality","Normality"]},{"damage_healed":0,"gold_gain":0,"player_choice":"Ignored","damage_taken":0,"max_hp_gain":0,"max_hp_loss":0,"event_name":"Tomb of Lord Red Mask","floor":37,"gold_loss":0},{"cards_removed":["Strike_R"],"damage_healed":0,"gold_gain":0,"player_choice":"Removed Attack","damage_taken":0,"max_hp_gain":0,"max_hp_loss":0,"event_name":"Falling","floor":45,"gold_loss":0}],"is_beta":false,"boss_relics":[{"not_picked":["Mark of Pain","Empty Cage"],"picked":"Cursed Key"},{"not_picked":["White Beast Statue","Astrolabe"],"picked":"Busted Crown"}],"items_purged_floors":[39,44],"is_endless":false,"potions_floor_spawned":[8,10,11,16,24,25,28,31,41,42],"ascension_level":13}