{"path_per_floor":["M","?","M","?","M","E","M","E","T","$","E","?","M","M","R","B",null,"M","?","?","$","M","R","E","R","T","E","M","?","E","$","R"],"character_chosen":"IRONCLAD","items_purchased":["Warcry","Letter Opener","Warcry","Dark Shackles"],"gold_per_floor":[20,20,33,33,49,77,42,71,71,20,48,223,243,262,262,358,358,370,370,295,11,22,22,56,56,56,86,101,101,129,37,37],"floor_reached":33,"campfire_rested":2,"playtime":3662,"current_hp_per_floor":[96,77,83,83,89,83,71,48,48,48,21,21,38,47,75,49,96,94,67,67,67,67,67,42,42,42,38,44,44,47,47,69],"items_purged":[],"gold":37,"score":349,"play_id":"b816126c-094a-4050-a787-1ab7405e200b","is_prod":false,"is_daily":false,"is_ascension_mode":false,"campfire_upgraded":2,"path_taken":["M","?","?","?","M","E","M","E","T","$","E","?","M","M","R","BOSS","M","?","?","$","M","R","E","R","T","E","M","?","E","?","R","BOSS"],"build_version":"2018-02-22-PROD2","purchased_purges":0,"victory":false,"master_deck":["Defend_R","Defend_R","Defend_R+1","Defend_R","Bash+1","Armaments+1","Shrug It Off","Clothesline","Warcry","Cleave","Armaments+1","Warcry","Sword Boomerang","Flex","Clothesline","Impervious","Combust","Bite","Bite","Bite","Bite","Bite","Warcry","Inflame","Pommel Strike","Fire Breathing","Headbutt","Second Wind","Dark Shackles","Flame Barrier"],"max_hp_per_floor":[96,96,96,96,96,96,96,96,96,96,96,96,96,96,96,96,96,96,67,67,67,67,67,67,67,67,67,67,67,74,74,74],"relics":["Burning Blood","Torii","Whetstone","Unceasing Top","Meat on the Bone","Sozu","Letter Opener","Dream Catcher","Gambling Chip","Ancient Tea Set","Strawberry"],"card_choices":[{"not_picked":["Thunderclap","Clothesline"],"picked":"Armaments"},{"not_picked":["Rage","Clothesline"],"picked":"Shrug It Off"},{"not_picked":["Searing Blow","Dark Embrace"],"picked":"Clothesline"},{"not_picked":["Hemokinesis","Combust"],"picked":"Warcry"},{"not_picked":["Clash","Clothesline"],"picked":"Cleave"},{"not_picked":["Clothesline","Shrug It Off"],"picked":"Armaments"},{"not_picked":["Evolve","Feel No Pain"],"picked":"Sword Boomerang"},{"not_picked":["Armaments","Dark Embrace"],"picked":"Flex"},{"not_picked":["Anger","Heavy Blade"],"picked":"Clothesline"},{"not_picked":["Juggernaut","Bludgeon"],"picked":"Impervious"},{"not_picked":["True Grit","Wild Strike"],"picked":"Combust"},{"not_picked":["Clothesline","Combust"],"picked":"Inflame"},{"not_picked":["Heavy Blade","Rampage"],"picked":"Pommel Strike"},{"not_picked":["Carnage","Shrug It Off"],"picked":"Fire Breathing"},{"not_picked":["Anger","Wild Strike"],"picked":"Headbutt"},{"not_picked":["Perfected Strike","Burning Pact"],"picked":"Second Wind"},{"not_picked":["True Grit","Twin Strike"],"picked":"Flame Barrier"}],"player_experience":157155,"potions_floor_usage":[6,11,16,18],"damage_taken":[{"damage":3,"enemies":"Jaw Worm","floor":1,"turns":4},{"damage":0,"enemies":"Small Slimes","floor":3,"turns":3},{"damage":0,"enemies":"2 Louse","floor":5,"turns":4},{"damage":12,"enemies":"Gremlin Nob","floor":6,"turns":4},{"damage":18,"enemies":"Exordium Thugs","floor":7,"turns":5},{"damage":29,"enemies":"Lagavulin","floor":8,"turns":12},{"damage":33,"enemies":"Gremlin Nob","floor":11,"turns":6},{"damage":1,"enemies":"3 Louse","floor":13,"turns":4},{"damage":9,"enemies":"Gremlin Gang","floor":14,"turns":6},{"damage":44,"enemies":"Hexaghost","floor":16,"turns":19},{"damage":8,"enemies":"2 Thieves","floor":18,"turns":4},{"damage":3,"enemies":"Chosen","floor":22,"turns":5},{"damage":53,"enemies":"Gremlin Leader","floor":24,"turns":7},{"damage":33,"enemies":"Slavers","floor":27,"turns":5},{"damage":22,"enemies":"Snake Plant","floor":28,"turns":5},{"damage":27,"enemies":"Book of Stabbing","floor":30,"turns":8},{"damage":98,"enemies":"Champ","floor":33,"turns":12}],"event_choices":[{"event_name":"Shining Light","player_choice":"Entered Light","floor":2,"damage_taken":0},{"event_name":"Bonfire Elementals","player_choice":"BASIC","floor":4,"damage_taken":0},{"event_name":"Liars Game","player_choice":"agreed","floor":12,"damage_taken":0},{"event_name":"Vampires","player_choice":"Became a vampire","floor":19,"damage_taken":0},{"event_name":"Beggar","player_choice":"Gave Gold","floor":20,"damage_taken":0},{"event_name":"The Woman in Blue","player_choice":"Bought 0 Potions","floor":29,"damage_taken":0}],"boss_relics":[{"not_picked":["Eternal Feather","Tiny House"],"picked":"Sozu"}],"potions_floor_spawned":[5,8,14,16,22,28,30],"seed_played":"6187880037869404385","killed_by":"Champ","ascension_level":0,"is_trial":false}