{"gold_per_floor":[111,36,36,50,50,50,65,131,154,171,171,186,186,206,206,283,283,294,294,25,41,41,41,51,81,135,135,154,218,236,252,252,252],"floor_reached":33,"playtime":1061,"items_purged":["Strike_R","Strike_R"],"score":578,"play_id":"95f79bef-39d8-4722-90b7-86384a8a8033","local_time":"20181221172338","is_ascension_mode":true,"campfire_choices":[{"data":"1","floor":6.0,"key":"LIFT"},{"data":"2","floor":11.0,"key":"LIFT"},{"data":"3","floor":13.0,"key":"LIFT"},{"data":"Rampage","floor":15.0,"key":"SMITH"},{"data":"Double Tap","floor":23.0,"key":"SMITH"},{"data":"Heavy Blade","floor":27.0,"key":"SMITH"},{"data":"Pommel Strike","floor":32.0,"key":"SMITH"}],"neow_cost":"PERCENT_DAMAGE","seed_source_timestamp":0,"circlet_count":0,"master_deck":["AscendersBane","Strike_R","Strike_R","Strike_R","Defend_R","Defend_R","Defend_R","Defend_R","Bash","Rampage+1","Clothesline","Pommel Strike+1","Disarm","Disarm","Double Tap+1","Twin Strike","Disarm","Heavy Blade+1","Shrug It Off","Heavy Blade+1"],"special_seed":0,"relics":["Burning Blood","Girya","Centennial Puzzle","Anchor","Sozu","Bag of Marbles","Pear","Shuriken","Lantern","Tiny Chest"],"potions_floor_usage":[33],"damage_taken":[{"damage":9.0,"enemies":"Jaw Worm","floor":1.0,"turns":5.0},{"damage":7.0,"enemies":"Cultist","floor":4.0,"turns":4.0},{"damage":5.0,"enemies":"2 Louse","floor":7.0,"turns":3.0},{"damage":4.0,"enemies":"Blue Slaver","floor":10.0,"turns":4.0},{"damage":8.0,"enemies":"Large Slime","floor":12.0,"turns":4.0},{"damage":12.0,"enemies":"Exordium Thugs","floor":14.0,"turns":6.0},{"damage":29.0,"enemies":"Hexaghost","floor":16.0,"turns":11.0},{"damage":9.0,"enemies":"2 Thieves","floor":18.0,"turns":4.0},{"damage":2.0,"enemies":"3 Byrds","floor":21.0,"turns":5.0},{"damage":9.0,"enemies":"Snake Plant","floor":24.0,"turns":4.0},{"damage":24.0,"enemies":"Book of Stabbing","floor":25.0,"turns":6.0},{"damage":2.0,"enemies":"Centurion and Healer","floor":28.0,"turns":4.0},{"damage":0.0,"enemies":"Gremlin Leader","floor":29.0,"turns":5.0},{"damage":5.0,"enemies":"Snecko","floor":30.0,"turns":3.0},{"damage":7.0,"enemies":"Snake Plant","floor":31.0,"turns":3.0},{"damage":68,"enemies":"Champ","floor":33,"turns":7}],"seed_played":"5680040681044134353","potions_obtained":[{"floor":1.0,"key":"Block Potion"},{"floor":10.0,"key":"Dexterity Potion"}],"is_trial":false,"path_per_floor":["M","$","?","M","?","R","M","?","T","M","R","M","R","M","R","B",null,"M","?","$","M","?","R","M","E","T","R","M","E","M","M","R","B"],"character_chosen":"IRONCLAD","items_purchased":["Bag of Marbles"],"campfire_rested":0,"item_purchase_floors":[20],"current_hp_per_floor":[47,47,75,74,69,69,70,70,70,72,72,70,70,64,64,41,67,64,64,64,68,78,78,75,57,57,57,61,67,68,67,67,0],"gold":252,"neow_bonus":"ONE_RARE_RELIC","is_prod":false,"is_daily":false,"chose_seed":false,"campfire_upgraded":4,"win_rate":0,"timestamp":1545409418,"path_taken":["M","$","?","?","?","R","M","?","T","M","R","M","R","M","R","BOSS","M","?","$","?","?","R","M","E","T","R","M","E","M","M","R","BOSS"],"build_version":"2018-12-20","purchased_purges":2,"victory":false,"max_hp_per_floor":[75,75,75,75,75,75,75,75,75,75,75,75,75,75,75,75,75,75,75,75,75,85,85,85,85,85,85,85,85,85,85,85,85],"card_choices":[{"not_picked":["Dual Wield","Wild Strike"],"picked":"Rampage","floor":1.0},{"not_picked":["Rampage","Thunderclap"],"picked":"Clothesline","floor":4.0},{"not_picked":["Fire Breathing","Perfected Strike","Carnage"],"picked":"SKIP","floor":7.0},{"not_picked":["Armaments","Berserk"],"picked":"Pommel Strike","floor":10.0},{"not_picked":["Clash","Perfected Strike"],"picked":"Disarm","floor":12.0},{"not_picked":["Flex","Body Slam"],"picked":"Disarm","floor":14.0},{"not_picked":["Bludgeon","Brutality"],"picked":"Double Tap","floor":16.0},{"not_picked":["Perfected Strike","Anger"],"picked":"Twin Strike","floor":18.0},{"not_picked":["Carnage","Body Slam","Clash+1"],"picked":"SKIP","floor":21.0},{"not_picked":["Evolve","Second Wind"],"picked":"Heavy Blade","floor":24.0},{"not_picked":["Havoc","Blood for Blood"],"picked":"Shrug It Off","floor":25.0},{"not_picked":["Armaments","Infernal Blade"],"picked":"Heavy Blade+1","floor":28.0},{"not_picked":["Pommel Strike","Evolve","Thunderclap"],"picked":"SKIP","floor":29.0},{"not_picked":["Pommel Strike","Evolve","Thunderclap"],"picked":"SKIP","floor":29.0},{"not_picked":["Thunderclap","Wild Strike","Intimidate"],"picked":"SKIP","floor":30.0},{"not_picked":["Anger","Body Slam","Clothesline"],"picked":"SKIP","floor":31.0}],"player_experience":1007250,"relics_obtained":[{"floor":9.0,"key":"Anchor"},{"floor":25.0,"key":"Shuriken"},{"floor":26.0,"key":"Lantern"},{"floor":29.0,"key":"Tiny Chest"}],"event_choices":[{"damage_healed":28.0,"max_hp_gain":0.0,"max_hp_loss":0.0,"gold_gain":0.0,"event_name":"Wheel of Change","player_choice":"Full Heal","floor":3.0,"gold_loss":0.0,"damage_taken":0.0},{"damage_healed":0.0,"max_hp_gain":0.0,"max_hp_loss":0.0,"gold_gain":0.0,"event_name":"Scrap Ooze","player_choice":"Success","floor":5.0,"gold_loss":0.0,"damage_taken":5.0,"relics_obtained":["Centennial Puzzle"]},{"damage_healed":0.0,"max_hp_gain":0.0,"max_hp_loss":0.0,"gold_gain":66.0,"event_name":"Golden Wing","player_choice":"Gained Gold","floor":8.0,"gold_loss":0.0,"damage_taken":0.0},{"damage_healed":0.0,"max_hp_gain":0.0,"max_hp_loss":0.0,"gold_gain":0.0,"event_name":"Duplicator","player_choice":"Copied","floor":19.0,"gold_loss":0.0,"damage_taken":0.0,"cards_obtained":["Disarm"]},{"damage_healed":0.0,"max_hp_gain":0.0,"max_hp_loss":0.0,"gold_gain":0.0,"event_name":"WeMeetAgain","player_choice":"Gave Potion","floor":22.0,"gold_loss":0.0,"damage_taken":0.0,"relics_obtained":["Pear"]}],"is_beta":false,"boss_relics":[{"not_picked":["Runic Dome","White Beast Statue"],"picked":"Sozu"}],"items_purged_floors":[2,20],"is_endless":false,"potions_floor_spawned":[1,10,12,14,21,25,29,30],"killed_by":"Champ","ascension_level":18}