{"gold_per_floor":[114,289,299,2,20,48,48,77,77,104,119,144,144,159,159,233,233,243,232,331,365,365,391,391,57,110,120,155,166,266,165,165,242,242,254,274,285,32,47,73,88,88,88,105,33,33,33,45,45,45],"floor_reached":51,"playtime":3197,"items_purged":["Doubt","Strike_G","Strike_G","Strike_G"],"score":1281,"play_id":"8893e78b-cf75-45d7-b4fb-7f2470094b42","local_time":"20190422213150","is_ascension_mode":true,"campfire_choices":[{"floor":7,"key":"REST"},{"data":"Noxious Fumes","floor":15,"key":"SMITH"},{"floor":24,"key":"REST"},{"floor":32,"key":"REST"},{"floor":47,"key":"REST"},{"floor":49,"key":"REST"}],"neow_cost":"NONE","seed_source_timestamp":32399873116150,"circlet_count":0,"master_deck":["AscendersBane","Defend_G","Defend_G","Defend_G","Defend_G","Defend_G","Survivor","Neutralize+1","Predator","Sucker Punch","Flying Knee","Adrenaline","Leg Sweep","Noxious Fumes+1","Bouncing Flask","Backflip","Die Die Die","Leg Sweep","Predator","Caltrops+1","Footwork+1","Bullet Time","Malaise","Corpse Explosion","Dash","Well Laid Plans","Caltrops","Predator+1"],"relics":["Ring of the Snake","PreservedInsect","Sundial","Ninja Scroll","Pear","Dodecahedron","Potion Belt","Snecko Eye","Red Mask","Mummified Hand","Lantern","Bronze Scales","Smiling Mask","WingedGreaves","Gremlin Horn","Empty Cage","Question Card","Molten Egg 2"],"potions_floor_usage":[21,30,33,33,39,44,46,50],"damage_taken":[{"damage":0,"enemies":"Jaw Worm","floor":1,"turns":5},{"damage":7,"enemies":"2 Louse","floor":3,"turns":3},{"damage":4,"enemies":"Small Slimes","floor":5,"turns":4},{"damage":12,"enemies":"Lagavulin","floor":6,"turns":9},{"damage":15,"enemies":"3 Sentries","floor":8,"turns":9},{"damage":10,"enemies":"Lagavulin","floor":10,"turns":5},{"damage":0,"enemies":"Looter","floor":11,"turns":3},{"damage":10,"enemies":"3 Sentries","floor":12,"turns":6},{"damage":3,"enemies":"Large Slime","floor":14,"turns":6},{"damage":10,"enemies":"Hexaghost","floor":16,"turns":11},{"damage":4,"enemies":"Chosen","floor":18,"turns":4},{"damage":8,"enemies":"2 Thieves","floor":19,"turns":4},{"damage":11,"enemies":"Masked Bandits","floor":21,"turns":3},{"damage":16,"enemies":"Book of Stabbing","floor":23,"turns":5},{"damage":11,"enemies":"Shelled Parasite and Fungi","floor":27,"turns":7},{"damage":13,"enemies":"Gremlin Leader","floor":28,"turns":4},{"damage":2,"enemies":"Cultist and Chosen","floor":29,"turns":6},{"damage":5,"enemies":"Colosseum Slavers","floor":30,"turns":4},{"damage":0,"enemies":"Colosseum Nobs","floor":30,"turns":3},{"damage":5,"enemies":"Champ","floor":33,"turns":13},{"damage":6,"enemies":"Orb Walker","floor":35,"turns":3},{"damage":18,"enemies":"3 Darklings","floor":36,"turns":4},{"damage":18,"enemies":"4 Shapes","floor":37,"turns":5},{"damage":7,"enemies":"Maw","floor":39,"turns":6},{"damage":0,"enemies":"Nemesis","floor":40,"turns":7},{"damage":24,"enemies":"Spire Growth","floor":41,"turns":6},{"damage":0,"enemies":"Jaw Worm Horde","floor":44,"turns":2},{"damage":0,"enemies":"Transient","floor":46,"turns":1},{"damage":3,"enemies":"Sphere and 2 Shapes","floor":48,"turns":5},{"damage":26,"enemies":"Time Eater","floor":50,"turns":14}],"seed_played":"-3999074594391500207","potions_obtained":[{"floor":1,"key":"Weak Potion"},{"floor":8,"key":"SteroidPotion"},{"floor":14,"key":"Strength Potion"},{"floor":19,"key":"Explosive Potion"},{"floor":23,"key":"EssenceOfSteel"},{"floor":29,"key":"SkillPotion"},{"floor":37,"key":"Fire Potion"},{"floor":40,"key":"Swift Potion"},{"floor":44,"key":"SmokeBomb"}],"is_trial":false,"path_per_floor":["M","?","M","$","M","E","R","E","T","E","M","E","?","M","R","B",null,"M","M","?","?","?","E","R","$","T","M","E","M","?","$","R","B",null,"M","M","M","$","M","E","M","?","T","M","$","M","R","M","R","B",null],"character_chosen":"THE_SILENT","items_purchased":["PreservedInsect","Footwork","Footwork","Lantern","Explosive Potion","GhostInAJar","Block Potion","Regen Potion","Caltrops"],"campfire_rested":5,"item_purchase_floors":[4,4,25,25,31,38,38,38,45],"current_hp_per_floor":[59,59,52,52,48,36,55,40,50,40,40,30,23,20,20,10,60,56,48,48,37,37,21,43,43,43,32,19,17,12,12,34,29,64,58,40,22,22,30,30,6,6,6,6,6,6,28,25,47,21],"gold":45,"neow_bonus":"UPGRADE_CARD","is_prod":false,"is_daily":false,"chose_seed":false,"campfire_upgraded":1,"win_rate":0,"timestamp":1555979510,"path_taken":["M","?","M","$","M","E","R","E","T","E","M","E","?","M","R","BOSS","M","M","?","?","?","E","R","$","T","?","E","M","?","$","R","BOSS","M","M","M","$","M","E","M","?","T","M","$","M","R","M","R","BOSS"],"build_version":"2019-01-23","purchased_purges":4,"victory":true,"max_hp_per_floor":[66,66,66,66,66,66,66,66,76,76,76,76,76,76,76,76,76,76,76,76,76,76,76,76,76,76,76,76,76,76,76,76,76,76,76,76,76,76,76,76,76,76,76,76,76,76,76,76,76,76],"card_choices":[{"not_picked":["Backflip","Poisoned Stab"],"picked":"Predator","floor":1},{"not_picked":["Dagger Throw","Backflip"],"picked":"Sucker Punch","floor":3},{"not_picked":["Distraction","Sucker Punch"],"picked":"Flying Knee","floor":5},{"not_picked":["Endless Agony","Quick Slash"],"picked":"Adrenaline","floor":6},{"not_picked":["Infinite Blades","Outmaneuver","Reflex"],"picked":"SKIP","floor":8},{"not_picked":["Flying Knee","Sucker Punch"],"picked":"Leg Sweep","floor":10},{"not_picked":["Dash","Slice"],"picked":"Noxious Fumes","floor":11},{"not_picked":["Poisoned Stab","Finisher"],"picked":"Bouncing Flask","floor":12},{"not_picked":["Deflect","Underhanded Strike"],"picked":"Backflip","floor":14},{"not_picked":["Wraith Form v2","Unload"],"picked":"Die Die Die","floor":16},{"not_picked":["Underhanded Strike","PiercingWail"],"picked":"Leg Sweep","floor":18},{"not_picked":["Backstab","Dagger Throw"],"picked":"Predator","floor":19},{"not_picked":["Dodge and Roll","Deadly Poison"],"picked":"Caltrops+1","floor":21},{"not_picked":["Deflect","Blade Dance","Skewer+1"],"picked":"SKIP","floor":23},{"not_picked":["Underhanded Strike","Tactician+1","Dagger Throw"],"picked":"SKIP","floor":27},{"not_picked":["Concentrate","Terror","Slice"],"picked":"SKIP","floor":28},{"not_picked":["Sucker Punch","Bane","Skewer"],"picked":"SKIP","floor":29},{"not_picked":["Leg Sweep","Dash"],"picked":"Bullet Time","floor":30},{"not_picked":["A Thousand Cuts","Venomology"],"picked":"Malaise","floor":33},{"not_picked":["Slice+1","Calculated Gamble","Bane+1"],"picked":"SKIP","floor":35},{"not_picked":["Acrobatics","Flying Knee"],"picked":"Corpse Explosion","floor":36},{"not_picked":["Setup+1","Deflect","Outmaneuver+1"],"picked":"SKIP","floor":37},{"not_picked":["Dodge and Roll","Tactician","Poisoned Stab"],"picked":"SKIP","floor":39},{"not_picked":["Infinite Blades","Wraith Form v2"],"picked":"Dash","floor":40},{"not_picked":["Eviscerate","Slice","Blade Dance"],"picked":"Well Laid Plans","floor":41},{"not_picked":["Riddle With Holes+1","Cloak And Dagger","Skewer+1","Bane+1"],"picked":"SKIP","floor":44},{"not_picked":["Dagger Spray+1","Dagger Throw+1","Finisher+1"],"picked":"Predator+1","floor":48}],"player_experience":726772,"relics_obtained":[{"floor":6,"key":"Sundial"},{"floor":8,"key":"Ninja Scroll"},{"floor":9,"key":"Pear"},{"floor":10,"key":"Dodecahedron"},{"floor":12,"key":"Potion Belt"},{"floor":21,"key":"Red Mask"},{"floor":23,"key":"Mummified Hand"},{"floor":26,"key":"Bronze Scales"},{"floor":28,"key":"Smiling Mask"},{"floor":30,"key":"WingedGreaves"},{"floor":30,"key":"Gremlin Horn"},{"floor":40,"key":"Question Card"},{"floor":43,"key":"Molten Egg 2"}],"event_choices":[{"damage_healed":0,"gold_gain":175,"player_choice":"AGREE","damage_taken":0,"max_hp_gain":0,"max_hp_loss":0,"event_name":"Liars Game","floor":2,"gold_loss":0,"cards_obtained":["Doubt"]},{"cards_removed":["Strike_G"],"damage_healed":0,"gold_gain":0,"player_choice":"Card Removal","damage_taken":7,"max_hp_gain":0,"max_hp_loss":0,"event_name":"Golden Wing","floor":13,"gold_loss":0},{"damage_healed":0,"gold_gain":99,"player_choice":"Stole From Cult","damage_taken":0,"max_hp_gain":0,"max_hp_loss":0,"event_name":"Nest","floor":20,"gold_loss":0},{"damage_healed":0,"gold_gain":0,"player_choice":"Fought Bandits","damage_taken":0,"max_hp_gain":0,"max_hp_loss":0,"event_name":"Masked Bandits","floor":21,"gold_loss":0},{"damage_healed":0,"gold_gain":0,"player_choice":"Ignored","damage_taken":0,"max_hp_gain":0,"max_hp_loss":0,"event_name":"Ghosts","floor":22,"gold_loss":0},{"damage_healed":0,"gold_gain":0,"player_choice":"Fight","damage_taken":0,"max_hp_gain":0,"max_hp_loss":0,"event_name":"Colosseum","floor":30,"gold_loss":0},{"damage_healed":0,"gold_gain":0,"player_choice":"Fought Nobs","damage_taken":0,"max_hp_gain":0,"max_hp_loss":0,"event_name":"Colosseum","floor":30,"gold_loss":0},{"damage_healed":0,"gold_gain":0,"player_choice":"Forge","damage_taken":0,"max_hp_gain":0,"max_hp_loss":0,"event_name":"Accursed Blacksmith","floor":42,"gold_loss":0,"cards_upgraded":["Footwork"]}],"is_beta":false,"boss_relics":[{"not_picked":["WristBlade","Velvet Choker"],"picked":"Snecko Eye"},{"not_picked":["Runic Pyramid","Orrery"],"picked":"Empty Cage"}],"items_purged_floors":[4,25,31,38],"is_endless":false,"potions_floor_spawned":[1,8,10,14,19,23,29,37,40,44],"ascension_level":14}