{"gold_per_floor":[114,114,128,144,144,175,350,350,350,369,57,57,57,84,84,203,203,219,219,219,244,269,269],"floor_reached":23,"playtime":2387,"items_purged":["Pain"],"score":214,"play_id":"09a29b09-f95f-4796-9324-f9e52dfc7a32","local_time":"20181220142817","is_ascension_mode":false,"campfire_choices":[{"floor":8.0,"key":"REST"},{"floor":12.0,"key":"REST"},{"floor":15.0,"key":"RECALL"}],"neow_cost":"NONE","seed_source_timestamp":0,"circlet_count":0,"master_deck":["Defend_B","Defend_B","Defend_B+1","Defend_B","Zap","Dualcast","Sweeping Beam","Conserve Battery","Turbo","Buffer","Reprogram+1","Mind Blast","Meteor Strike","Bite","Bite","Bite","Bite","Bite","Steam+1","Auto Shields+1"],"special_seed":0,"relics":["Cracked Core","NeowsBlessing","WarpedTongs","Golden Idol","Toxic Egg 2","Regal Pillow","Art of War","Omamori","Black Star"],"potions_floor_usage":[22,23],"damage_taken":[{"damage":0.0,"enemies":"Jaw Worm","floor":1.0,"turns":1.0},{"damage":1.0,"enemies":"Cultist","floor":3.0,"turns":1.0},{"damage":2.0,"enemies":"Small Slimes","floor":4.0,"turns":1.0},{"damage":29.0,"enemies":"Gremlin Nob","floor":6.0,"turns":5.0},{"damage":8.0,"enemies":"Looter","floor":10.0,"turns":4.0},{"damage":55.0,"enemies":"Slime Boss","floor":16.0,"turns":14.0},{"damage":17.0,"enemies":"3 Byrds","floor":18.0,"turns":6.0},{"damage":16.0,"enemies":"Chosen","floor":21.0,"turns":6.0},{"damage":47,"enemies":"Sentry and Sphere","floor":22,"turns":8},{"damage":24,"enemies":"Book of Stabbing","floor":23,"turns":7}],"seed_played":"5635589630530254370","potions_obtained":[{"floor":1.0,"key":"SpeedPotion"},{"floor":6.0,"key":"Swift Potion"},{"floor":10.0,"key":"EssenceOfSteel"},{"floor":22,"key":"SpeedPotion"}],"is_trial":false,"path_per_floor":["M","?","M","M","?","E","?","R","T","M","$","R","?","T","R","B",null,"M","?","?","M","M","E"],"character_chosen":"DEFECT","items_purchased":["Art of War","Mind Blast"],"campfire_rested":2,"item_purchase_floors":[11,11],"current_hp_per_floor":[75,75,74,72,54,25,25,47,47,39,39,75,60,60,60,5,75,58,52,52,38,9,0],"gold":269,"neow_bonus":"THREE_ENEMY_KILL","is_prod":false,"is_daily":false,"chose_seed":false,"campfire_upgraded":0,"win_rate":0,"timestamp":1545344897,"path_taken":["M","?","M","?","?","E","?","R","T","M","?","R","?","?","R","BOSS","M","?","?","M","M","E"],"build_version":"2018-12-13","purchased_purges":1,"victory":false,"max_hp_per_floor":[75,75,75,75,75,75,75,75,75,75,75,75,75,75,75,75,75,75,52,52,52,52,52],"card_choices":[{"not_picked":["Genetic Algorithm","Ball Lightning"],"picked":"Sweeping Beam","floor":1.0},{"not_picked":["Ball Lightning","Scrape"],"picked":"Conserve Battery","floor":3.0},{"not_picked":["Hologram","Sweeping Beam"],"picked":"Turbo","floor":4.0},{"not_picked":["Hologram","Ball Lightning"],"picked":"Buffer","floor":6.0},{"not_picked":["Redo+1","Stack+1"],"picked":"Reprogram+1","floor":10.0},{"not_picked":["Hyperbeam","Biased Cognition"],"picked":"Meteor Strike","floor":16.0},{"not_picked":["Hologram+1","Streamline+1","Leap+1"],"picked":"SKIP","floor":18.0},{"not_picked":["Sweeping Beam","White Noise+1"],"picked":"Steam+1","floor":21.0},{"not_picked":["Reinforced Body+1","Steam+1"],"picked":"Auto Shields+1","floor":22}],"player_experience":956095,"relics_obtained":[{"floor":6.0,"key":"Toxic Egg 2"},{"floor":9.0,"key":"Regal Pillow"},{"floor":14.0,"key":"Omamori"}],"event_choices":[{"damage_healed":0.0,"max_hp_gain":0.0,"max_hp_loss":0.0,"gold_gain":0.0,"event_name":"Accursed Blacksmith","player_choice":"Rummage","floor":2.0,"gold_loss":0.0,"damage_taken":0.0,"relics_obtained":["WarpedTongs"],"cards_obtained":["Pain"]},{"damage_healed":0.0,"max_hp_gain":0.0,"max_hp_loss":0.0,"gold_gain":0.0,"event_name":"Golden Idol","player_choice":"Take Damage","floor":5.0,"gold_loss":0.0,"damage_taken":18.0,"relics_obtained":["Golden Idol"]},{"damage_healed":0.0,"max_hp_gain":0.0,"max_hp_loss":0.0,"gold_gain":175.0,"event_name":"Liars Game","player_choice":"AGREE","floor":7.0,"gold_loss":0.0,"damage_taken":0.0,"cards_obtained":["Doubt"]},{"damage_healed":0.0,"max_hp_gain":0.0,"max_hp_loss":0.0,"gold_gain":0.0,"event_name":"Shining Light","player_choice":"Entered Light","floor":13.0,"gold_loss":0.0,"damage_taken":15.0,"cards_upgraded":["Defend_B","Strike_B"]},{"damage_healed":0.0,"max_hp_gain":0.0,"max_hp_loss":23.0,"gold_gain":0.0,"event_name":"Vampires","player_choice":"Became a vampire","floor":19.0,"gold_loss":0.0,"damage_taken":0.0,"cards_obtained":["Bite","Bite","Bite","Bite","Bite"]},{"cards_removed":["Doubt"],"damage_healed":0.0,"max_hp_gain":0.0,"max_hp_loss":0.0,"gold_gain":0.0,"event_name":"Back to Basics","player_choice":"Elegance","floor":20.0,"gold_loss":0.0,"damage_taken":0.0}],"is_beta":false,"boss_relics":[{"not_picked":["Tiny House","FrozenCore"],"picked":"Black Star"}],"items_purged_floors":[11],"is_endless":false,"potions_floor_spawned":[1,6,10,22],"killed_by":"Book of Stabbing","ascension_level":0}