{"gold_per_floor":[114,114,114,133,92,126,137,152,152,152,181,230,230,250,250,354,354,367,349,349,349,349,349,448,479,479,394,409,409,439,452,452,557,557,574,594,594,694,67,67,86,103,103,0,0,0,10,30,30,30],"floor_reached":51,"playtime":4639,"items_purged":[],"score":720,"play_id":"22f0faf7-286b-40a9-82bb-9c55fa118e9b","local_time":"20181030153842","is_ascension_mode":false,"campfire_choices":[{"floor":10,"key":"REST"},{"floor":13,"key":"REST"},{"data":"Disarm","floor":15,"key":"SMITH"},{"floor":23,"key":"REST"},{"floor":32,"key":"REST"},{"floor":40,"key":"REST"},{"floor":46,"key":"REST"},{"floor":49,"key":"REST"}],"neow_cost":"CURSE","seed_source_timestamp":512643435747148,"circlet_count":0,"master_deck":["Strike_R","Strike_R","Defend_R","Defend_R+1","Defend_R","Defend_R+1","Bash","Bloodletting","Pommel Strike","Pummel+1","Spot Weakness","Heavy Blade","Shockwave","Spot Weakness","Infernal Blade+1","True Grit","Cleave","Disarm+1","Feed","Sword Boomerang+1","Spot Weakness","Sword Boomerang+1","Metallicize","Sentinel+1","Limit Break+1","Shrug It Off+1","Warcry+1","Writhe","Shrug It Off+1","Inflame","Parasite","Warcry+1","Armaments+1","Double Tap+1"],"relics":["Burning Blood","Smiling Mask","War Paint","Meat on the Bone","Orichalcum","Fusion Hammer","Paper Frog","Pen Nib","Toxic Egg 2","Self Forming Clay","MutagenicStrength","Ancient Tea Set","Empty Cage","Du-Vu Doll","Pear","Pocketwatch","Dodecahedron","Red Mask"],"potions_floor_usage":[11,16,25,25,33,33,38,38,50,50,50],"damage_taken":[{"damage":10,"enemies":"Jaw Worm","floor":1,"turns":4},{"damage":16,"enemies":"Cultist","floor":4,"turns":5},{"damage":35,"enemies":"3 Sentries","floor":6,"turns":8},{"damage":3,"enemies":"Small Slimes","floor":7,"turns":4},{"damage":4,"enemies":"2 Fungi Beasts","floor":8,"turns":2},{"damage":37,"enemies":"Lagavulin","floor":11,"turns":10},{"damage":11,"enemies":"Large Slime","floor":14,"turns":4},{"damage":15,"enemies":"Hexaghost","floor":16,"turns":10},{"damage":17,"enemies":"Spheric Guardian","floor":18,"turns":4},{"damage":15,"enemies":"2 Thieves","floor":19,"turns":4},{"damage":25,"enemies":"Gremlin Leader","floor":25,"turns":5},{"damage":6,"enemies":"Snecko","floor":28,"turns":4},{"damage":3,"enemies":"Book of Stabbing","floor":30,"turns":3},{"damage":0,"enemies":"Chosen and Byrds","floor":31,"turns":4},{"damage":84,"enemies":"Automaton","floor":33,"turns":10},{"damage":0,"enemies":"Orb Walker","floor":35,"turns":2},{"damage":31,"enemies":"3 Darklings","floor":36,"turns":4},{"damage":4,"enemies":"Mind Bloom Boss Battle","floor":38,"turns":3},{"damage":20,"enemies":"Writhing Mass","floor":41,"turns":3},{"damage":0,"enemies":"Transient","floor":42,"turns":5},{"damage":28,"enemies":"Spire Growth","floor":47,"turns":4},{"damage":7,"enemies":"Writhing Mass","floor":48,"turns":4},{"damage":48,"enemies":"Awakened One","floor":50,"turns":10}],"seed_played":"3625184890433882487","potions_obtained":[{"floor":1,"key":"SteroidPotion"},{"floor":7,"key":"EssenceOfSteel"},{"floor":14,"key":"Energy Potion"},{"floor":16,"key":"PowerPotion"},{"floor":18,"key":"Block Potion"},{"floor":28,"key":"Strength Potion"},{"floor":33,"key":"SkillPotion"},{"floor":36,"key":"SkillPotion"},{"floor":42,"key":"LiquidBronze"},{"floor":47,"key":"EssenceOfSteel"},{"floor":48,"key":"EssenceOfSteel"}],"is_trial":false,"path_per_floor":["M","?","?","M","$","E","M","M","T","R","E","T","R","M","R","B",null,"M","M","?","T","?","R","?","E","T","?","M","?","E","M","R","B",null,"M","M","?","?","$","R","M","M","T","?","$","R","M","M","R","B"],"character_chosen":"IRONCLAD","items_purchased":["Shockwave","Pear","Pocketwatch","Inflame"],"campfire_rested":7,"item_purchase_floors":[5,39,39,39],"current_hp_per_floor":[76,76,60,50,50,21,24,26,26,50,19,19,43,50,50,53,80,69,63,63,63,63,83,83,64,64,64,64,64,67,76,86,20,86,86,61,83,85,95,96,82,88,88,88,88,96,74,73,96,66],"gold":30,"neow_bonus":"TRANSFORM_TWO_CARDS","is_prod":false,"is_daily":false,"chose_seed":false,"campfire_upgraded":1,"win_rate":0,"timestamp":1540910322,"path_taken":["M","?","?","?","$","E","M","M","T","R","E","?","R","M","R","BOSS","M","M","?","?","?","R","?","E","T","?","M","?","E","?","R","BOSS","M","M","?","?","$","R","M","M","T","?","$","R","?","M","R","BOSS"],"build_version":"2018-10-29v2","purchased_purges":0,"victory":true,"max_hp_per_floor":[80,80,80,80,80,80,80,80,80,80,80,80,80,80,80,80,80,80,83,83,83,83,83,83,83,83,83,83,83,83,86,86,86,86,86,86,86,86,96,96,96,96,96,96,96,96,96,96,96,96],"card_choices":[{"not_picked":["Pommel Strike","Heavy Blade"],"picked":"Pummel","floor":1},{"not_picked":["Hemokinesis","Searing Blow"],"picked":"Heavy Blade","floor":4},{"not_picked":["Flame Barrier","Wild Strike"],"picked":"Spot Weakness","floor":6},{"not_picked":["Clothesline","Second Wind"],"picked":"Infernal Blade","floor":7},{"not_picked":["Shockwave","Burning Pact"],"picked":"True Grit","floor":8},{"not_picked":["Body Slam","Bludgeon"],"picked":"Cleave","floor":11},{"not_picked":["Corruption","Thunderclap"],"picked":"Disarm","floor":14},{"not_picked":["Impervious","Dark Embrace"],"picked":"Feed","floor":16},{"not_picked":["Warcry","Power Through","Havoc"],"picked":"SKIP","floor":18},{"not_picked":["Battle Trance","Havoc+1"],"picked":"Sword Boomerang+1","floor":19},{"not_picked":["Flex+1","Heavy Blade"],"picked":"Spot Weakness","floor":25},{"not_picked":["Clash+1","Body Slam"],"picked":"Sword Boomerang+1","floor":28},{"not_picked":["Hemokinesis","Immolate"],"picked":"Metallicize","floor":30},{"not_picked":["Spot Weakness+1","True Grit+1"],"picked":"Sentinel+1","floor":31},{"not_picked":["Berserk","Fiend Fire"],"picked":"Limit Break+1","floor":33},{"not_picked":["Flex+1","Twin Strike+1"],"picked":"Shrug It Off+1","floor":35},{"not_picked":["Anger","Cleave"],"picked":"Warcry+1","floor":36},{"not_picked":["Dropkick","Rupture"],"picked":"Shrug It Off+1","floor":38},{"not_picked":["Sever Soul+1","Second Wind+1"],"picked":"Warcry+1","floor":41},{"not_picked":["Searing Blow","Thunderclap"],"picked":"Armaments+1","floor":42},{"not_picked":["Clothesline+1","Infernal Blade+1"],"picked":"Double Tap+1","floor":47},{"not_picked":["Armaments+1","Iron Wave","Fire Breathing"],"picked":"SKIP","floor":48}],"player_experience":635887,"relics_obtained":[{"floor":6,"key":"Smiling Mask"},{"floor":9,"key":"War Paint"},{"floor":11,"key":"Meat on the Bone"},{"floor":12,"key":"Orichalcum"},{"floor":21,"key":"Paper Frog"},{"floor":25,"key":"Pen Nib"},{"floor":26,"key":"Toxic Egg 2"},{"floor":30,"key":"Ancient Tea Set"},{"floor":38,"key":"Du-Vu Doll"},{"floor":43,"key":"Dodecahedron"}],"event_choices":[{"damage_healed":0,"gold_gain":0,"player_choice":"1 cards matched","damage_taken":0,"max_hp_gain":0,"max_hp_loss":0,"event_name":"Match and Keep!","floor":2,"gold_loss":0,"cards_obtained":["Spot Weakness"]},{"damage_healed":0,"gold_gain":0,"player_choice":"Entered Light","damage_taken":16,"max_hp_gain":0,"max_hp_loss":0,"event_name":"Shining Light","floor":3,"gold_loss":0,"cards_upgraded":["Defend_R","Pummel"]},{"damage_healed":0,"gold_gain":0,"player_choice":"Ignored","damage_taken":0,"max_hp_gain":0,"max_hp_loss":0,"event_name":"Vampires","floor":20,"gold_loss":0},{"damage_healed":0,"gold_gain":0,"player_choice":"Ignored","damage_taken":0,"max_hp_gain":0,"max_hp_loss":0,"event_name":"Ghosts","floor":22,"gold_loss":0},{"damage_healed":0,"gold_gain":99,"player_choice":"Stole From Cult","damage_taken":0,"max_hp_gain":0,"max_hp_loss":0,"event_name":"Nest","floor":24,"gold_loss":0},{"damage_healed":0,"gold_gain":0,"player_choice":"Obtained Relic","damage_taken":0,"relics_obtained":["Self Forming Clay"],"max_hp_gain":0,"max_hp_loss":0,"event_name":"Addict","floor":27,"gold_loss":85},{"damage_healed":0,"gold_gain":0,"player_choice":"Inject Mutagens","damage_taken":0,"relics_obtained":["MutagenicStrength"],"max_hp_gain":0,"max_hp_loss":0,"event_name":"Drug Dealer","floor":29,"gold_loss":0},{"damage_healed":22,"gold_gain":0,"player_choice":"Writhe","damage_taken":0,"max_hp_gain":0,"max_hp_loss":0,"event_name":"Winding Halls","floor":37,"gold_loss":0,"cards_obtained":["Writhe"]},{"damage_healed":0,"gold_gain":0,"player_choice":"Fight","damage_taken":0,"max_hp_gain":0,"max_hp_loss":0,"event_name":"MindBloom","floor":38,"gold_loss":0},{"damage_healed":0,"gold_gain":0,"player_choice":"Paid","damage_taken":0,"relics_obtained":["Red Mask"],"max_hp_gain":0,"max_hp_loss":0,"event_name":"Tomb of Lord Red Mask","floor":44,"gold_loss":103}],"is_beta":true,"boss_relics":[{"not_picked":["Black Star","Runic Dome"],"picked":"Fusion Hammer"},{"not_picked":["Orrery","Lizard Tail"],"picked":"Empty Cage"}],"items_purged_floors":[],"is_endless":false,"potions_floor_spawned":[1,7,14,16,18,28,33,36,42,47,48],"ascension_level":0}