{"gold_per_floor":[12,12,25,35,48,48,48,48,48,62,92,110,110,122,122,221,271,288,308,308,324,234,234,250,270,270,9,9,23,56,56,56,56],"floor_reached":33,"playtime":4202,"items_purged":["Strike_R"],"score":296,"play_id":"cda2fd2b-a6fe-4868-b6d2-b36d8dcb6926","local_time":"20190205175356","is_ascension_mode":false,"campfire_choices":[{"data":"Anger","floor":6,"key":"SMITH"},{"data":"Flex","floor":8,"key":"SMITH"},{"floor":13,"key":"REST"},{"data":"Armaments","floor":15,"key":"SMITH"},{"data":"Fire Breathing","floor":23,"key":"SMITH"},{"floor":28,"key":"REST"},{"floor":32,"key":"REST"}],"neow_cost":"NO_GOLD","seed_source_timestamp":163327541248444,"circlet_count":0,"master_deck":["Strike_R","Strike_R","Strike_R+1","Defend_R","Defend_R","Defend_R","Defend_R+1","Bash","Armaments","Battle Trance","Anger+1","Flex+1","Armaments+1","Double Tap","Body Slam+1","Twin Strike+1","Impervious","Cleave+1","Anger+1","Searing Blow+1","Fire Breathing+1","Twin Strike+1","Iron Wave+1","Violence","Infernal Blade","Pommel Strike+1"],"relics":["Burning Blood","Mummified Hand","Molten Egg 2","Tiny House","Gremlin Horn","Dream Catcher","Bottled Lightning"],"potions_floor_usage":[11,16,16,16,33,33,33],"damage_taken":[{"damage":14,"enemies":"Small Slimes","floor":1,"turns":4},{"damage":1,"enemies":"2 Louse","floor":3,"turns":4},{"damage":1,"enemies":"Cultist","floor":4,"turns":3},{"damage":18,"enemies":"Exordium Thugs","floor":5,"turns":5},{"damage":0,"enemies":"Large Slime","floor":10,"turns":5},{"damage":41,"enemies":"Gremlin Nob","floor":11,"turns":5},{"damage":19,"enemies":"Gremlin Gang","floor":12,"turns":5},{"damage":9,"enemies":"2 Fungi Beasts","floor":14,"turns":4},{"damage":26,"enemies":"Hexaghost","floor":16,"turns":7},{"damage":0,"enemies":"Chosen","floor":18,"turns":4},{"damage":10,"enemies":"3 Byrds","floor":19,"turns":5},{"damage":16,"enemies":"3 Cultists","floor":21,"turns":4},{"damage":42,"enemies":"Cultist and Chosen","floor":24,"turns":5},{"damage":12,"enemies":"Centurion and Healer","floor":25,"turns":7},{"damage":4,"enemies":"Snecko","floor":29,"turns":4},{"damage":24,"enemies":"Slavers","floor":30,"turns":5},{"damage":91,"enemies":"Collector","floor":33,"turns":6}],"seed_played":"-1436923654640912124","potions_obtained":[{"floor":3,"key":"SpeedPotion"},{"floor":4,"key":"LiquidBronze"},{"floor":5,"key":"Ancient Potion"},{"floor":11,"key":"PowerPotion"},{"floor":12,"key":"Strength Potion"},{"floor":17,"key":"EssenceOfSteel"},{"floor":19,"key":"Energy Potion"},{"floor":25,"key":"Weak Potion"},{"floor":30,"key":"GamblersBrew"}],"is_trial":false,"path_per_floor":["M","?","M","M","M","R","?","R","T","M","E","M","R","M","R","B",null,"M","M","?","M","?","R","M","M","T","$","R","M","E","T","R","B"],"character_chosen":"IRONCLAD","items_purchased":["Violence"],"campfire_rested":3,"item_purchase_floors":[27],"current_hp_per_floor":[88,88,93,96,84,84,84,84,84,90,55,42,70,67,67,47,101,101,97,97,87,87,87,51,45,45,45,75,77,59,59,89,0],"gold":56,"neow_bonus":"TWENTY_PERCENT_HP_BONUS","is_prod":false,"is_daily":false,"chose_seed":false,"campfire_upgraded":4,"win_rate":0.0,"timestamp":1549364036,"path_taken":["M","?","M","M","M","R","?","R","T","M","E","M","R","M","R","BOSS","M","M","?","M","?","R","M","?","T","$","R","M","E","?","R","BOSS"],"build_version":"2018-12-4","purchased_purges":1,"victory":false,"max_hp_per_floor":[96,96,96,96,96,96,96,96,96,96,96,96,96,96,96,96,101,101,101,101,101,101,101,101,101,101,101,101,101,101,101,101,101],"card_choices":[{"not_picked":["Sword Boomerang","Pummel"],"picked":"Armaments","floor":1},{"not_picked":["Shrug It Off","Sword Boomerang"],"picked":"Battle Trance","floor":3},{"not_picked":["True Grit","Perfected Strike"],"picked":"Anger","floor":4},{"not_picked":["Reckless Charge","Spot Weakness"],"picked":"Flex","floor":5},{"not_picked":["Entrench","Carnage"],"picked":"Armaments","floor":10},{"not_picked":["Dropkick","Clash"],"picked":"Double Tap","floor":11},{"not_picked":["Sword Boomerang+1","Armaments"],"picked":"Body Slam+1","floor":12},{"not_picked":["Bloodletting","Seeing Red"],"picked":"Twin Strike+1","floor":14},{"not_picked":["Offering","Dark Embrace"],"picked":"Impervious","floor":16},{"not_picked":["True Grit","Battle Trance"],"picked":"Cleave+1","floor":17},{"not_picked":["Corruption+1","Burning Pact"],"picked":"Anger+1","floor":18},{"not_picked":["Warcry","Shrug It Off"],"picked":"Searing Blow+1","floor":19},{"not_picked":["Carnage+1","Headbutt+1"],"picked":"Fire Breathing","floor":21},{"not_picked":["Body Slam+1","Fire Breathing"],"picked":"Twin Strike+1","floor":24},{"not_picked":["Armaments","Blood for Blood+1"],"picked":"Iron Wave+1","floor":25},{"not_picked":["Carnage+1","Impervious","Sword Boomerang+1"],"picked":"SKIP","floor":29},{"not_picked":["Hemokinesis+1","Bloodletting"],"picked":"Infernal Blade","floor":30},{"not_picked":["Dual Wield","Searing Blow+1"],"picked":"Pommel Strike+1","floor":32}],"player_experience":12404,"relics_obtained":[{"floor":9,"key":"Mummified Hand"},{"floor":11,"key":"Molten Egg 2"},{"floor":26,"key":"Gremlin Horn"},{"floor":30,"key":"Dream Catcher"},{"floor":31,"key":"Bottled Lightning"}],"event_choices":[{"damage_healed":0,"gold_gain":0,"player_choice":"Leave","damage_taken":0,"max_hp_gain":0,"max_hp_loss":0,"event_name":"The Cleric","floor":2,"gold_loss":0},{"damage_healed":0,"gold_gain":0,"player_choice":"Ignored","damage_taken":0,"max_hp_gain":0,"max_hp_loss":0,"event_name":"Liars Game","floor":7,"gold_loss":0},{"damage_healed":0,"gold_gain":0,"player_choice":"Ignored","damage_taken":0,"max_hp_gain":0,"max_hp_loss":0,"event_name":"Vampires","floor":20,"gold_loss":0},{"cards_removed":["Strike_R"],"damage_healed":0,"gold_gain":0,"player_choice":"Upgrade and Remove","damage_taken":0,"max_hp_gain":0,"max_hp_loss":0,"event_name":"Designer","floor":22,"gold_loss":90,"cards_upgraded":["Defend_R"]}],"is_beta":true,"boss_relics":[{"not_picked":["Runic Cube","Ectoplasm"],"picked":"Tiny House"}],"items_purged_floors":[27],"is_endless":false,"potions_floor_spawned":[3,4,5,11,12,19,25,29,30],"killed_by":"Collector","ascension_level":0}