{"gold_per_floor":[110,121,139,52,52,52,63,94,94,94],"floor_reached":10,"playtime":331,"items_purged":[],"score":136,"play_id":"66a9040d-060d-41e3-8cef-180149323a27","local_time":"20181231140037","is_ascension_mode":true,"campfire_choices":[{"data":"Sweeping Beam","floor":6,"key":"SMITH"}],"neow_cost":"NONE","seed_source_timestamp":332083173977905,"circlet_count":0,"master_deck":["AscendersBane","Strike_B","Strike_B","Strike_B","Strike_B","Defend_B","Defend_B","Defend_B","Defend_B","Zap+1","Dualcast","Conserve Battery","White Noise","Loop","Sweeping Beam+1","Coolheaded","Compile Driver","Glacier"],"relics":["Cracked Core","Darkstone Periapt","Sundial"],"potions_floor_usage":[8,10],"damage_taken":[{"damage":2,"enemies":"Cultist","floor":1,"turns":4},{"damage":3,"enemies":"Small Slimes","floor":2,"turns":4},{"damage":0,"enemies":"Jaw Worm","floor":3,"turns":2},{"damage":4,"enemies":"Looter","floor":7,"turns":4},{"damage":36,"enemies":"3 Sentries","floor":8,"turns":10},{"damage":30,"enemies":"Gremlin Nob","floor":10,"turns":3}],"seed_played":"-6404448156349392421","potions_obtained":[{"floor":3,"key":"Poison Potion"},{"floor":7,"key":"Dexterity Potion"}],"is_trial":false,"path_per_floor":["M","M","M","$","?","R","M","E","T","E"],"character_chosen":"DEFECT","items_purchased":["Sweeping Beam","Coolheaded"],"campfire_rested":0,"item_purchase_floors":[4,4],"current_hp_per_floor":[62,59,59,59,59,59,55,19,19,0],"gold":94,"neow_bonus":"UPGRADE_CARD","is_prod":false,"is_daily":false,"chose_seed":false,"campfire_upgraded":1,"win_rate":0,"timestamp":1546261237,"path_taken":["M","M","?","$","?","R","M","E","T","E"],"build_version":"2018-12-20","purchased_purges":0,"victory":false,"max_hp_per_floor":[71,71,71,71,71,71,71,71,71,71],"card_choices":[{"not_picked":["Redo","Barrage"],"picked":"Conserve Battery","floor":1},{"not_picked":["Turbo","Fusion"],"picked":"White Noise","floor":2},{"not_picked":["Beam Cell","Go for the Eyes"],"picked":"Loop","floor":3},{"not_picked":["Gash","Barrage"],"picked":"Compile Driver","floor":7},{"not_picked":["Amplify","Double Energy"],"picked":"Glacier","floor":8}],"player_experience":1077383,"relics_obtained":[{"floor":8,"key":"Darkstone Periapt"},{"floor":9,"key":"Sundial"}],"event_choices":[{"damage_healed":0,"gold_gain":0,"player_choice":"Ignored","damage_taken":0,"max_hp_gain":0,"max_hp_loss":0,"event_name":"Liars Game","floor":5,"gold_loss":0}],"is_beta":false,"boss_relics":[],"items_purged_floors":[],"is_endless":false,"potions_floor_spawned":[3,7],"killed_by":"Gremlin Nob","ascension_level":20}