{"gold_per_floor":[113,113,288,238,59,90,90,90,90,105,105,115,115,132,132,229,229,245,245,263,21,31,56,76,76,376,376,389,389,304,331,331,428,428,438,454,454,469,469,504,504,533,533,533,545,563,583,229,229,229,229,229,34,68,68],"floor_reached":55,"playtime":3441,"items_purged":["Strike_G","Writhe"],"score":765,"play_id":"8746da9f-a089-4b92-b696-52a6af9c1c3f","local_time":"20190326000455","is_ascension_mode":false,"campfire_choices":[{"data":"Noxious Fumes","floor":7,"key":"SMITH"},{"data":"Expertise","floor":11,"key":"SMITH"},{"data":"Crippling Poison","floor":15,"key":"SMITH"},{"data":"Burst","floor":25,"key":"SMITH"},{"floor":29,"key":"REST"},{"floor":32,"key":"REST"},{"data":"Backstab","floor":41,"key":"SMITH"},{"floor":44,"key":"REST"},{"floor":49,"key":"RECALL"},{"data":"Noxious Fumes","floor":52,"key":"SMITH"}],"neow_cost":"NONE","seed_source_timestamp":25692959665337,"circlet_count":0,"master_deck":["Defend_G","Defend_G","Defend_G","Defend_G","Defend_G","Survivor","Neutralize+1","Dash","Noxious Fumes+1","Dagger Throw","Acrobatics","Acrobatics","Crippling Poison+1","Burst+1","Predator","Backflip","Dagger Throw","Calculated Gamble+1","Deadly Poison+1","PiercingWail","Crippling Poison+1","Burst","A Thousand Cuts+1","Doppelganger+1","Footwork+1","Dagger Spray+1","Sucker Punch+1","Backstab+1","Leg Sweep","Deadly Poison+1","Noxious Fumes+1","Noxious Fumes+1","Backflip","Predator","Crippling Poison","Cloak And Dagger","Caltrops","Deflect"],"relics":["Ring of the Snake","Pantograph","Bottled Lightning","Velvet Choker","Bottled Tornado","Ornamental Fan","Old Coin","Oddly Smooth Stone","Snake Skull","Astrolabe","Kunai","Mummified Hand","Gremlin Horn"],"potions_floor_usage":[23,31,31,33,45,50,54,55],"damage_taken":[{"damage":3,"enemies":"Jaw Worm","floor":1,"turns":4},{"damage":19,"enemies":"3 Sentries","floor":6,"turns":9},{"damage":6,"enemies":"Small Slimes","floor":10,"turns":3},{"damage":2,"enemies":"2 Louse","floor":12,"turns":2},{"damage":0,"enemies":"Looter","floor":14,"turns":3},{"damage":35,"enemies":"Slime Boss","floor":16,"turns":13},{"damage":2,"enemies":"Chosen","floor":18,"turns":6},{"damage":14,"enemies":"2 Thieves","floor":20,"turns":3},{"damage":12,"enemies":"Snake Plant","floor":22,"turns":5},{"damage":23,"enemies":"Slavers","floor":23,"turns":4},{"damage":1,"enemies":"Snecko","floor":24,"turns":5},{"damage":8,"enemies":"Shelled Parasite and Fungi","floor":28,"turns":5},{"damage":22,"enemies":"Gremlin Leader","floor":31,"turns":7},{"damage":49,"enemies":"Champ","floor":33,"turns":11},{"damage":11,"enemies":"3 Shapes","floor":35,"turns":3},{"damage":18,"enemies":"3 Darklings","floor":36,"turns":4},{"damage":18,"enemies":"Spire Growth","floor":38,"turns":6},{"damage":25,"enemies":"Reptomancer","floor":40,"turns":6},{"damage":21,"enemies":"Nemesis","floor":42,"turns":9},{"damage":4,"enemies":"Jaw Worm Horde","floor":45,"turns":3},{"damage":17,"enemies":"Maw","floor":46,"turns":7},{"damage":2,"enemies":"4 Shapes","floor":47,"turns":3},{"damage":27,"enemies":"Donu and Deca","floor":50,"turns":8},{"damage":27,"enemies":"Shield and Spear","floor":54,"turns":6},{"damage":81,"enemies":"The Heart","floor":55,"turns":8}],"seed_played":"127040451266695254","potions_obtained":[{"floor":1,"key":"AttackPotion"},{"floor":12,"key":"Explosive Potion"},{"floor":20,"key":"SneckoOil"},{"floor":28,"key":"Fire Potion"},{"floor":36,"key":"Fire Potion"},{"floor":40,"key":"Swift Potion"},{"floor":45,"key":"Poison Potion"},{"floor":54,"key":"GamblersBrew"}],"is_trial":false,"path_per_floor":["M","?","?","?","$","E","R","?","T","M","R","M","?","M","R","B",null,"M","?","M","$","M","E","M","R","T","?","M","R","?","E","R","B",null,"M","M","$","M","?","E","R","E","T","R","M","M","M","$","R","B",null,"R","$","E","B"],"character_chosen":"THE_SILENT","items_purchased":["Noxious Fumes","Dagger Throw","Bottled Tornado","Noxious Fumes","Backflip","SkillPotion","Predator","Crippling Poison","Cloak And Dagger","Caltrops"],"campfire_rested":3,"item_purchase_floors":[5,5,21,48,48,48,48,53,53,53],"current_hp_per_floor":[67,67,67,67,67,48,48,53,53,47,47,45,38,38,38,28,75,73,73,59,59,47,24,23,23,23,9,1,25,25,3,27,3,80,69,51,51,33,53,28,28,7,7,31,27,10,8,8,8,6,80,80,80,53,0],"gold":68,"neow_bonus":"TRANSFORM_CARD","is_prod":false,"is_daily":false,"chose_seed":false,"campfire_upgraded":6,"win_rate":0,"timestamp":1553569495,"path_taken":["M","?","?","?","$","E","R","?","T","M","R","M","?","M","R","BOSS","M","?","M","$","M","E","M","R","T","?","M","R","?","E","R","BOSS","M","M","$","M","?","E","R","E","T","R","M","M","M","$","R","BOSS","R","$","E","BOSS"],"build_version":"2019-01-23","purchased_purges":2,"victory":false,"max_hp_per_floor":[70,70,70,70,70,70,70,75,75,75,75,75,75,75,75,75,75,75,75,75,75,75,75,75,75,75,80,80,80,80,80,80,80,80,80,80,80,80,80,80,80,80,80,80,80,80,80,80,80,80,80,80,80,80,80],"card_choices":[{"not_picked":["Accuracy","Bane"],"picked":"Dash","floor":1},{"not_picked":["Distraction","All Out Attack"],"picked":"Acrobatics","floor":6},{"not_picked":["Slice","Expertise"],"picked":"Acrobatics","floor":10},{"not_picked":["Prepared","Eviscerate","Riddle With Holes"],"picked":"SKIP","floor":12},{"not_picked":["Bane","Flying Knee"],"picked":"Crippling Poison","floor":14},{"not_picked":["Phantasmal Killer","A Thousand Cuts"],"picked":"Burst","floor":16},{"not_picked":["Flying Knee","Blade Dance"],"picked":"Predator","floor":18},{"not_picked":["Blade Dance","Quick Slash"],"picked":"Dagger Throw","floor":20},{"not_picked":["Concentrate","Heel Hook","Infinite Blades"],"picked":"SKIP","floor":22},{"not_picked":["Outmaneuver","Flying Knee"],"picked":"Calculated Gamble+1","floor":23},{"not_picked":["Flying Knee","Blade Dance"],"picked":"Deadly Poison+1","floor":24},{"not_picked":["Dodge and Roll","Deflect"],"picked":"PiercingWail","floor":28},{"not_picked":["Distraction","Blade Dance"],"picked":"Crippling Poison+1","floor":31},{"not_picked":["Venomology","Glass Knife"],"picked":"Burst","floor":33},{"not_picked":["Calculated Gamble","Poisoned Stab+1"],"picked":"Dagger Spray+1","floor":35},{"not_picked":["Flying Knee+1","Dagger Throw+1"],"picked":"Sucker Punch+1","floor":36},{"not_picked":["Calculated Gamble","Dagger Throw+1","Blade Dance+1"],"picked":"SKIP","floor":38},{"not_picked":["Setup","Tactician+1"],"picked":"Backstab","floor":40},{"not_picked":["Heel Hook+1","Setup","Storm of Steel"],"picked":"SKIP","floor":42},{"not_picked":["Deflect","Prepared"],"picked":"Leg Sweep","floor":45},{"not_picked":["Dash","Reflex"],"picked":"Deadly Poison+1","floor":46},{"not_picked":["Quick Slash","Dagger Spray+1"],"picked":"Noxious Fumes+1","floor":47},{"not_picked":["Flechettes+1","Cloak And Dagger+1"],"picked":"Deflect","floor":54}],"player_experience":375867,"relics_obtained":[{"floor":6,"key":"Pantograph"},{"floor":9,"key":"Bottled Lightning"},{"floor":23,"key":"Ornamental Fan"},{"floor":26,"key":"Old Coin"},{"floor":31,"key":"Snake Skull"},{"floor":40,"key":"Kunai"},{"floor":42,"key":"Mummified Hand"},{"floor":54,"key":"Gremlin Horn"}],"event_choices":[{"damage_healed":0,"gold_gain":0,"player_choice":"Grow","damage_taken":0,"max_hp_gain":0,"max_hp_loss":0,"event_name":"Living Wall","floor":2,"gold_loss":0,"cards_upgraded":["Neutralize"]},{"damage_healed":0,"gold_gain":175,"player_choice":"AGREE","damage_taken":0,"max_hp_gain":0,"max_hp_loss":0,"event_name":"Liars Game","floor":3,"gold_loss":0,"cards_obtained":["Doubt"]},{"cards_removed":["Doubt"],"damage_healed":0,"gold_gain":0,"player_choice":"Card Removal","damage_taken":0,"max_hp_gain":0,"max_hp_loss":0,"event_name":"The Cleric","floor":4,"gold_loss":50},{"damage_healed":0,"gold_gain":0,"player_choice":"Donut","damage_taken":0,"max_hp_gain":5,"max_hp_loss":0,"event_name":"Big Fish","floor":8,"gold_loss":0},{"cards_removed":["Strike_G"],"damage_healed":0,"gold_gain":0,"player_choice":"Card Removal","damage_taken":7,"max_hp_gain":0,"max_hp_loss":0,"event_name":"Golden Wing","floor":13,"gold_loss":0},{"damage_healed":0,"gold_gain":0,"player_choice":"Read","damage_taken":0,"max_hp_gain":0,"max_hp_loss":0,"event_name":"The Library","floor":19,"gold_loss":0,"cards_obtained":["Backflip"]},{"damage_healed":0,"gold_gain":0,"player_choice":"Shed Blood","damage_taken":19,"max_hp_gain":5,"max_hp_loss":0,"event_name":"Forgotten Altar","floor":27,"gold_loss":0},{"damage_healed":0,"gold_gain":0,"player_choice":"Obtained Relic","damage_taken":0,"relics_obtained":["Oddly Smooth Stone"],"max_hp_gain":0,"max_hp_loss":0,"event_name":"Addict","floor":30,"gold_loss":85},{"damage_healed":20,"gold_gain":0,"player_choice":"Writhe","damage_taken":0,"max_hp_gain":0,"max_hp_loss":0,"event_name":"Winding Halls","floor":39,"gold_loss":0,"cards_obtained":["Writhe"]}],"is_beta":false,"boss_relics":[{"not_picked":["Ring of the Serpent","Runic Dome"],"picked":"Velvet Choker"},{"not_picked":["Fusion Hammer","Tiny House"],"picked":"Astrolabe"}],"items_purged_floors":[5,48],"is_endless":false,"potions_floor_spawned":[1,12,20,22,28,36,40,45,54],"killed_by":"The Heart","ascension_level":0}