{"gold_per_floor":[216,55,65,42,42,70,70,100,125,125,138,150,150,150,150,227,227,245,60,60,76,96,96,121,121,203,234,234,234,15,31,31,31],"floor_reached":33,"playtime":1432,"items_purged":["Strike_G","Strike_G"],"score":509,"play_id":"4ef6e577-1f15-49bf-8d25-0ae5ab0de390","local_time":"20190426171945","is_ascension_mode":true,"campfire_choices":[{"data":"After Image","floor":7,"key":"SMITH"},{"data":"Blade Dance","floor":13,"key":"SMITH"},{"data":"Sucker Punch","floor":15,"key":"SMITH"},{"data":"After Image","floor":23,"key":"SMITH"},{"floor":25,"key":"REST"},{"data":"Noxious Fumes","floor":28,"key":"SMITH"},{"floor":32,"key":"REST"}],"neow_cost":"NONE","seed_source_timestamp":6271639494028,"circlet_count":0,"master_deck":["AscendersBane","Defend_G","Defend_G","Defend_G","Defend_G","Defend_G","Strike_G","Strike_G","Survivor","Neutralize+1","Dagger Throw+1","After Image+1","Endless Agony","Poisoned Stab","Sucker Punch+1","PiercingWail","PiercingWail","Blade Dance+1","After Image+1","Noxious Fumes+1","All Out Attack","Neutralize","Deflect","Calculated Gamble","Adrenaline","Cloak And Dagger"],"relics":["Ring of the Snake","Ancient Tea Set","Orichalcum","Whetstone","Busted Crown","PreservedInsect","Matryoshka","Snake Skull"],"potions_floor_usage":[16,16,22,24,33],"damage_taken":[{"damage":0,"enemies":"2 Louse","floor":1,"turns":2},{"damage":4,"enemies":"Cultist","floor":3,"turns":5},{"damage":13,"enemies":"3 Sentries","floor":6,"turns":13},{"damage":11,"enemies":"Gremlin Nob","floor":8,"turns":5},{"damage":0,"enemies":"Small Slimes","floor":11,"turns":4},{"damage":2,"enemies":"3 Louse","floor":12,"turns":4},{"damage":5,"enemies":"Slime Boss","floor":16,"turns":7},{"damage":1,"enemies":"Chosen","floor":18,"turns":5},{"damage":11,"enemies":"Spheric Guardian","floor":21,"turns":5},{"damage":7,"enemies":"Snecko","floor":22,"turns":8},{"damage":19,"enemies":"Gremlin Leader","floor":24,"turns":9},{"damage":2,"enemies":"Slavers","floor":27,"turns":5},{"damage":2,"enemies":"Chosen and Byrds","floor":31,"turns":7},{"damage":59,"enemies":"Champ","floor":33,"turns":16}],"seed_played":"-8748057408946855911","potions_obtained":[{"floor":3,"key":"Explosive Potion"},{"floor":8,"key":"SteroidPotion"},{"floor":10,"key":"AttackPotion"},{"floor":11,"key":"FearPotion"},{"floor":18,"key":"Energy Potion"},{"floor":21,"key":"Explosive Potion"},{"floor":22,"key":"GamblersBrew"}],"is_trial":false,"path_per_floor":["M","$","M","$","?","E","R","E","T","?","M","M","R","?","R","B",null,"M","$","?","M","M","R","E","R","T","E","R","?","$","M","R","B"],"character_chosen":"THE_SILENT","items_purchased":["After Image","Poisoned Stab","Noxious Fumes","All Out Attack","Adrenaline","PowerPotion"],"campfire_rested":2,"item_purchase_floors":[2,4,19,19,30,30],"current_hp_per_floor":[59,59,55,55,48,35,35,24,24,24,24,22,22,22,22,17,54,53,53,53,42,35,35,16,35,35,33,33,33,33,31,50,0],"gold":31,"neow_bonus":"HUNDRED_GOLD","is_prod":false,"is_daily":false,"chose_seed":false,"campfire_upgraded":5,"win_rate":0,"timestamp":1556309985,"path_taken":["M","$","M","$","?","E","R","E","T","?","M","?","R","?","R","BOSS","M","$","?","M","?","R","E","R","T","E","R","?","$","M","R","BOSS"],"build_version":"2019-01-23","purchased_purges":2,"victory":false,"max_hp_per_floor":[66,66,66,66,66,66,66,66,66,66,66,66,66,66,66,66,66,66,66,66,66,66,66,66,66,66,66,66,66,66,66,66,66],"card_choices":[{"not_picked":["Masterful Stab","Acrobatics"],"picked":"Dagger Throw","floor":1},{"not_picked":["Acrobatics","Deadly Poison"],"picked":"Endless Agony","floor":3},{"not_picked":["Finisher","Blur"],"picked":"Sucker Punch","floor":6},{"not_picked":["Flechettes","Unload"],"picked":"PiercingWail","floor":8},{"not_picked":["Bane","Cloak And Dagger"],"picked":"PiercingWail","floor":11},{"not_picked":["Prepared","Leg Sweep"],"picked":"Blade Dance","floor":12},{"not_picked":["Glass Knife","Venomology"],"picked":"After Image","floor":16},{"not_picked":["Deadly Poison+1"],"picked":"SKIP","floor":18},{"not_picked":["Underhanded Strike+1"],"picked":"SKIP","floor":21},{"not_picked":[],"picked":"Deflect","floor":22},{"not_picked":["Flying Knee+1"],"picked":"SKIP","floor":24},{"not_picked":[],"picked":"Calculated Gamble","floor":27},{"not_picked":[],"picked":"Cloak And Dagger","floor":31}],"player_experience":754201,"relics_obtained":[{"floor":6,"key":"Ancient Tea Set"},{"floor":8,"key":"Orichalcum"},{"floor":9,"key":"Whetstone"},{"floor":24,"key":"PreservedInsect"},{"floor":26,"key":"Matryoshka"},{"floor":27,"key":"Snake Skull"}],"event_choices":[{"cards_removed":["Strike_G"],"damage_healed":0,"gold_gain":0,"player_choice":"Card Removal","damage_taken":7,"max_hp_gain":0,"max_hp_loss":0,"event_name":"Golden Wing","floor":5,"gold_loss":0},{"damage_healed":0,"gold_gain":0,"player_choice":"Got Potions","damage_taken":0,"max_hp_gain":0,"max_hp_loss":0,"event_name":"Lab","floor":10,"gold_loss":0},{"damage_healed":0,"gold_gain":0,"player_choice":"Ignored","damage_taken":0,"max_hp_gain":0,"max_hp_loss":0,"event_name":"Liars Game","floor":14,"gold_loss":0},{"damage_healed":0,"gold_gain":0,"player_choice":"1 cards matched","damage_taken":0,"max_hp_gain":0,"max_hp_loss":0,"event_name":"Match and Keep!","floor":20,"gold_loss":0,"cards_obtained":["Neutralize"]},{"damage_healed":0,"gold_gain":0,"player_choice":"Ignored","damage_taken":0,"max_hp_gain":0,"max_hp_loss":0,"event_name":"Ghosts","floor":29,"gold_loss":0}],"is_beta":false,"boss_relics":[{"not_picked":["Eternal Feather","Empty Cage"],"picked":"Busted Crown"}],"items_purged_floors":[19,30],"is_endless":false,"potions_floor_spawned":[3,8,11,12,18,21,22],"killed_by":"Champ","ascension_level":15}