{"gold_per_floor":[112,128,4,79,79,79,96,96,122,122,136,156,156,191,191,191],"floor_reached":16,"playtime":925,"items_purged":["Strike_R"],"score":100,"play_id":"4ada3f58-37b1-4d7d-aa7d-05df103f65d1","local_time":"20190419182222","is_ascension_mode":false,"campfire_choices":[{"data":"True Grit","floor":6,"key":"SMITH"},{"data":"Bash","floor":8,"key":"SMITH"},{"data":"Pommel Strike","floor":10,"key":"SMITH"},{"data":"Armaments","floor":13,"key":"SMITH"},{"data":"Shockwave","floor":15,"key":"SMITH"}],"neow_cost":"NONE","seed_source_timestamp":19141642517550,"circlet_count":0,"master_deck":["Strike_R","Strike_R","Strike_R","Defend_R","Defend_R","Defend_R","Defend_R","Bash+1","Pommel Strike+1","True Grit+1","Shrug It Off","Battle Trance","Clothesline","Armaments+1","Shockwave+1"],"relics":["Burning Blood","NeowsBlessing","Omamori","Smiling Mask"],"potions_floor_usage":[16,16,16],"damage_taken":[{"damage":0,"enemies":"Cultist","floor":1,"turns":1},{"damage":0,"enemies":"2 Louse","floor":2,"turns":1},{"damage":0,"enemies":"Jaw Worm","floor":7,"turns":1},{"damage":2,"enemies":"Blue Slaver","floor":11,"turns":4},{"damage":0,"enemies":"Large Slime","floor":12,"turns":4},{"damage":16,"enemies":"3 Sentries","floor":14,"turns":11},{"damage":75,"enemies":"Slime Boss","floor":16,"turns":17}],"seed_played":"-6971298296025802011","potions_obtained":[{"floor":2,"key":"Poison Potion"},{"floor":11,"key":"LiquidBronze"},{"floor":12,"key":"Fire Potion"},{"floor":14,"key":"Energy Potion"}],"is_trial":false,"path_per_floor":["M","M","$","?","?","R","M","R","T","R","M","M","R","E","R","B"],"character_chosen":"IRONCLAD","items_purchased":["Shrug It Off"],"campfire_rested":0,"item_purchase_floors":[3],"current_hp_per_floor":[80,80,80,69,62,62,68,68,68,68,72,78,78,68,68,0],"gold":191,"neow_bonus":"THREE_ENEMY_KILL","is_prod":false,"is_daily":false,"chose_seed":false,"campfire_upgraded":5,"win_rate":0,"timestamp":1555708942,"path_taken":["M","M","?","?","?","R","M","R","T","R","M","M","R","E","R","BOSS"],"build_version":"2019-01-23","purchased_purges":1,"victory":false,"max_hp_per_floor":[80,80,80,80,80,80,80,80,80,80,80,80,80,80,80,80],"card_choices":[{"not_picked":["Flex","Anger"],"picked":"Pommel Strike","floor":1},{"not_picked":["Headbutt","Twin Strike"],"picked":"True Grit","floor":2},{"not_picked":["Perfected Strike","Cleave"],"picked":"Battle Trance","floor":7},{"not_picked":["Burning Pact","Rampage"],"picked":"Clothesline","floor":11},{"not_picked":["Sentinel","Flex"],"picked":"Armaments","floor":12},{"not_picked":["Exhume","Clash"],"picked":"Shockwave","floor":14}],"player_experience":676132,"relics_obtained":[{"floor":9,"key":"Omamori"},{"floor":14,"key":"Smiling Mask"}],"event_choices":[{"damage_healed":0,"gold_gain":75,"player_choice":"Gather Gold","damage_taken":11,"max_hp_gain":0,"max_hp_loss":0,"event_name":"World of Goop","floor":4,"gold_loss":0},{"cards_removed":["Strike_R"],"damage_healed":0,"gold_gain":0,"player_choice":"Card Removal","damage_taken":7,"max_hp_gain":0,"max_hp_loss":0,"event_name":"Golden Wing","floor":5,"gold_loss":0}],"is_beta":false,"boss_relics":[],"items_purged_floors":[3],"is_endless":false,"potions_floor_spawned":[2,11,12,14],"killed_by":"Slime Boss","ascension_level":0}