{"gold_per_floor":[112,157,170,190,190,190,210,210,210,17,33,59,59,13,13,118,118,135,66,84,9,23,54,54,71,152,185,185,39,39,39,39,137,137,156,175,75,175,175,210,210,228,228,282,282,310,310,25,25,25],"floor_reached":51,"playtime":2663,"items_purged":["Strike_G","Strike_G"],"score":1118,"play_id":"5ad15866-b3be-4881-96cd-b9fef2efd95a","local_time":"20190419042300","is_ascension_mode":true,"campfire_choices":[{"data":"Predator","floor":6,"key":"SMITH"},{"data":"Unload","floor":8,"key":"SMITH"},{"data":"Footwork","floor":13,"key":"SMITH"},{"data":"Skewer","floor":15,"key":"SMITH"},{"floor":24,"key":"REST"},{"floor":28,"key":"REST"},{"floor":32,"key":"REST"},{"floor":41,"key":"REST"},{"floor":45,"key":"REST"},{"floor":47,"key":"REST"},{"floor":49,"key":"REST"}],"neow_cost":"NONE","seed_source_timestamp":52777468259308,"circlet_count":0,"master_deck":["AscendersBane","Defend_G","Defend_G+1","Defend_G","Defend_G","Defend_G","Strike_G","Survivor","Neutralize","Unload+1","Predator+1","Leg Sweep","Neutralize","Footwork+1","PiercingWail+1","Predator","Skewer+1","Flying Knee","Adrenaline","Dagger Spray","Noxious Fumes+1","Dash","PiercingWail","Dash","Tools of the Trade+1","Caltrops+1","Noxious Fumes+1","After Image+1","Caltrops+1","Well Laid Plans+1","PiercingWail"],"relics":["Ring of the Snake","Strawberry","FossilizedHelix","Frozen Egg 2","Black Star","Du-Vu Doll","Nunchaku","Ornamental Fan","Sundial","Vajra","PreservedInsect","Runic Dome","StoneCalendar","Centennial Puzzle","Matryoshka","War Paint","Gremlin Horn","Incense Burner","Potion Belt","Molten Egg 2","Oddly Smooth Stone"],"potions_floor_usage":[23,33,33,40,44],"damage_taken":[{"damage":0,"enemies":"Cultist","floor":1,"turns":4},{"damage":7,"enemies":"Jaw Worm","floor":3,"turns":4},{"damage":0,"enemies":"2 Louse","floor":4,"turns":3},{"damage":2,"enemies":"Red Slaver","floor":7,"turns":6},{"damage":0,"enemies":"2 Fungi Beasts","floor":11,"turns":3},{"damage":19,"enemies":"Lagavulin","floor":12,"turns":10},{"damage":18,"enemies":"Hexaghost","floor":16,"turns":15},{"damage":0,"enemies":"Chosen","floor":18,"turns":4},{"damage":5,"enemies":"3 Byrds","floor":20,"turns":3},{"damage":12,"enemies":"Centurion and Healer","floor":22,"turns":9},{"damage":13,"enemies":"Gremlin Leader","floor":23,"turns":9},{"damage":5,"enemies":"Shelled Parasite and Fungi","floor":25,"turns":7},{"damage":51,"enemies":"Book of Stabbing","floor":27,"turns":9},{"damage":35,"enemies":"Collector","floor":33,"turns":10},{"damage":0,"enemies":"3 Shapes","floor":35,"turns":3},{"damage":10,"enemies":"3 Darklings","floor":36,"turns":9},{"damage":0,"enemies":"Mind Bloom Boss Battle","floor":38,"turns":5},{"damage":17,"enemies":"Nemesis","floor":40,"turns":7},{"damage":5,"enemies":"4 Shapes","floor":42,"turns":7},{"damage":34,"enemies":"2 Orb Walkers","floor":44,"turns":5},{"damage":14,"enemies":"Giant Head","floor":46,"turns":8},{"damage":12,"enemies":"Time Eater","floor":50,"turns":13}],"seed_played":"-6745736242181466464","potions_obtained":[{"floor":4,"key":"LiquidBronze"},{"floor":11,"key":"Ancient Potion"},{"floor":12,"key":"PowerPotion"},{"floor":22,"key":"GhostInAJar"},{"floor":25,"key":"Poison Potion"},{"floor":36,"key":"AttackPotion"},{"floor":38,"key":"SteroidPotion"},{"floor":42,"key":"GamblersBrew"}],"is_trial":false,"path_per_floor":["M","T","M","M","?","R","M","R","T","$","M","E","R","$","R","B",null,"M","$","M","?","M","E","R","M","T","E","R","$","?","?","R","B",null,"M","M","$","?","?","E","R","M","T","?","R","E","R","$","R","B",null],"character_chosen":"THE_SILENT","items_purchased":["Footwork","PiercingWail","Flying Knee","Noxious Fumes+1","PreservedInsect","Well Laid Plans+1","PiercingWail","Oddly Smooth Stone"],"campfire_rested":7,"item_purchase_floors":[10,10,14,19,29,48,48,48],"current_hp_per_floor":[63,70,63,63,63,63,61,61,61,61,61,42,42,42,42,24,64,64,64,59,59,47,34,57,52,52,1,24,24,24,24,47,12,61,61,51,51,51,51,34,57,52,52,18,41,27,50,50,73,61],"gold":25,"neow_bonus":"ONE_RANDOM_RARE_CARD","is_prod":false,"is_daily":false,"chose_seed":false,"campfire_upgraded":4,"win_rate":0,"timestamp":1555658580,"path_taken":["M","?","?","M","?","R","?","R","T","$","M","E","R","$","R","BOSS","M","$","M","?","M","E","R","M","T","E","R","$","?","?","R","BOSS","M","M","$","?","?","E","R","?","T","?","R","E","R","$","R","BOSS"],"build_version":"2019-01-23","purchased_purges":2,"victory":true,"max_hp_per_floor":[70,77,77,77,77,77,77,77,77,77,77,77,77,77,77,77,77,77,77,77,77,77,77,77,77,77,77,77,77,77,77,77,77,77,77,77,77,77,77,77,77,77,77,77,77,77,77,77,77,77],"card_choices":[{"not_picked":["Outmaneuver","Catalyst"],"picked":"Predator","floor":1},{"not_picked":["Acrobatics","Slice"],"picked":"Leg Sweep","floor":3},{"not_picked":["Distraction","Endless Agony","Masterful Stab"],"picked":"SKIP","floor":4},{"not_picked":["Deflect","Finisher","Flechettes"],"picked":"SKIP","floor":7},{"not_picked":["Slice","Storm of Steel"],"picked":"Predator","floor":11},{"not_picked":["Backflip","Catalyst"],"picked":"Skewer","floor":12},{"not_picked":["Tools of the Trade+1","Malaise"],"picked":"Adrenaline","floor":16},{"not_picked":["Blur","Backflip"],"picked":"Dagger Spray","floor":18},{"not_picked":["Bouncing Flask","Reflex"],"picked":"Dash","floor":20},{"not_picked":["Concentrate","Poisoned Stab"],"picked":"PiercingWail","floor":22},{"not_picked":["Deflect","Flechettes","Blade Dance"],"picked":"SKIP","floor":23},{"not_picked":["Underhanded Strike","Tactician"],"picked":"Dash","floor":25},{"not_picked":["Terror","Dagger Throw+1","Cloak And Dagger"],"picked":"SKIP","floor":27},{"not_picked":["A Thousand Cuts+1","Phantasmal Killer"],"picked":"Tools of the Trade+1","floor":33},{"not_picked":["Escape Plan","Expertise+1","Cloak And Dagger+1"],"picked":"SKIP","floor":35},{"not_picked":["Quick Slash","Flying Knee+1"],"picked":"Caltrops+1","floor":36},{"not_picked":["Deadly Poison","Calculated Gamble"],"picked":"Noxious Fumes+1","floor":38},{"not_picked":["Dodge and Roll+1","Backflip+1"],"picked":"After Image+1","floor":40},{"not_picked":["Underhanded Strike","Dagger Spray+1"],"picked":"Caltrops+1","floor":42},{"not_picked":["Infinite Blades+1","Acrobatics","Concentrate"],"picked":"SKIP","floor":46}],"player_experience":665281,"relics_obtained":[{"floor":2,"key":"Strawberry"},{"floor":9,"key":"FossilizedHelix"},{"floor":12,"key":"Frozen Egg 2"},{"floor":23,"key":"Du-Vu Doll"},{"floor":23,"key":"Nunchaku"},{"floor":26,"key":"Ornamental Fan"},{"floor":27,"key":"Sundial"},{"floor":27,"key":"Vajra"},{"floor":38,"key":"StoneCalendar"},{"floor":40,"key":"Centennial Puzzle"},{"floor":40,"key":"Matryoshka"},{"floor":43,"key":"War Paint"},{"floor":43,"key":"Gremlin Horn"},{"floor":44,"key":"Incense Burner"},{"floor":46,"key":"Potion Belt"},{"floor":46,"key":"Molten Egg 2"}],"event_choices":[{"damage_healed":0,"gold_gain":0,"player_choice":"1 cards matched","damage_taken":0,"max_hp_gain":0,"max_hp_loss":0,"event_name":"Match and Keep!","floor":5,"gold_loss":0,"cards_obtained":["Neutralize"]},{"cards_removed":["Strike_G"],"damage_healed":0,"gold_gain":0,"player_choice":"Gave Gold","damage_taken":0,"max_hp_gain":0,"max_hp_loss":0,"event_name":"Beggar","floor":21,"gold_loss":75},{"damage_healed":0,"gold_gain":0,"player_choice":"Ignored","damage_taken":0,"max_hp_gain":0,"max_hp_loss":0,"event_name":"Ghosts","floor":30,"gold_loss":0},{"damage_healed":0,"gold_gain":0,"player_choice":"Leave","damage_taken":0,"max_hp_gain":0,"max_hp_loss":0,"event_name":"FaceTrader","floor":31,"gold_loss":0},{"damage_healed":0,"gold_gain":0,"player_choice":"Fight","damage_taken":0,"max_hp_gain":0,"max_hp_loss":0,"event_name":"MindBloom","floor":38,"gold_loss":0},{"cards_removed":["Strike_G"],"damage_healed":0,"gold_gain":0,"player_choice":"Purged","damage_taken":0,"max_hp_gain":0,"max_hp_loss":0,"event_name":"Purifier","floor":39,"gold_loss":0},{"damage_healed":0,"gold_gain":0,"player_choice":"Fight","damage_taken":0,"max_hp_gain":0,"max_hp_loss":0,"event_name":"Mysterious Sphere","floor":44,"gold_loss":0}],"is_beta":false,"boss_relics":[{"not_picked":["Calling Bell","HoveringKite"],"picked":"Black Star"},{"not_picked":["Tiny House","WristBlade"],"picked":"Runic Dome"}],"items_purged_floors":[10,37],"is_endless":false,"potions_floor_spawned":[4,11,12,20,22,25,36,38,42],"ascension_level":11}