{"gold_per_floor":[115,265,265,16,32,32,61,61,142,159,169,183,183,212,212,285,335,345,63,63,35,35,35,70,88,111,124,124,124,124],"floor_reached":30,"playtime":1098,"items_purged":["Doubt"],"score":512,"play_id":"712c19e9-7bf8-4ba7-b6fd-6e997f9d7dfa","local_time":"20190208154829","is_ascension_mode":true,"campfire_choices":[{"data":"Glass Knife","floor":6,"key":"SMITH"},{"data":"Deadly Poison","floor":8,"key":"SMITH"},{"data":"Dagger Spray","floor":13,"key":"SMITH"},{"data":"Neutralize","floor":15,"key":"SMITH"},{"data":"Ghostly","floor":23,"key":"SMITH"}],"neow_cost":"NONE","seed_source_timestamp":879533741314145,"circlet_count":0,"master_deck":["AscendersBane","Defend_G","Defend_G","Defend_G","Defend_G","Defend_G","Strike_G","Strike_G+1","Survivor","Neutralize+1","Backstab","Glass Knife+1","Blur","Deadly Poison+1","Escape Plan","Dagger Spray+1","Poisoned Stab","Blur","Night Terror","Acrobatics","PiercingWail","Ghostly+1","Ghostly","Ghostly","Noxious Fumes","Crippling Poison","Dodge and Roll","Glass Knife"],"relics":["Ring of the Snake","Strawberry","Question Card","Mummified Hand","Juzu Bracelet","Tiny House","Gremlin Horn","Meat on the Bone","Pen Nib"],"potions_floor_usage":[7,14,24,24,27,30],"damage_taken":[{"damage":4,"enemies":"Small Slimes","floor":1,"turns":6},{"damage":0,"enemies":"Cultist","floor":5,"turns":3},{"damage":12,"enemies":"Lagavulin","floor":7,"turns":6},{"damage":0,"enemies":"Jaw Worm","floor":10,"turns":3},{"damage":0,"enemies":"Blue Slaver","floor":11,"turns":3},{"damage":9,"enemies":"Red Slaver","floor":12,"turns":2},{"damage":4,"enemies":"3 Sentries","floor":14,"turns":7},{"damage":28,"enemies":"The Guardian","floor":16,"turns":11},{"damage":24,"enemies":"Spheric Guardian","floor":18,"turns":5},{"damage":4,"enemies":"Gremlin Leader","floor":24,"turns":10},{"damage":18,"enemies":"Shell Parasite","floor":25,"turns":7},{"damage":2,"enemies":"Snecko","floor":27,"turns":7},{"damage":47,"enemies":"Book of Stabbing","floor":30,"turns":6}],"seed_played":"2202220666828524461","potions_obtained":[{"floor":1,"key":"FairyPotion"},{"floor":3,"key":"Dexterity Potion"},{"floor":3,"key":"SpeedPotion"},{"floor":5,"key":"Fire Potion"},{"floor":12,"key":"Fire Potion"},{"floor":14,"key":"Energy Potion"},{"floor":25,"key":"SkillPotion"},{"floor":27,"key":"Regen Potion"}],"is_trial":false,"path_per_floor":["M","?","?","$","M","R","E","R","T","M","M","M","R","E","R","B",null,"M","$","?","$","?","R","E","M","T","M","?","?","E"],"character_chosen":"THE_SILENT","items_purchased":["Glass Knife","Gremlin Horn","PiercingWail"],"campfire_rested":0,"item_purchase_floors":[4,19,21],"current_hp_per_floor":[62,62,62,62,62,62,50,50,50,50,50,41,41,37,37,9,62,38,38,38,38,38,38,34,28,28,26,26,26,0],"gold":124,"neow_bonus":"RANDOM_COMMON_RELIC","is_prod":false,"is_daily":false,"chose_seed":false,"campfire_upgraded":5,"win_rate":0,"timestamp":1549637309,"path_taken":["M","?","?","$","M","R","E","R","T","M","M","M","R","E","R","BOSS","M","?","?","$","?","R","E","M","T","M","?","?","E"],"build_version":"2019-01-23","purchased_purges":1,"victory":false,"max_hp_per_floor":[73,73,73,73,73,73,73,73,73,73,73,73,73,73,73,73,78,78,78,78,78,39,39,39,39,39,39,39,39,39],"card_choices":[{"not_picked":["Caltrops","Choke"],"picked":"Backstab","floor":1},{"not_picked":["Infinite Blades","Sucker Punch"],"picked":"Blur","floor":5},{"not_picked":["Bane","Underhanded Strike"],"picked":"Deadly Poison","floor":7},{"not_picked":["Distraction","Deflect","Backflip"],"picked":"Escape Plan","floor":10},{"not_picked":["Quick Slash","Cloak And Dagger","Crippling Poison"],"picked":"Dagger Spray","floor":11},{"not_picked":["Infinite Blades","Cloak And Dagger","Underhanded Strike"],"picked":"Poisoned Stab","floor":12},{"not_picked":["Flechettes","Dagger Throw","Cloak And Dagger"],"picked":"Blur","floor":14},{"not_picked":["Unload","Doppelganger","Storm of Steel"],"picked":"Night Terror","floor":16},{"not_picked":["Underhanded Strike","Tactician","Dagger Throw"],"picked":"Acrobatics","floor":17},{"not_picked":["Blade Dance","Flying Knee","Accuracy","Acrobatics+1"],"picked":"SKIP","floor":18},{"not_picked":["Deflect","Concentrate","Choke"],"picked":"Noxious Fumes","floor":24},{"not_picked":["Outmaneuver","Quick Slash","Riddle With Holes","Choke"],"picked":"SKIP","floor":25},{"not_picked":["Acrobatics","Calculated Gamble","Tactician"],"picked":"Crippling Poison","floor":27}],"player_experience":1319711,"relics_obtained":[{"floor":7,"key":"Question Card"},{"floor":9,"key":"Mummified Hand"},{"floor":14,"key":"Juzu Bracelet"},{"floor":24,"key":"Meat on the Bone"},{"floor":26,"key":"Pen Nib"}],"event_choices":[{"damage_healed":0,"gold_gain":150,"player_choice":"AGREE","damage_taken":0,"max_hp_gain":0,"max_hp_loss":0,"event_name":"Liars Game","floor":2,"gold_loss":0,"cards_obtained":["Doubt"]},{"damage_healed":0,"gold_gain":0,"player_choice":"Got Potions","damage_taken":0,"max_hp_gain":0,"max_hp_loss":0,"event_name":"Lab","floor":3,"gold_loss":0},{"damage_healed":0,"gold_gain":0,"player_choice":"Ignored","damage_taken":0,"max_hp_gain":0,"max_hp_loss":0,"event_name":"Beggar","floor":20,"gold_loss":0},{"damage_healed":0,"gold_gain":0,"player_choice":"Became a Ghost","damage_taken":0,"max_hp_gain":0,"max_hp_loss":39,"event_name":"Ghosts","floor":22,"gold_loss":0,"cards_obtained":["Ghostly","Ghostly","Ghostly"]},{"cards_removed":["Strike_G"],"damage_healed":0,"gold_gain":0,"player_choice":"Offered Basic","damage_taken":0,"max_hp_gain":0,"max_hp_loss":0,"event_name":"Bonfire Elementals","floor":28,"gold_loss":0},{"damage_healed":0,"gold_gain":0,"cards_transformed":["Strike_G","Strike_G"],"player_choice":"Became Test Subject","damage_taken":0,"max_hp_gain":0,"max_hp_loss":0,"event_name":"Drug Dealer","floor":29,"gold_loss":0,"cards_obtained":["Dodge and Roll","Glass Knife"]}],"is_beta":false,"boss_relics":[{"not_picked":["HoveringKite","Runic Dome"],"picked":"Tiny House"}],"items_purged_floors":[4],"is_endless":false,"potions_floor_spawned":[1,5,12,14,25,27],"killed_by":"Book of Stabbing","ascension_level":20}