{"gold_per_floor":[115,133,148,166,20,49,59,77,101,176,176,192,223,234,234,334,334,347,365,109,209,209,222,222,137,137,137,12,32,32,32,32,32],"floor_reached":33,"playtime":943,"items_purged":["Strike_R","Strike_R","Strike_R"],"score":259,"play_id":"8e2e80b0-679d-4e7a-8fa7-a8215fd7c521","local_time":"20190410171238","is_ascension_mode":false,"campfire_choices":[{"data":"Rampage","floor":11,"key":"SMITH"},{"floor":15,"key":"REST"},{"floor":24,"key":"REST"},{"data":"Bash","floor":27,"key":"SMITH"},{"data":"Feed","floor":30,"key":"SMITH"},{"floor":32,"key":"REST"}],"neow_cost":"NONE","seed_source_timestamp":466720024448300,"circlet_count":0,"master_deck":["Strike_R+1","Strike_R+1","Defend_R","Defend_R","Defend_R","Bash+1","Rampage+1","Feed+1"],"relics":["Burning Blood","Self Forming Clay","Boot","Anchor","Sozu","Whetstone","Pocketwatch","Mercury Hourglass","Orichalcum","Omamori"],"potions_floor_usage":[8,13,16,19],"damage_taken":[{"damage":1,"enemies":"Cultist","floor":1,"turns":3},{"damage":6,"enemies":"2 Louse","floor":2,"turns":4},{"damage":0,"enemies":"Small Slimes","floor":3,"turns":3},{"damage":12,"enemies":"3 Louse","floor":4,"turns":3},{"damage":20,"enemies":"Gremlin Nob","floor":6,"turns":4},{"damage":11,"enemies":"Exordium Wildlife","floor":7,"turns":5},{"damage":6,"enemies":"Blue Slaver","floor":8,"turns":4},{"damage":17,"enemies":"Gremlin Gang","floor":12,"turns":5},{"damage":20,"enemies":"3 Sentries","floor":13,"turns":8},{"damage":4,"enemies":"Exordium Wildlife","floor":14,"turns":5},{"damage":23,"enemies":"Slime Boss","floor":16,"turns":7},{"damage":5,"enemies":"Chosen","floor":18,"turns":4},{"damage":12,"enemies":"2 Thieves","floor":19,"turns":4},{"damage":26,"enemies":"Colosseum Slavers","floor":21,"turns":5},{"damage":27,"enemies":"Colosseum Nobs","floor":21,"turns":5},{"damage":7,"enemies":"3 Cultists","floor":23,"turns":4},{"damage":12,"enemies":"Shelled Parasite and Fungi","floor":29,"turns":4},{"damage":63,"enemies":"Champ","floor":33,"turns":9}],"seed_played":"1978727910842743166","potions_obtained":[{"floor":6,"key":"Weak Potion"},{"floor":7,"key":"BloodPotion"},{"floor":12,"key":"Block Potion"},{"floor":13,"key":"Block Potion"},{"floor":14,"key":"GamblersBrew"}],"is_trial":false,"path_per_floor":["M","M","M","M","$","E","M","M","T","?","R","M","E","M","R","B",null,"M","M","$","?","?","M","R","?","T","R","$","M","R","?","R","B"],"character_chosen":"IRONCLAD","items_purchased":["Rampage","Whetstone"],"campfire_rested":3,"item_purchase_floors":[5,20],"current_hp_per_floor":[80,80,80,74,74,60,55,63,63,52,52,41,27,29,53,36,80,80,74,74,33,33,32,56,56,56,56,56,53,53,37,63,0],"gold":32,"neow_bonus":"REMOVE_CARD","is_prod":false,"is_daily":false,"chose_seed":false,"campfire_upgraded":3,"win_rate":0,"timestamp":1554909158,"path_taken":["M","M","M","M","$","E","M","M","T","?","R","M","E","M","R","BOSS","M","M","$","?","?","M","R","?","T","R","$","M","R","?","R","BOSS"],"build_version":"2019-01-23","purchased_purges":3,"victory":false,"max_hp_per_floor":[80,80,80,80,80,80,80,80,80,80,80,80,80,80,80,80,80,80,80,80,80,80,80,80,80,80,80,80,83,83,88,88,88],"card_choices":[{"not_picked":["Thunderclap","Havoc","Sword Boomerang"],"picked":"SKIP","floor":1},{"not_picked":["Seeing Red","Searing Blow","Disarm"],"picked":"SKIP","floor":2},{"not_picked":["Thunderclap","Impervious","Reckless Charge"],"picked":"SKIP","floor":3},{"not_picked":["Clothesline","Shrug It Off","Disarm"],"picked":"SKIP","floor":4},{"not_picked":["Anger","Sword Boomerang","Double Tap"],"picked":"SKIP","floor":6},{"not_picked":["Metallicize","Clash","Blood for Blood"],"picked":"SKIP","floor":7},{"not_picked":["Thunderclap","Iron Wave","Heavy Blade"],"picked":"SKIP","floor":8},{"not_picked":["Sword Boomerang","Twin Strike","Flex"],"picked":"SKIP","floor":12},{"not_picked":["Pommel Strike","Wild Strike","Flex"],"picked":"SKIP","floor":13},{"not_picked":["Wild Strike","Heavy Blade","Power Through"],"picked":"SKIP","floor":14},{"not_picked":["Clothesline+1","Iron Wave","Thunderclap"],"picked":"SKIP","floor":18},{"not_picked":["Cleave","Havoc+1","Inflame"],"picked":"SKIP","floor":19},{"not_picked":["Wild Strike+1","Twin Strike"],"picked":"Feed","floor":23},{"not_picked":["Rage","Clothesline","Wild Strike"],"picked":"SKIP","floor":29}],"player_experience":581947,"relics_obtained":[{"floor":6,"key":"Self Forming Clay"},{"floor":9,"key":"Boot"},{"floor":13,"key":"Anchor"},{"floor":21,"key":"Pocketwatch"},{"floor":21,"key":"Mercury Hourglass"},{"floor":26,"key":"Omamori"}],"event_choices":[{"damage_healed":0,"gold_gain":75,"player_choice":"Gather Gold","damage_taken":11,"max_hp_gain":0,"max_hp_loss":0,"event_name":"World of Goop","floor":10,"gold_loss":0},{"damage_healed":0,"gold_gain":0,"player_choice":"Fight","damage_taken":0,"max_hp_gain":0,"max_hp_loss":0,"event_name":"Colosseum","floor":21,"gold_loss":0},{"damage_healed":0,"gold_gain":0,"player_choice":"Fought Nobs","damage_taken":0,"max_hp_gain":0,"max_hp_loss":0,"event_name":"Colosseum","floor":21,"gold_loss":0},{"damage_healed":0,"gold_gain":0,"player_choice":"Ignored","damage_taken":0,"max_hp_gain":0,"max_hp_loss":0,"event_name":"Vampires","floor":22,"gold_loss":0},{"damage_healed":0,"gold_gain":0,"player_choice":"Obtained Relic","damage_taken":0,"relics_obtained":["Orichalcum"],"max_hp_gain":0,"max_hp_loss":0,"event_name":"Addict","floor":25,"gold_loss":85},{"damage_healed":0,"gold_gain":0,"player_choice":"Shed Blood","damage_taken":21,"max_hp_gain":5,"max_hp_loss":0,"event_name":"Forgotten Altar","floor":31,"gold_loss":0}],"is_beta":false,"boss_relics":[{"not_picked":["Runic Dome","Philosopher\u0027s Stone"],"picked":"Sozu"}],"items_purged_floors":[5,20,28],"is_endless":false,"potions_floor_spawned":[6,7,12,13,14,19,23],"killed_by":"Champ","ascension_level":0}