{"gold_per_floor":[118,118,83,103,127,168,186,186,210,166,184,257,54,54],"floor_reached":14,"playtime":666,"items_purged":["Strike_G"],"score":150,"play_id":"2f1a0184-17f5-4359-a931-1d236d788e4a","local_time":"20190416173027","is_ascension_mode":true,"campfire_choices":[{"data":"Malaise","floor":8,"key":"SMITH"}],"neow_cost":"NONE","seed_source_timestamp":7531219218327,"circlet_count":0,"master_deck":["AscendersBane","Defend_G","Defend_G","Defend_G","Defend_G","Defend_G","Strike_G","Strike_G","Strike_G","Strike_G","Survivor","Neutralize","Flying Knee","Malaise+1","Flying Knee","Leg Sweep","Caltrops"],"relics":["Ring of the Snake","Golden Idol","Ancient Tea Set","Smiling Mask","Tiny Chest"],"potions_floor_usage":[6,6,12],"damage_taken":[{"damage":5,"enemies":"2 Louse","floor":1,"turns":5},{"damage":2,"enemies":"Jaw Worm","floor":4,"turns":5},{"damage":4,"enemies":"Small Slimes","floor":5,"turns":4},{"damage":29,"enemies":"Gremlin Nob","floor":6,"turns":5},{"damage":3,"enemies":"Gremlin Gang","floor":7,"turns":8},{"damage":2,"enemies":"Exordium Wildlife","floor":11,"turns":6},{"damage":26,"enemies":"3 Sentries","floor":12,"turns":14},{"damage":7,"enemies":"Lagavulin","floor":14,"turns":11}],"seed_played":"-9106114538333834968","potions_obtained":[{"floor":4,"key":"Swift Potion"},{"floor":5,"key":"Weak Potion"},{"floor":7,"key":"GhostInAJar"}],"is_trial":false,"path_per_floor":["M","?","?","M","M","E","M","R","T","?","M","E","$","E"],"character_chosen":"THE_SILENT","items_purchased":["Leg Sweep","Caltrops"],"campfire_rested":0,"item_purchase_floors":[13,13],"current_hp_per_floor":[65,65,71,69,65,36,33,33,33,33,31,5,5,0],"gold":54,"neow_bonus":"TEN_PERCENT_HP_BONUS","is_prod":false,"is_daily":false,"chose_seed":false,"campfire_upgraded":1,"win_rate":0,"timestamp":1555446627,"path_taken":["M","?","?","M","M","E","M","R","T","?","M","E","$","E"],"build_version":"2019-01-23","purchased_purges":1,"victory":false,"max_hp_per_floor":[77,71,71,71,71,71,71,71,71,71,71,71,71,71],"card_choices":[{"not_picked":["Prepared","Infinite Blades","Escape Plan"],"picked":"SKIP","floor":1},{"not_picked":["Dagger Throw","Dodge and Roll"],"picked":"Flying Knee","floor":4},{"not_picked":["Escape Plan","Setup","Outmaneuver"],"picked":"SKIP","floor":5},{"not_picked":["All Out Attack","PiercingWail"],"picked":"Malaise","floor":6},{"not_picked":["Flechettes","Acrobatics","Distraction"],"picked":"SKIP","floor":7},{"not_picked":["Prepared","Deadly Poison"],"picked":"Flying Knee","floor":11},{"not_picked":["Accuracy","Poisoned Stab","Heel Hook"],"picked":"SKIP","floor":12}],"player_experience":645384,"relics_obtained":[{"floor":6,"key":"Ancient Tea Set"},{"floor":9,"key":"Smiling Mask"},{"floor":12,"key":"Tiny Chest"}],"event_choices":[{"damage_healed":0,"gold_gain":0,"player_choice":"Lose Max HP","damage_taken":0,"relics_obtained":["Golden Idol"],"max_hp_gain":0,"max_hp_loss":6,"event_name":"Golden Idol","floor":2,"gold_loss":0},{"damage_healed":17,"gold_gain":0,"player_choice":"Healed","damage_taken":0,"max_hp_gain":0,"max_hp_loss":0,"event_name":"The Cleric","floor":3,"gold_loss":35},{"damage_healed":0,"gold_gain":0,"player_choice":"Left Gold","damage_taken":0,"max_hp_gain":0,"max_hp_loss":0,"event_name":"World of Goop","floor":10,"gold_loss":44}],"is_beta":false,"boss_relics":[],"items_purged_floors":[13],"is_endless":false,"potions_floor_spawned":[4,5,7],"killed_by":"Lagavulin","ascension_level":10}