{"gold_per_floor":[19,35,35,48,48,48,63,63,88,88,123,141,167,180,180,284,284,303,303,147,147,167,167,192,205,205,215,215,231,251,261,261,261],"floor_reached":33,"playtime":1585,"items_purged":["Strike_R"],"score":306,"play_id":"d9744408-f63a-4bf0-982f-554808ead516","local_time":"20190323140933","is_ascension_mode":false,"campfire_choices":[{"data":"Pommel Strike","floor":6,"key":"SMITH"},{"data":"Armaments","floor":8,"key":"SMITH"},{"data":"Uppercut","floor":15,"key":"SMITH"},{"data":"Shockwave","floor":23,"key":"SMITH"},{"data":"Immolate","floor":28,"key":"SMITH"},{"data":"Spot Weakness","floor":32,"key":"SMITH"}],"neow_cost":"NO_GOLD","seed_source_timestamp":1075313038264,"circlet_count":0,"master_deck":["Strike_R","Strike_R+1","Strike_R","Strike_R+1","Defend_R","Defend_R","Defend_R","Defend_R","Bash+1","Shrug It Off","Pommel Strike+1","Armaments+1","Uppercut+1","Shockwave+1","Pommel Strike","Immolate+1","Pommel Strike+1","Dramatic Entrance","Dramatic Entrance","Shrug It Off+1","Iron Wave","Spot Weakness+1"],"relics":["Burning Blood","Bag of Preparation","Art of War","Kunai","Lizard Tail","Whetstone","Meat on the Bone"],"potions_floor_usage":[11],"damage_taken":[{"damage":6,"enemies":"Jaw Worm","floor":1,"turns":5},{"damage":0,"enemies":"Small Slimes","floor":2,"turns":3},{"damage":1,"enemies":"Cultist","floor":4,"turns":4},{"damage":0,"enemies":"Exordium Wildlife","floor":7,"turns":5},{"damage":25,"enemies":"3 Sentries","floor":11,"turns":10},{"damage":14,"enemies":"Gremlin Gang","floor":12,"turns":5},{"damage":24,"enemies":"Gremlin Nob","floor":13,"turns":4},{"damage":7,"enemies":"Looter","floor":14,"turns":3},{"damage":48,"enemies":"The Guardian","floor":16,"turns":12},{"damage":35,"enemies":"2 Thieves","floor":18,"turns":4},{"damage":10,"enemies":"Shell Parasite","floor":22,"turns":9},{"damage":39,"enemies":"Gremlin Leader","floor":24,"turns":9},{"damage":13,"enemies":"Snake Plant","floor":25,"turns":5},{"damage":10,"enemies":"Centurion and Healer","floor":27,"turns":3},{"damage":14,"enemies":"Shelled Parasite and Fungi","floor":29,"turns":8},{"damage":0,"enemies":"Chosen and Byrds","floor":30,"turns":4},{"damage":9,"enemies":"3 Cultists","floor":31,"turns":5},{"damage":114,"enemies":"Collector","floor":33,"turns":13}],"seed_played":"-4727948316645316487","potions_obtained":[{"floor":2,"key":"SkillPotion"},{"floor":4,"key":"Weak Potion"},{"floor":7,"key":"Swift Potion"},{"floor":10,"key":"Fruit Juice"},{"floor":12,"key":"LiquidBronze"}],"is_trial":false,"path_per_floor":["M","M","?","M","?","R","M","R","T","?","E","M","E","M","R","B",null,"M","?","$","?","M","R","E","M","T","M","R","M","M","M","R","B"],"character_chosen":"IRONCLAD","items_purchased":["Dramatic Entrance"],"campfire_rested":0,"item_purchase_floors":[20],"current_hp_per_floor":[96,96,96,96,96,96,96,96,96,96,82,74,56,55,55,13,101,72,72,72,72,68,68,35,28,28,36,36,40,58,67,67,4],"gold":261,"neow_bonus":"TWENTY_PERCENT_HP_BONUS","is_prod":false,"is_daily":false,"chose_seed":false,"campfire_upgraded":6,"win_rate":0,"timestamp":1553360973,"path_taken":["M","M","?","M","?","R","M","R","T","?","E","M","E","M","R","BOSS","M","?","$","?","M","R","E","M","T","M","R","?","M","M","R","BOSS"],"build_version":"2019-01-23","purchased_purges":1,"victory":false,"max_hp_per_floor":[96,96,96,96,96,96,96,96,96,96,101,101,101,101,101,101,101,101,101,101,101,101,101,101,101,101,101,101,101,101,101,101,101],"card_choices":[{"not_picked":["Cleave","Entrench"],"picked":"Shrug It Off","floor":1},{"not_picked":["Bloodletting","Heavy Blade","Feel No Pain"],"picked":"SKIP","floor":2},{"not_picked":["Havoc","Twin Strike"],"picked":"Pommel Strike","floor":4},{"not_picked":["Fire Breathing","Heavy Blade"],"picked":"Armaments","floor":7},{"not_picked":["Pummel","Rage"],"picked":"Uppercut","floor":11},{"not_picked":["Thunderclap","Body Slam"],"picked":"Shockwave","floor":12},{"not_picked":["Heavy Blade","Bloodletting","Berserk"],"picked":"SKIP","floor":13},{"not_picked":["Cleave","Perfected Strike"],"picked":"Pommel Strike","floor":14},{"not_picked":["Demon Form","Brutality"],"picked":"Immolate","floor":16},{"not_picked":["Metallicize","Twin Strike"],"picked":"Pommel Strike+1","floor":18},{"not_picked":["Sword Boomerang+1","Bloodletting"],"picked":"Shrug It Off+1","floor":22},{"not_picked":["Hemokinesis","Entrench","Flex"],"picked":"SKIP","floor":24},{"not_picked":["Carnage+1","Hemokinesis","Warcry"],"picked":"SKIP","floor":25},{"not_picked":["Heavy Blade","Feel No Pain"],"picked":"Iron Wave","floor":27},{"not_picked":["Burning Pact","Sentinel+1","Reaper"],"picked":"SKIP","floor":29},{"not_picked":["Heavy Blade","Clash+1"],"picked":"Spot Weakness","floor":30},{"not_picked":["Twin Strike","Clash","Hemokinesis+1"],"picked":"SKIP","floor":31}],"player_experience":355098,"relics_obtained":[{"floor":9,"key":"Bag of Preparation"},{"floor":11,"key":"Art of War"},{"floor":13,"key":"Kunai"},{"floor":24,"key":"Whetstone"},{"floor":26,"key":"Meat on the Bone"}],"event_choices":[{"damage_healed":0,"gold_gain":0,"player_choice":"Grow","damage_taken":0,"max_hp_gain":0,"max_hp_loss":0,"event_name":"Living Wall","floor":3,"gold_loss":0,"cards_upgraded":["Bash"]},{"damage_healed":0,"gold_gain":0,"player_choice":"Ignored","damage_taken":0,"max_hp_gain":0,"max_hp_loss":0,"event_name":"Liars Game","floor":5,"gold_loss":0},{"damage_healed":0,"gold_gain":0,"player_choice":"Got Potions","damage_taken":0,"max_hp_gain":0,"max_hp_loss":0,"event_name":"Lab","floor":10,"gold_loss":0},{"damage_healed":0,"gold_gain":0,"player_choice":"Ignored","damage_taken":0,"max_hp_gain":0,"max_hp_loss":0,"event_name":"Ghosts","floor":19,"gold_loss":0},{"damage_healed":0,"gold_gain":0,"player_choice":"Copied","damage_taken":0,"max_hp_gain":0,"max_hp_loss":0,"event_name":"Duplicator","floor":21,"gold_loss":0,"cards_obtained":["Dramatic Entrance"]}],"is_beta":false,"boss_relics":[{"not_picked":["Runic Dome","Coffee Dripper"],"picked":"Lizard Tail"}],"items_purged_floors":[20],"is_endless":false,"potions_floor_spawned":[2,4,7,12,16,22,24,29],"killed_by":"Collector","ascension_level":0}