{"gold_per_floor":[110,130,130,55,5,5,39,39,39,65,65,65,99,118,118,118],"floor_reached":16,"playtime":430,"items_purged":["Defend_R"],"score":226,"play_id":"f15851b9-5296-49f7-9e20-21025bda4ef6","local_time":"20190418015849","is_ascension_mode":true,"campfire_choices":[{"data":"Corruption","floor":8,"key":"SMITH"},{"data":"Flame Barrier","floor":15,"key":"SMITH"}],"neow_cost":"NONE","seed_source_timestamp":119677695794705,"circlet_count":0,"master_deck":["AscendersBane","Strike_R","Strike_R","Strike_R+1","Strike_R","Defend_R","Defend_R","Defend_R","Bash+1","Clash","Seeing Red+1","Corruption+1","Flame Barrier+1"],"relics":["Burning Blood","NeowsBlessing","Thread and Needle","The Courier","Dream Catcher","Dodecahedron","Omamori"],"potions_floor_usage":[13],"damage_taken":[{"damage":0,"enemies":"2 Louse","floor":1,"turns":1},{"damage":0,"enemies":"Jaw Worm","floor":2,"turns":1},{"damage":0,"enemies":"Lagavulin","floor":7,"turns":1},{"damage":25,"enemies":"Gremlin Nob","floor":10,"turns":4},{"damage":18,"enemies":"Lagavulin","floor":13,"turns":4},{"damage":3,"enemies":"Small Slimes","floor":14,"turns":3},{"damage":38,"enemies":"Hexaghost","floor":16,"turns":8}],"seed_played":"129926810811543352","potions_obtained":[{"floor":7,"key":"GamblersBrew"},{"floor":13,"key":"Dexterity Potion"}],"is_trial":false,"path_per_floor":["?","?","?","?","?"],"character_chosen":"IRONCLAD","items_purchased":[],"campfire_rested":0,"item_purchase_floors":[],"current_hp_per_floor":[78,80,80,80,80,68,74,74,74,55,60,43,31,34,34,0],"gold":118,"neow_bonus":"THREE_ENEMY_KILL","is_prod":false,"is_daily":false,"chose_seed":false,"campfire_upgraded":2,"win_rate":0,"timestamp":1555527529,"path_taken":["M","M","?","$","?","?","E","R","T","E","?","?","E","M","R","BOSS"],"build_version":"2019-01-23","purchased_purges":1,"victory":false,"max_hp_per_floor":[80,80,80,80,80,80,80,80,80,80,85,85,85,85,85,85],"card_choices":[{"not_picked":["Sword Boomerang","Thunderclap"],"picked":"Clash","floor":1},{"not_picked":["Armaments","Thunderclap"],"picked":"Seeing Red","floor":2},{"not_picked":["Evolve","Reckless Charge"],"picked":"Corruption","floor":7},{"not_picked":["Sword Boomerang","Flex","Limit Break"],"picked":"SKIP","floor":10},{"not_picked":["Cleave","Clash"],"picked":"Flame Barrier","floor":13},{"not_picked":["Clothesline","Twin Strike","Sever Soul"],"picked":"SKIP","floor":14}],"player_experience":258673,"relics_obtained":[{"floor":7,"key":"The Courier"},{"floor":9,"key":"Dream Catcher"},{"floor":10,"key":"Dodecahedron"},{"floor":13,"key":"Omamori"}],"event_choices":[{"damage_healed":0,"gold_gain":0,"player_choice":"Grow","damage_taken":0,"max_hp_gain":0,"max_hp_loss":0,"event_name":"Living Wall","floor":3,"gold_loss":0,"cards_upgraded":["Bash"]},{"cards_removed":["Strike_R"],"damage_healed":0,"gold_gain":0,"player_choice":"Card Removal","damage_taken":0,"max_hp_gain":0,"max_hp_loss":0,"event_name":"The Cleric","floor":5,"gold_loss":50},{"damage_healed":0,"gold_gain":0,"player_choice":"Success","damage_taken":12,"relics_obtained":["Thread and Needle"],"max_hp_gain":0,"max_hp_loss":0,"event_name":"Scrap Ooze","floor":6,"gold_loss":0},{"damage_healed":0,"gold_gain":0,"player_choice":"Donut","damage_taken":0,"max_hp_gain":5,"max_hp_loss":0,"event_name":"Big Fish","floor":11,"gold_loss":0},{"damage_healed":0,"gold_gain":0,"player_choice":"Entered Light","damage_taken":17,"max_hp_gain":0,"max_hp_loss":0,"event_name":"Shining Light","floor":12,"gold_loss":0,"cards_upgraded":["Seeing Red","Strike_R"]}],"is_beta":false,"boss_relics":[],"items_purged_floors":[4],"is_endless":false,"potions_floor_spawned":[7,13],"killed_by":"Hexaghost","ascension_level":12}