{"path_per_floor":["M","M","$","?","M","R","M","R","T","M","M","M","M","?","R","B",null,"M","M","$","M","M","R","E","R","T","M","R","M","M","$","R","B",null,"M","?","M","M","$","R","?","R","T","M","R","M","R","$","R"],"character_chosen":"THE_SILENT","items_purchased":["Flying Knee","Regen Potion","Bag of Marbles","Infinite Blades","Distraction","Blade Dance","Medical Kit","Expertise","Sucker Punch"],"gold_per_floor":[114,132,35,35,48,48,59,59,85,102,115,127,144,144,144,243,273,293,313,22,42,57,57,88,88,88,99,99,109,127,25,25,121,121,137,237,253,272,13,13,0,0,24,38,38,56,56,4,4],"floor_reached":50,"campfire_rested":6,"playtime":7554,"current_hp_per_floor":[69,64,64,64,64,64,64,64,64,54,54,50,50,50,50,31,75,62,52,52,37,30,52,41,63,63,65,65,61,63,63,63,18,75,49,49,20,4,4,26,26,48,48,25,47,47,69,69,69],"items_purged":["Regret"],"gold":4,"score":435,"play_id":"4c6cacf6-7100-49e8-a185-0710c0386108","is_prod":false,"is_daily":false,"is_ascension_mode":false,"campfire_upgraded":6,"path_taken":["M","M","$","?","M","R","M","R","T","?","M","M","M","?","R","BOSS","M","M","$","M","?","R","E","R","T","M","R","M","M","$","R","BOSS","M","?","M","M","$","R","?","R","T","M","R","M","R","?","R","BOSS"],"build_version":"2018-02-08-PROD1","purchased_purges":1,"victory":false,"master_deck":["Defend_G","Defend_G","Defend_G","Defend_G","Defend_G","Strike_G","Strike_G","Strike_G","Strike_G","Survivor","Neutralize","Choke","Backstab+1","Flying Knee","Dagger Spray+1","Deflect","Envenom+1","Flying Knee","Blur","Finisher","Phantasmal Killer+1","Dash","Deadly Poison","Blade Dance+1","Infinite Blades","Deadly Poison+1","Endless Agony+1","Sucker Punch+1","Dagger Spray+1","Caltrops","Choke","Distraction+1","Blade Dance","Die Die Die","Backflip+1","Finisher+1","Deflect","Slice+1","Predator","Quick Slash","Adrenaline","Heel Hook+1","Expertise","Dagger Spray","Dash","Sucker Punch"],"max_hp_per_floor":[70,70,70,70,70,70,70,70,70,70,70,70,70,70,70,70,75,75,75,75,75,75,75,75,75,75,75,75,75,75,75,75,75,75,75,75,75,75,75,75,75,75,75,75,75,75,75,75,75],"relics":["Ring of the Snake","Snake Skull","Blood Vial","Tiny House","Bag of Marbles","Orichalcum","Torii","Orrery","Medical Kit","Red Mask","Oddly Smooth Stone"],"card_choices":[{"not_picked":["Acrobatics","Endless Agony"],"picked":"Choke"},{"not_picked":["Acrobatics","Blade Dance"],"picked":"Backstab"},{"not_picked":["Dagger Throw","Backflip"],"picked":"Dagger Spray"},{"not_picked":["Heel Hook","Eviscerate"],"picked":"Deflect"},{"not_picked":["Quick Slash","Dagger Spray"],"picked":"Envenom"},{"not_picked":["Quick Slash","Skewer"],"picked":"Flying Knee"},{"not_picked":["Dagger Throw","Flying Knee"],"picked":"Blur"},{"not_picked":["PiercingWail","Backflip"],"picked":"Finisher"},{"not_picked":["Venomology","Glass Knife"],"picked":"Phantasmal Killer"},{"not_picked":["Slice","Dagger Throw"],"picked":"Dash"},{"not_picked":["Prepared","Burst"],"picked":"Deadly Poison"},{"not_picked":["Prepared","Dodge and Roll"],"picked":"Blade Dance"},{"not_picked":["Infinite Blades","Backflip"],"picked":"Deadly Poison"},{"not_picked":["Poisoned Stab","Slice"],"picked":"Endless Agony"},{"not_picked":["Slice","Dodge and Roll"],"picked":"Sucker Punch"},{"not_picked":["Poisoned Stab","Flying Knee"],"picked":"Dagger Spray"},{"not_picked":["Choke","Acrobatics"],"picked":"Caltrops"},{"not_picked":["Dodge and Roll","PiercingWail"],"picked":"Choke"},{"not_picked":["Tools of the Trade","Burst"],"picked":"Die Die Die"},{"not_picked":["Poisoned Stab","Outmaneuver"],"picked":"Backflip"},{"not_picked":["Escape Plan","Deadly Poison"],"picked":"Finisher"},{"not_picked":["Slice","Night Terror"],"picked":"Deflect"},{"not_picked":["Prepared","PiercingWail"],"picked":"Slice"},{"not_picked":["Prepared","Dodge and Roll"],"picked":"Predator"},{"not_picked":["Poisoned Stab","Backflip"],"picked":"Quick Slash"},{"not_picked":["Deadly Poison","Prepared"],"picked":"Adrenaline"},{"not_picked":["Backflip","Prepared"],"picked":"Heel Hook"},{"not_picked":["Caltrops","PiercingWail"],"picked":"Dagger Spray"},{"not_picked":["Deadly Poison","Acrobatics"],"picked":"Dash"}],"player_experience":808,"potions_floor_usage":[2,16,16,16,24,29,33,33,50],"damage_taken":[{"damage":1,"enemies":"Cultist","floor":1,"turns":4},{"damage":5,"enemies":"Blue Slaver","floor":2,"turns":4},{"damage":0,"enemies":"Small Slimes","floor":5,"turns":3},{"damage":0,"enemies":"3 Louse","floor":7,"turns":2},{"damage":10,"enemies":"Exordium Thugs","floor":10,"turns":4},{"damage":0,"enemies":"Large Slime","floor":11,"turns":3},{"damage":4,"enemies":"Gremlin Gang","floor":12,"turns":3},{"damage":0,"enemies":"2 Fungi Beasts","floor":13,"turns":2},{"damage":48,"enemies":"The Guardian","floor":16,"turns":11},{"damage":13,"enemies":"Chosen","floor":18,"turns":3},{"damage":12,"enemies":"3 Byrds","floor":19,"turns":4},{"damage":17,"enemies":"Sentry and Sphere","floor":21,"turns":4},{"damage":9,"enemies":"3 Cultists","floor":22,"turns":4},{"damage":13,"enemies":"Gremlin Leader","floor":24,"turns":5},{"damage":0,"enemies":"Chosen and Byrds","floor":27,"turns":2},{"damage":6,"enemies":"Centurion and Healer","floor":29,"turns":4},{"damage":0,"enemies":"3 Cultists","floor":30,"turns":2},{"damage":47,"enemies":"Champ","floor":33,"turns":11},{"damage":26,"enemies":"3 Shapes","floor":35,"turns":4},{"damage":31,"enemies":"3 Darklings","floor":37,"turns":5},{"damage":18,"enemies":"Sphere and 2 Shapes","floor":38,"turns":4},{"damage":25,"enemies":"4 Shapes","floor":44,"turns":3},{"damage":2,"enemies":"3 Darklings","floor":46,"turns":3},{"damage":71,"enemies":"Awakened One","floor":50,"turns":6}],"event_choices":[{"event_name":"Wheel of Change","player_choice":"Card Removal","floor":4,"damage_taken":0},{"event_name":"Big Fish","player_choice":"Box","floor":14,"damage_taken":0},{"event_name":"Golden Shrine","player_choice":"Pray","floor":36,"damage_taken":0},{"event_name":"Tomb of Lord Red Mask","player_choice":"Paid","floor":41,"damage_taken":0}],"boss_relics":[{"not_picked":["Calling Bell","Cursed Key"],"picked":"Tiny House"},{"not_picked":["Black Star","Snecko Eye"],"picked":"Orrery"}],"potions_floor_spawned":[1,5,10,13,19,22,27,44],"seed_played":"4655939190554805074","killed_by":"Awakened One","ascension_level":0,"is_trial":false}