{"gold_per_floor":[118,118,129,147,88,118,118,128,128,44,54,54,54],"floor_reached":13,"playtime":399,"items_purged":[],"score":157,"play_id":"46c6d7dd-fcff-4844-be63-c3b2310c0916","local_time":"20181122135931","is_ascension_mode":true,"campfire_choices":[{"data":"Defragment","floor":7,"key":"SMITH"}],"neow_cost":"NONE","seed_source_timestamp":850175154687085,"circlet_count":0,"master_deck":["AscendersBane","Strike_B","Strike_B","Strike_B","Strike_B","Defend_B","Defend_B","Defend_B","Defend_B","Zap","Dualcast","Hyperbeam","Ball Lightning","Rip and Tear","Hologram","Leap","Defragment+1","Redo","Loop","Conserve Battery"],"relics":["Cracked Core","Pear","Darkstone Periapt","StoneCalendar"],"potions_floor_usage":[13,13],"damage_taken":[{"damage":0,"enemies":"2 Louse","floor":1,"turns":1},{"damage":7,"enemies":"Jaw Worm","floor":3,"turns":2},{"damage":0,"enemies":"Small Slimes","floor":4,"turns":1},{"damage":24,"enemies":"Gremlin Nob","floor":6,"turns":4},{"damage":0,"enemies":"2 Fungi Beasts","floor":8,"turns":3},{"damage":19,"enemies":"Gremlin Gang","floor":11,"turns":3},{"damage":30,"enemies":"Lagavulin","floor":13,"turns":5}],"seed_played":"-1994672313478602851","potions_obtained":[{"floor":4,"key":"Fire Potion"},{"floor":6,"key":"GamblersBrew"},{"floor":8,"key":"Weak Potion"}],"is_trial":false,"path_per_floor":["M","?","M","M","$","E","R","M","T","$","M","T","E"],"character_chosen":"DEFECT","items_purchased":["Leap","Loop"],"campfire_rested":0,"item_purchase_floors":[5,10],"current_hp_per_floor":[64,64,57,57,57,43,43,43,43,43,24,24,0],"gold":54,"neow_bonus":"ONE_RANDOM_RARE_CARD","is_prod":false,"is_daily":false,"chose_seed":false,"campfire_upgraded":1,"win_rate":0,"timestamp":1542891571,"path_taken":["M","?","M","M","$","E","R","M","T","?","M","?","E"],"build_version":"2018-11-15","purchased_purges":0,"victory":false,"max_hp_per_floor":[71,71,71,71,71,81,81,81,81,81,81,81,81],"card_choices":[{"not_picked":["Steam Power","Defragment"],"picked":"Ball Lightning","floor":1},{"not_picked":["Go for the Eyes","Chill"],"picked":"Rip and Tear","floor":3},{"not_picked":["Static Discharge","Steam"],"picked":"Hologram","floor":4},{"not_picked":["Self Repair","Tempest"],"picked":"Defragment","floor":6},{"not_picked":["Consume","Stack"],"picked":"Redo","floor":8},{"not_picked":["Redo","Cold Snap"],"picked":"Conserve Battery","floor":11}],"player_experience":846349,"relics_obtained":[{"floor":6,"key":"Pear"},{"floor":9,"key":"Darkstone Periapt"},{"floor":12,"key":"StoneCalendar"}],"event_choices":[{"damage_healed":0,"gold_gain":0,"player_choice":"Ignored","damage_taken":0,"max_hp_gain":0,"max_hp_loss":0,"event_name":"Liars Game","floor":2,"gold_loss":0}],"is_beta":false,"boss_relics":[],"items_purged_floors":[],"is_endless":false,"potions_floor_spawned":[4,6,8],"killed_by":"Lagavulin","ascension_level":17}