{"gold_per_floor":[116,132,132,35,51,51,86,142,142,142,152,152,184,195,195,297,297,312,492,510,528,443,443,475,492,492,502,518,518,162,87,87,183,183,201,219,2,0,17,17,28,58,58,90,90,101,101,3,3,3],"floor_reached":51,"playtime":3119,"items_purged":["Strike_R","Strike_R","Strike_R+1"],"score":1106,"play_id":"72cef2ee-fb2f-459a-9649-23cc1549e95f","local_time":"20190402022701","is_ascension_mode":true,"campfire_choices":[{"data":"Carnage","floor":6,"key":"SMITH"},{"data":"Bash","floor":10,"key":"SMITH"},{"data":"Disarm","floor":12,"key":"SMITH"},{"data":"Inflame","floor":15,"key":"SMITH"},{"floor":23,"key":"REST"},{"floor":32,"key":"REST"},{"floor":40,"key":"REST"},{"floor":45,"key":"REST"},{"floor":49,"key":"REST"}],"neow_cost":"NONE","seed_source_timestamp":35698881179102,"circlet_count":0,"master_deck":["AscendersBane","Strike_R+1","Defend_R","Defend_R","Defend_R","Defend_R","Bash+1","Shrug It Off","Carnage+1","Shrug It Off","Inflame+1","Disarm+1","Anger","Battle Trance","Clothesline+1","Cleave+1","Offering","Ghostly Armor","Pommel Strike+1","Anger+1","Twin Strike+1","Pommel Strike+1","Reaper+1","Offering","Seeing Red+1","True Grit+1","Shrug It Off","Iron Wave+1","Armaments+1","Seeing Red","Metallicize","Cleave+1","Rage+1","Pommel Strike+1","Inflame+1","Shrug It Off"],"relics":["Burning Blood","Smiling Mask","Boot","Molten Egg 2","Whetstone","Fusion Hammer","Regal Pillow","Bag of Preparation","Letter Opener","Pen Nib","Orrery","Red Mask","Magic Flower","Bottled Flame","Red Skull"],"potions_floor_usage":[8,16,24,33,33,33,41,44,50],"damage_taken":[{"damage":0,"enemies":"2 Louse","floor":1,"turns":3},{"damage":1,"enemies":"Small Slimes","floor":2,"turns":4},{"damage":1,"enemies":"Cultist","floor":5,"turns":3},{"damage":20,"enemies":"Lagavulin","floor":7,"turns":7},{"damage":31,"enemies":"Lagavulin Event","floor":8,"turns":4},{"damage":7,"enemies":"Blue Slaver","floor":11,"turns":4},{"damage":24,"enemies":"3 Sentries","floor":13,"turns":7},{"damage":4,"enemies":"2 Fungi Beasts","floor":14,"turns":3},{"damage":28,"enemies":"Slime Boss","floor":16,"turns":9},{"damage":17,"enemies":"2 Thieves","floor":18,"turns":3},{"damage":19,"enemies":"3 Byrds","floor":20,"turns":4},{"damage":7,"enemies":"Snecko","floor":21,"turns":3},{"damage":18,"enemies":"Gremlin Leader","floor":24,"turns":4},{"damage":8,"enemies":"Cultist and Chosen","floor":25,"turns":4},{"damage":9,"enemies":"Shelled Parasite and Fungi","floor":27,"turns":3},{"damage":13,"enemies":"Centurion and Healer","floor":28,"turns":4},{"damage":65,"enemies":"Champ","floor":33,"turns":11},{"damage":4,"enemies":"Orb Walker","floor":35,"turns":3},{"damage":12,"enemies":"3 Darklings","floor":36,"turns":3},{"damage":25,"enemies":"Transient","floor":39,"turns":5},{"damage":6,"enemies":"Spire Growth","floor":41,"turns":4},{"damage":65,"enemies":"Nemesis","floor":42,"turns":9},{"damage":59,"enemies":"Reptomancer","floor":44,"turns":6},{"damage":25,"enemies":"4 Shapes","floor":46,"turns":4},{"damage":44,"enemies":"Donu and Deca","floor":50,"turns":11}],"seed_played":"-7178544853808604875","potions_obtained":[{"floor":2,"key":"Energy Potion"},{"floor":5,"key":"EssenceOfSteel"},{"floor":13,"key":"GamblersBrew"},{"floor":16,"key":"SmokeBomb"},{"floor":20,"key":"SteroidPotion"},{"floor":25,"key":"Swift Potion"},{"floor":28,"key":"Regen Potion"},{"floor":39,"key":"SteroidPotion"},{"floor":42,"key":"Strength Potion"},{"floor":44,"key":"Dexterity Potion"}],"is_trial":false,"path_per_floor":["M","M","?","$","M","R","E","?","T","R","M","R","E","M","R","B",null,"M","?","M","M","?","R","E","M","T","M","M","?","$","?","R","B",null,"M","M","$","?","M","R","M","E","T","E","R","M","?","$","R","B",null],"character_chosen":"IRONCLAD","items_purchased":["Shrug It Off","Inflame","Pen Nib","Reaper+1","Seeing Red","Metallicize","Cleave+1","Shrug It Off"],"campfire_rested":5,"item_purchase_floors":[4,4,30,30,37,37,37,48],"current_hp_per_floor":[86,88,93,93,93,93,79,54,54,54,53,53,35,37,37,15,74,63,36,23,22,22,64,52,50,50,47,40,40,40,40,82,38,79,81,93,93,93,74,93,93,39,39,12,54,83,83,83,88,53],"gold":3,"neow_bonus":"TEN_PERCENT_HP_BONUS","is_prod":false,"is_daily":false,"chose_seed":false,"campfire_upgraded":4,"win_rate":0,"timestamp":1554182821,"path_taken":["M","M","?","$","M","R","E","?","T","R","M","R","E","M","R","BOSS","M","?","M","?","?","R","E","M","T","M","M","?","$","?","R","BOSS","M","M","$","?","M","R","M","E","T","E","R","M","?","?","R","BOSS"],"build_version":"2019-01-23","purchased_purges":3,"victory":true,"max_hp_per_floor":[88,88,93,93,93,93,93,93,93,93,93,93,93,93,93,93,93,93,93,93,93,93,93,93,93,93,93,93,93,93,93,93,93,93,93,93,93,93,93,93,93,93,93,93,93,93,88,88,88,88],"card_choices":[{"not_picked":["Inflame","Clash"],"picked":"Shrug It Off","floor":1},{"not_picked":["Sever Soul","Sword Boomerang"],"picked":"Carnage","floor":2},{"not_picked":["Heavy Blade","Dual Wield"],"picked":"Disarm","floor":5},{"not_picked":["Uppercut","Body Slam"],"picked":"Anger","floor":7},{"not_picked":["Ghostly Armor","Rupture"],"picked":"Battle Trance","floor":8},{"not_picked":["Havoc","Heavy Blade+1"],"picked":"Clothesline+1","floor":11},{"not_picked":["Armaments","Heavy Blade+1","Clothesline+1"],"picked":"SKIP","floor":13},{"not_picked":["Anger+1","Warcry"],"picked":"Cleave+1","floor":14},{"not_picked":["Exhume","Double Tap"],"picked":"Offering","floor":16},{"not_picked":["Havoc","Heavy Blade+1","Cleave+1"],"picked":"SKIP","floor":18},{"not_picked":["Warcry","Combust"],"picked":"Ghostly Armor","floor":20},{"not_picked":["Reckless Charge+1","Bloodletting"],"picked":"Pommel Strike+1","floor":21},{"not_picked":["Hemokinesis+1","Carnage+1"],"picked":"Anger+1","floor":24},{"not_picked":["Intimidate","Infernal Blade"],"picked":"Twin Strike+1","floor":25},{"not_picked":["Wild Strike+1","Havoc"],"picked":"Pommel Strike+1","floor":27},{"not_picked":["Twin Strike+1","Havoc","Perfected Strike+1"],"picked":"SKIP","floor":28},{"not_picked":["Bludgeon+1","Barricade"],"picked":"Offering","floor":33},{"not_picked":["Second Wind","Perfected Strike+1"],"picked":"Seeing Red+1","floor":34},{"not_picked":["Pommel Strike+1","Heavy Blade+1"],"picked":"True Grit+1","floor":34},{"not_picked":["Warcry","Iron Wave+1"],"picked":"Shrug It Off","floor":34},{"not_picked":["Armaments","Cleave+1"],"picked":"Iron Wave+1","floor":34},{"not_picked":["Clash+1","Body Slam+1","Warcry"],"picked":"SKIP","floor":35},{"not_picked":["Double Tap","Combust"],"picked":"Armaments+1","floor":36},{"not_picked":["True Grit","Cleave+1"],"picked":"Rage+1","floor":39},{"not_picked":["Metallicize","Bloodletting+1"],"picked":"Pommel Strike+1","floor":41},{"not_picked":["Reckless Charge+1","Body Slam+1","Blood for Blood+1"],"picked":"SKIP","floor":42},{"not_picked":["Sword Boomerang+1","Iron Wave+1"],"picked":"Inflame+1","floor":44},{"not_picked":["Carnage+1","Anger+1","Fire Breathing+1"],"picked":"SKIP","floor":46}],"player_experience":468086,"relics_obtained":[{"floor":7,"key":"Smiling Mask"},{"floor":8,"key":"Boot"},{"floor":9,"key":"Molten Egg 2"},{"floor":13,"key":"Whetstone"},{"floor":24,"key":"Bag of Preparation"},{"floor":26,"key":"Letter Opener"},{"floor":42,"key":"Magic Flower"},{"floor":43,"key":"Bottled Flame"},{"floor":44,"key":"Red Skull"}],"event_choices":[{"damage_healed":0,"gold_gain":0,"player_choice":"Donut","damage_taken":0,"max_hp_gain":5,"max_hp_loss":0,"event_name":"Big Fish","floor":3,"gold_loss":0},{"damage_healed":0,"gold_gain":0,"player_choice":"Searched \u00271\u0027 times","damage_taken":0,"max_hp_gain":0,"max_hp_loss":0,"event_name":"Dead Adventurer","floor":8,"gold_loss":0},{"damage_healed":0,"gold_gain":180,"player_choice":"GOLD GOLD ","damage_taken":27,"max_hp_gain":0,"max_hp_loss":0,"event_name":"Knowing Skull","floor":19,"potions_obtained":[],"gold_loss":0,"cards_obtained":[]},{"damage_healed":0,"gold_gain":0,"player_choice":"Obtained Relic","damage_taken":0,"relics_obtained":["Regal Pillow"],"max_hp_gain":0,"max_hp_loss":0,"event_name":"Addict","floor":22,"gold_loss":85},{"damage_healed":0,"gold_gain":0,"player_choice":"Ignored","damage_taken":0,"max_hp_gain":0,"max_hp_loss":0,"event_name":"Vampires","floor":29,"gold_loss":0},{"cards_removed":["Strike_R"],"damage_healed":0,"gold_gain":0,"player_choice":"Gave Gold","damage_taken":0,"max_hp_gain":0,"max_hp_loss":0,"event_name":"Beggar","floor":31,"gold_loss":75},{"damage_healed":0,"gold_gain":0,"player_choice":"Paid","damage_taken":0,"relics_obtained":["Red Mask"],"max_hp_gain":0,"max_hp_loss":0,"event_name":"Tomb of Lord Red Mask","floor":38,"gold_loss":2},{"damage_healed":0,"gold_gain":0,"player_choice":"Max HP","damage_taken":0,"max_hp_gain":0,"max_hp_loss":5,"event_name":"Winding Halls","floor":47,"gold_loss":0}],"is_beta":false,"boss_relics":[{"not_picked":["Black Star","Tiny House"],"picked":"Fusion Hammer"},{"not_picked":["Runic Pyramid","Pandora\u0027s Box"],"picked":"Orrery"}],"items_purged_floors":[30,37,48],"is_endless":false,"potions_floor_spawned":[2,5,13,16,20,21,25,28,39,42,44],"ascension_level":10}