{"gold_per_floor":[110,110,124,144,163,163,189,207,258,17,17,37,51,16,16,93,93,0,0,0,0,0,0,0,0,0,0,0,0,0,0,0,0,0,0,0,0,0,0,0,0,0],"floor_reached":42,"playtime":7005,"items_purged":[],"score":889,"play_id":"bace5d0c-35c2-4090-8b47-2734b1f7cff8","local_time":"20181226144835","is_ascension_mode":true,"campfire_choices":[{"data":"Poisoned Stab","floor":6,"key":"SMITH"},{"data":"Well Laid Plans","floor":11,"key":"SMITH"},{"data":"Footwork","floor":15,"key":"SMITH"},{"data":"Crippling Poison","floor":23,"key":"SMITH"},{"data":"Bouncing Flask","floor":27,"key":"SMITH"},{"floor":32,"key":"REST"},{"floor":41,"key":"REST"}],"neow_cost":"NONE","seed_source_timestamp":418454991504813,"circlet_count":0,"master_deck":["AscendersBane","Defend_G+1","Defend_G+1","Defend_G+1","Defend_G+1","Defend_G+1","Strike_G+1","Strike_G+1","Strike_G+1","Strike_G+1","Survivor","Neutralize","Poisoned Stab+1","Calculated Gamble","Footwork+1","Crippling Poison+1","Malaise","Leg Sweep","Well Laid Plans+1","Dodge and Roll","Wraith Form v2","Finisher+1","Footwork+1","Blur","Bouncing Flask+1","Decay","Cloak And Dagger+1","Accuracy+1","Die Die Die","Corpse Explosion","Blur","Dodge and Roll","PiercingWail","Deadly Poison+1","Infinite Blades","Thinking Ahead","Blur"],"relics":["Ring of the Snake","NeowsBlessing","Regal Pillow","Centennial Puzzle","Vajra","Ectoplasm","Question Card","Orrery","Gambling Chip","Shuriken"],"potions_floor_usage":[7,8,16,33,33,40],"damage_taken":[{"damage":0,"enemies":"Small Slimes","floor":1,"turns":1},{"damage":0,"enemies":"Cultist","floor":3,"turns":1},{"damage":0,"enemies":"2 Louse","floor":4,"turns":1},{"damage":16,"enemies":"Blue Slaver","floor":5,"turns":6},{"damage":27,"enemies":"Gremlin Nob","floor":7,"turns":4},{"damage":2,"enemies":"Red Slaver","floor":8,"turns":5},{"damage":5,"enemies":"Exordium Thugs","floor":12,"turns":6},{"damage":0,"enemies":"Looter","floor":13,"turns":5},{"damage":3,"enemies":"Hexaghost","floor":16,"turns":12},{"damage":9,"enemies":"2 Thieves","floor":18,"turns":5},{"damage":6,"enemies":"3 Byrds","floor":20,"turns":7},{"damage":10,"enemies":"Shelled Parasite and Fungi","floor":21,"turns":9},{"damage":2,"enemies":"Cultist and Chosen","floor":24,"turns":11},{"damage":0,"enemies":"Snecko","floor":28,"turns":11},{"damage":0,"enemies":"Snake Plant","floor":29,"turns":5},{"damage":5,"enemies":"Sentry and Sphere","floor":31,"turns":6},{"damage":47,"enemies":"Collector","floor":33,"turns":12},{"damage":2,"enemies":"Orb Walker","floor":35,"turns":6},{"damage":10,"enemies":"Mind Bloom Boss Battle","floor":36,"turns":8},{"damage":15,"enemies":"3 Darklings","floor":37,"turns":3},{"damage":18,"enemies":"Nemesis","floor":40,"turns":11},{"damage":52,"enemies":"Giant Head","floor":42,"turns":8}],"seed_played":"-662605915082009393","potions_obtained":[{"floor":1,"key":"SkillPotion"},{"floor":5,"key":"LiquidBronze"},{"floor":7,"key":"Swift Potion"},{"floor":16,"key":"Weak Potion"},{"floor":18,"key":"Energy Potion"},{"floor":28,"key":"Swift Potion"},{"floor":36,"key":"SkillPotion"}],"is_trial":false,"path_per_floor":["M","?","M","M","M","R","E","M","T","$","R","M","M","?","R","B",null,"M","?","M","M","$","R","M","?","T","R","M","M","?","M","R","B",null,"M","?","M","?","?","E","R","E"],"character_chosen":"THE_SILENT","items_purchased":["Well Laid Plans","Vajra"],"campfire_rested":2,"item_purchase_floors":[10,10],"current_hp_per_floor":[59,59,59,59,43,43,16,14,14,14,14,9,9,25,25,22,55,46,46,40,30,30,30,28,28,28,28,28,28,28,23,57,10,52,50,40,25,25,25,7,41,0],"gold":0,"neow_bonus":"THREE_ENEMY_KILL","is_prod":false,"is_daily":false,"chose_seed":false,"campfire_upgraded":5,"win_rate":0,"timestamp":1545832115,"path_taken":["M","?","M","M","M","R","E","M","T","$","R","M","?","?","R","BOSS","M","?","M","?","?","R","?","?","T","R","M","M","?","M","R","BOSS","M","?","M","?","?","E","R","E"],"build_version":"2018-12-20","purchased_purges":0,"victory":false,"max_hp_per_floor":[66,66,66,66,66,66,66,66,66,66,66,66,66,66,66,66,66,66,66,66,66,66,66,66,66,66,66,66,66,66,66,66,66,66,66,66,66,66,66,66,66,66],"card_choices":[{"not_picked":["Expertise","Dagger Spray"],"picked":"Poisoned Stab","floor":1},{"not_picked":["Expertise","Slice"],"picked":"Calculated Gamble","floor":3},{"not_picked":["Eviscerate","Flechettes"],"picked":"Footwork","floor":4},{"not_picked":["Infinite Blades","Endless Agony"],"picked":"Crippling Poison","floor":5},{"not_picked":["Riddle With Holes","Dash"],"picked":"Malaise","floor":7},{"not_picked":["PiercingWail","Sucker Punch"],"picked":"Leg Sweep","floor":8},{"not_picked":["Outmaneuver","Tactician","Prepared"],"picked":"SKIP","floor":12},{"not_picked":["PiercingWail","Backstab"],"picked":"Dodge and Roll","floor":13},{"not_picked":["Phantasmal Killer","Venomology"],"picked":"Wraith Form v2","floor":16},{"not_picked":["Poisoned Stab","Prepared"],"picked":"Finisher+1","floor":18},{"not_picked":["Crippling Poison","Poisoned Stab+1"],"picked":"Blur","floor":20},{"not_picked":["Dodge and Roll","Calculated Gamble","Sucker Punch"],"picked":"SKIP","floor":21},{"not_picked":["Envenom","Dodge and Roll"],"picked":"Bouncing Flask","floor":24},{"not_picked":["Masterful Stab","Distraction","Sucker Punch","Flechettes"],"picked":"SKIP","floor":28},{"not_picked":["All Out Attack","Flying Knee","Escape Plan"],"picked":"Cloak And Dagger+1","floor":29},{"not_picked":["Backflip","Cloak And Dagger","Blur"],"picked":"Accuracy+1","floor":31},{"not_picked":["Unload","Glass Knife","Tools of the Trade"],"picked":"Die Die Die","floor":33},{"not_picked":["Blade Dance","Dagger Spray+1","Flying Knee"],"picked":"Corpse Explosion","floor":34},{"not_picked":["Underhanded Strike","Cloak And Dagger","Dodge and Roll"],"picked":"Blur","floor":34},{"not_picked":["Prepared","Outmaneuver","Flying Knee"],"picked":"Dodge and Roll","floor":34},{"not_picked":["Deflect","Flechettes","All Out Attack+1"],"picked":"PiercingWail","floor":34},{"not_picked":["Dodge and Roll","Outmaneuver","Quick Slash+1"],"picked":"Deadly Poison+1","floor":35},{"not_picked":["Finisher","Dash","Dagger Throw"],"picked":"Infinite Blades","floor":36},{"not_picked":["Grand Finale","Blade Dance","Cloak And Dagger","Outmaneuver"],"picked":"SKIP","floor":37},{"not_picked":["Flash of Steel","Discovery","Swift Strike"],"picked":"Thinking Ahead","floor":38},{"not_picked":["Terror","Bane+1","Poisoned Stab+1"],"picked":"Blur","floor":40}],"player_experience":1022948,"relics_obtained":[{"floor":7,"key":"Regal Pillow"},{"floor":9,"key":"Centennial Puzzle"},{"floor":26,"key":"Question Card"},{"floor":36,"key":"Gambling Chip"},{"floor":40,"key":"Shuriken"}],"event_choices":[{"cards_removed":["Strike_G"],"damage_healed":0,"gold_gain":0,"player_choice":"Offered Basic","damage_taken":0,"max_hp_gain":0,"max_hp_loss":0,"event_name":"Bonfire Elementals","floor":2,"gold_loss":0},{"damage_healed":16,"gold_gain":0,"player_choice":"Healed","damage_taken":0,"max_hp_gain":0,"max_hp_loss":0,"event_name":"The Cleric","floor":14,"gold_loss":35},{"damage_healed":0,"gold_gain":0,"player_choice":"Copied","damage_taken":0,"max_hp_gain":0,"max_hp_loss":0,"event_name":"Duplicator","floor":19,"gold_loss":0,"cards_obtained":["Footwork"]},{"damage_healed":0,"gold_gain":0,"player_choice":"Smashed Altar","damage_taken":0,"max_hp_gain":0,"max_hp_loss":0,"event_name":"Forgotten Altar","floor":25,"gold_loss":0,"cards_obtained":["Decay"]},{"damage_healed":0,"gold_gain":0,"player_choice":"Simplicity","damage_taken":0,"max_hp_gain":0,"max_hp_loss":0,"event_name":"Back to Basics","floor":30,"gold_loss":0,"cards_upgraded":["Defend_G","Defend_G","Defend_G","Defend_G","Defend_G","Strike_G","Strike_G","Strike_G","Strike_G"]},{"damage_healed":0,"gold_gain":0,"player_choice":"Fight","damage_taken":0,"max_hp_gain":0,"max_hp_loss":0,"event_name":"MindBloom","floor":36,"gold_loss":0},{"damage_healed":0,"gold_gain":0,"player_choice":"Memory 1","damage_taken":0,"max_hp_gain":0,"max_hp_loss":0,"event_name":"SensoryStone","floor":38,"gold_loss":0},{"damage_healed":0,"gold_gain":0,"player_choice":"0 cards matched","damage_taken":0,"max_hp_gain":0,"max_hp_loss":0,"event_name":"Match and Keep!","floor":39,"gold_loss":0,"cards_obtained":[]}],"is_beta":false,"boss_relics":[{"not_picked":["Black Star","Tiny House"],"picked":"Ectoplasm"},{"not_picked":["Velvet Choker","Fusion Hammer"],"picked":"Orrery"}],"items_purged_floors":[],"is_endless":false,"potions_floor_spawned":[1,5,7,16,18,20,28,31,36],"killed_by":"Giant Head","ascension_level":20}