{"gold_per_floor":[118,190,190,205,222,222,222,248,275,275,295,307,307,340,340,445,445,458,458,458,481,501,529,529,562,562,596,596,596,609,623,623,722,722,742,757,857,1157,1170,1170,1188,1217,1217,1251,1282,1322,1334,1398,1410,1422,1434,1446,955,981,981],"floor_reached":55,"playtime":1723,"items_purged":["Wild Strike"],"score":994,"play_id":"aaa0c007-2bc0-43fb-a3e2-75ef7c436254","local_time":"20190429001038","is_ascension_mode":true,"campfire_choices":[{"data":"Perfected Strike","floor":6,"key":"SMITH"},{"data":"Thunderclap","floor":10,"key":"SMITH"},{"data":"Clash","floor":13,"key":"SMITH"},{"data":"Perfected Strike","floor":15,"key":"SMITH"},{"data":"Double Tap","floor":24,"key":"SMITH"},{"data":"True Grit","floor":28,"key":"SMITH"},{"data":"Pommel Strike","floor":32,"key":"SMITH"},{"data":"Shrug It Off","floor":40,"key":"SMITH"},{"floor":47,"key":"RECALL"},{"data":"Perfected Strike","floor":49,"key":"SMITH"},{"data":"Bash","floor":52,"key":"SMITH"}],"neow_cost":"NONE","seed_source_timestamp":562941618335800,"circlet_count":0,"master_deck":["Strike_R+1","Strike_R+1","Strike_R+1","Strike_R+1","Strike_R+1","Defend_R+1","Defend_R+1","Bash+1","Thunderclap+1","Strike_R+1","Perfected Strike+1","Shrug It Off+1","Clash+1","Perfected Strike+1","Double Tap+1","True Grit+1","Battle Trance+1","Pommel Strike+1","Pommel Strike+1","Perfected Strike+1","Shrug It Off","Clothesline"],"relics":["Burning Blood","NeowsBlessing","Bottled Flame","Dream Catcher","Smiling Mask","Bronze Scales","Coffee Dripper","Anchor","Bag of Marbles","Vajra","Shuriken","Bag of Preparation","Snecko Eye","Pocketwatch","PreservedInsect","MawBank","Omamori","Torii","War Paint","Lantern","Paper Frog"],"potions_floor_usage":[8,14,16,27,30,42,48,50,55,55,55],"damage_taken":[{"damage":0,"enemies":"Cultist","floor":1,"turns":1},{"damage":0,"enemies":"Small Slimes","floor":4,"turns":1},{"damage":0,"enemies":"Jaw Worm","floor":5,"turns":1},{"damage":18,"enemies":"3 Sentries","floor":8,"turns":5},{"damage":0,"enemies":"Blue Slaver","floor":11,"turns":1},{"damage":0,"enemies":"Large Slime","floor":12,"turns":3},{"damage":5,"enemies":"Lagavulin","floor":14,"turns":3},{"damage":47,"enemies":"Hexaghost","floor":16,"turns":6},{"damage":11,"enemies":"3 Byrds","floor":18,"turns":3},{"damage":0,"enemies":"Shell Parasite","floor":22,"turns":1},{"damage":0,"enemies":"Gremlin Leader","floor":23,"turns":4},{"damage":0,"enemies":"Book of Stabbing","floor":25,"turns":2},{"damage":1,"enemies":"Slavers","floor":27,"turns":2},{"damage":0,"enemies":"Centurion and Healer","floor":30,"turns":2},{"damage":0,"enemies":"Snecko","floor":31,"turns":2},{"damage":46,"enemies":"Collector","floor":33,"turns":6},{"damage":16,"enemies":"3 Darklings","floor":35,"turns":4},{"damage":3,"enemies":"3 Shapes","floor":36,"turns":2},{"damage":0,"enemies":"Mind Bloom Boss Battle","floor":37,"turns":2},{"damage":6,"enemies":"Spire Growth","floor":39,"turns":2},{"damage":0,"enemies":"Writhing Mass","floor":41,"turns":2},{"damage":0,"enemies":"Giant Head","floor":42,"turns":5},{"damage":0,"enemies":"Nemesis","floor":44,"turns":1},{"damage":0,"enemies":"Sphere and 2 Shapes","floor":45,"turns":2},{"damage":0,"enemies":"Reptomancer","floor":46,"turns":2},{"damage":0,"enemies":"2 Orb Walkers","floor":48,"turns":2},{"damage":33,"enemies":"Donu and Deca","floor":50,"turns":6},{"damage":0,"enemies":"Shield and Spear","floor":54,"turns":2},{"damage":94,"enemies":"The Heart","floor":55,"turns":5}],"seed_played":"-6562550534569391780","potions_obtained":[{"floor":1,"key":"BloodPotion"},{"floor":5,"key":"Energy Potion"},{"floor":8,"key":"FearPotion"},{"floor":14,"key":"Strength Potion"},{"floor":22,"key":"GamblersBrew"},{"floor":27,"key":"AttackPotion"},{"floor":33,"key":"Swift Potion"},{"floor":39,"key":"Ancient Potion"},{"floor":42,"key":"AttackPotion"},{"floor":48,"key":"Swift Potion"}],"is_trial":false,"path_per_floor":["M","T","?","M","M","R","?","E","T","R","M","M","R","E","R","B",null,"M","?","?","T","M","E","R","E","T","E","R","?","M","M","R","B",null,"M","M","?","?","M","R","M","E","T","E","M","E","R","?","R","B",null,"R","$","E","B"],"character_chosen":"IRONCLAD","items_purchased":["War Paint","Lantern","EssenceOfSteel","Shrug It Off","Clothesline"],"campfire_rested":0,"item_purchase_floors":[53,53,53,53,53],"current_hp_per_floor":[80,80,80,80,80,80,80,68,68,68,74,80,80,80,80,39,80,75,75,75,75,80,80,80,80,80,80,80,80,80,80,80,40,80,70,73,79,79,79,79,80,80,80,80,80,80,80,80,80,53,80,80,80,80,0],"gold":981,"neow_bonus":"THREE_ENEMY_KILL","is_prod":false,"is_daily":false,"chose_seed":false,"campfire_upgraded":10,"win_rate":0,"timestamp":1556521838,"path_taken":["M","?","?","M","?","R","?","E","T","R","M","M","R","E","R","BOSS","M","?","?","?","M","E","R","E","T","E","R","?","?","M","R","BOSS","M","M","?","?","M","R","M","E","T","E","?","E","R","?","R","BOSS","R","$","E","BOSS"],"build_version":"2019-01-23","purchased_purges":1,"victory":false,"max_hp_per_floor":[80,80,80,80,80,80,80,80,80,80,80,80,80,80,80,80,80,80,80,80,80,80,80,80,80,80,80,80,80,80,80,80,80,80,80,80,80,80,80,80,80,80,80,80,80,80,80,80,80,80,80,80,80,80,80],"card_choices":[{"not_picked":["Rupture","Bloodletting"],"picked":"Thunderclap","floor":1},{"not_picked":["Carnage","Wild Strike"],"picked":"Perfected Strike","floor":4},{"not_picked":["Iron Wave","Sword Boomerang"],"picked":"Shrug It Off","floor":5},{"not_picked":["Sentinel","Headbutt"],"picked":"Wild Strike","floor":8},{"not_picked":["Body Slam","Corruption"],"picked":"Clash","floor":11},{"not_picked":["Shrug It Off","Evolve","Carnage"],"picked":"SKIP","floor":12},{"not_picked":["Feel No Pain","Reckless Charge"],"picked":"Perfected Strike","floor":14},{"not_picked":["Limit Break","Demon Form"],"picked":"Double Tap","floor":16},{"not_picked":["Inflame","Corruption","Feel No Pain"],"picked":"SKIP","floor":18},{"not_picked":["Power Through","Anger","Headbutt"],"picked":"SKIP","floor":22},{"not_picked":["Sever Soul","Wild Strike","Sword Boomerang+1"],"picked":"SKIP","floor":23},{"not_picked":["Carnage","Rampage"],"picked":"True Grit","floor":25},{"not_picked":["Entrench+1","Armaments"],"picked":"Battle Trance+1","floor":27},{"not_picked":["Armaments","Anger"],"picked":"Pommel Strike","floor":30},{"not_picked":["Pummel","Armaments"],"picked":"Pommel Strike+1","floor":31},{"not_picked":["Warcry+1","Pummel+1","Sword Boomerang"],"picked":"SKIP","floor":35},{"not_picked":["Sword Boomerang","Wild Strike+1","Heavy Blade"],"picked":"SKIP","floor":36},{"not_picked":["Power Through+1","Iron Wave","Burning Pact+1"],"picked":"SKIP","floor":39},{"not_picked":["Heavy Blade","Havoc+1","Rage+1"],"picked":"SKIP","floor":41},{"not_picked":["Spot Weakness+1","Evolve","True Grit"],"picked":"SKIP","floor":42},{"not_picked":["Brutality","Shrug It Off","Corruption+1"],"picked":"SKIP","floor":44},{"not_picked":["Spot Weakness","Battle Trance+1","Anger"],"picked":"SKIP","floor":45},{"not_picked":["Infernal Blade","Headbutt","Clothesline"],"picked":"SKIP","floor":46},{"not_picked":["Sever Soul+1","Sword Boomerang+1"],"picked":"Perfected Strike","floor":48},{"not_picked":["Anger","Dropkick","Headbutt+1"],"picked":"SKIP","floor":54}],"player_experience":946073,"relics_obtained":[{"floor":2,"key":"Bottled Flame"},{"floor":8,"key":"Dream Catcher"},{"floor":9,"key":"Smiling Mask"},{"floor":14,"key":"Bronze Scales"},{"floor":21,"key":"Anchor"},{"floor":23,"key":"Bag of Marbles"},{"floor":25,"key":"Vajra"},{"floor":26,"key":"Shuriken"},{"floor":27,"key":"Bag of Preparation"},{"floor":37,"key":"Pocketwatch"},{"floor":42,"key":"PreservedInsect"},{"floor":44,"key":"MawBank"},{"floor":46,"key":"Omamori"},{"floor":48,"key":"Torii"},{"floor":54,"key":"Paper Frog"}],"event_choices":[{"cards_removed":["Defend_R"],"damage_healed":0,"gold_gain":0,"player_choice":"Took Card","damage_taken":0,"max_hp_gain":0,"max_hp_loss":0,"event_name":"NoteForYourself","floor":3,"gold_loss":0,"cards_obtained":["Strike_R"]},{"cards_removed":["Defend_R"],"damage_healed":0,"gold_gain":0,"player_choice":"Forget","damage_taken":0,"max_hp_gain":0,"max_hp_loss":0,"event_name":"Living Wall","floor":7,"gold_loss":0},{"damage_healed":0,"gold_gain":0,"player_choice":"Ignored","damage_taken":0,"max_hp_gain":0,"max_hp_loss":0,"event_name":"Vampires","floor":19,"gold_loss":0},{"damage_healed":0,"gold_gain":0,"player_choice":"Simplicity","damage_taken":0,"max_hp_gain":0,"max_hp_loss":0,"event_name":"Back to Basics","floor":20,"gold_loss":0,"cards_upgraded":["Strike_R","Strike_R","Strike_R","Strike_R","Strike_R","Defend_R","Defend_R","Strike_R"]},{"damage_healed":0,"gold_gain":0,"player_choice":"Ignored","damage_taken":0,"max_hp_gain":0,"max_hp_loss":0,"event_name":"The Mausoleum","floor":29,"gold_loss":0},{"damage_healed":0,"gold_gain":0,"player_choice":"Fight","damage_taken":0,"max_hp_gain":0,"max_hp_loss":0,"event_name":"MindBloom","floor":37,"gold_loss":0},{"damage_healed":0,"gold_gain":300,"player_choice":"Gold","damage_taken":0,"max_hp_gain":0,"max_hp_loss":0,"event_name":"Wheel of Change","floor":38,"gold_loss":0},{"damage_healed":0,"gold_gain":0,"player_choice":"Fight","damage_taken":0,"max_hp_gain":0,"max_hp_loss":0,"event_name":"Mysterious Sphere","floor":48,"gold_loss":0}],"is_beta":false,"boss_relics":[{"not_picked":["Cursed Key","Fusion Hammer"],"picked":"Coffee Dripper"},{"not_picked":["Orrery","Velvet Choker"],"picked":"Snecko Eye"}],"items_purged_floors":[53],"is_endless":false,"potions_floor_spawned":[1,5,8,14,22,27,33,39,42,44,45,48],"killed_by":"The Heart","ascension_level":1}