{"gold_per_floor":[115,115,130,28,44,64,64,74,101,101,101,133,133,133,133,258,258,281,297,257,270,270,270,314,314,361,377,31,31,31,45,45,176,176,201,201,201,151,151,184,204,243,243,267,135,153,153,177,177,177,177,177,34,70,70],"floor_reached":55,"playtime":2848,"items_purged":["Strike_R","Corruption","Thunderclap"],"score":720,"play_id":"f508ac18-05eb-4151-bd69-6ca9411f71b2","local_time":"20190323032718","is_ascension_mode":false,"campfire_choices":[{"data":"Bash","floor":7,"key":"SMITH"},{"data":"Clothesline","floor":13,"key":"SMITH"},{"data":"Flame Barrier","floor":15,"key":"SMITH"},{"data":"Demon Form","floor":23,"key":"SMITH"},{"data":"Flame Barrier","floor":25,"key":"SMITH"},{"data":"Disarm","floor":30,"key":"SMITH"},{"data":"Flame Barrier","floor":32,"key":"SMITH"},{"data":"Limit Break","floor":47,"key":"SMITH"},{"floor":49,"key":"RECALL"},{"data":"Demon Form","floor":52,"key":"SMITH"}],"neow_cost":"NONE","seed_source_timestamp":41505483627448,"circlet_count":0,"master_deck":["Bash+1","Flame Barrier+1","Flame Barrier+1","Shrug It Off","Flame Barrier+1","Iron Wave","Shrug It Off","Clothesline+1","Bludgeon+1","Clothesline+1","Demon Form+1","Disarm+1","Entrench","Demon Form+1","Limit Break+1","Disarm","Juggernaut","Havoc","Heavy Blade+1","Blood for Blood","Evolve","Heavy Blade","Entrench","Heavy Blade","Shockwave+1","Entrench","Shockwave+1"],"relics":["Burning Blood","Red Skull","Smiling Mask","Golden Idol","Snecko Eye","Juzu Bracelet","Strawberry","Paper Frog","Pandora\u0027s Box","Art of War","Bottled Flame","Regal Pillow","Gambling Chip"],"potions_floor_usage":[8,16,48,50,50,55],"damage_taken":[{"damage":2,"enemies":"2 Louse","floor":1,"turns":3},{"damage":6,"enemies":"Cultist","floor":3,"turns":4},{"damage":0,"enemies":"Small Slimes","floor":5,"turns":4},{"damage":1,"enemies":"Red Slaver","floor":6,"turns":5},{"damage":0,"enemies":"Large Slime","floor":8,"turns":5},{"damage":54,"enemies":"Lagavulin","floor":12,"turns":10},{"damage":31,"enemies":"The Guardian","floor":16,"turns":14},{"damage":0,"enemies":"2 Thieves","floor":18,"turns":4},{"damage":0,"enemies":"Shell Parasite","floor":19,"turns":3},{"damage":5,"enemies":"Shelled Parasite and Fungi","floor":21,"turns":3},{"damage":14,"enemies":"Book of Stabbing","floor":24,"turns":5},{"damage":3,"enemies":"Snake Plant","floor":27,"turns":3},{"damage":0,"enemies":"Centurion and Healer","floor":31,"turns":4},{"damage":27,"enemies":"Automaton","floor":33,"turns":9},{"damage":11,"enemies":"3 Shapes","floor":35,"turns":5},{"damage":16,"enemies":"Reptomancer","floor":40,"turns":4},{"damage":0,"enemies":"Orb Walker","floor":41,"turns":3},{"damage":18,"enemies":"Nemesis","floor":42,"turns":7},{"damage":24,"enemies":"Sphere and 2 Shapes","floor":44,"turns":5},{"damage":14,"enemies":"Spire Growth","floor":46,"turns":3},{"damage":18,"enemies":"Transient","floor":48,"turns":5},{"damage":23,"enemies":"Donu and Deca","floor":50,"turns":5},{"damage":48,"enemies":"Shield and Spear","floor":54,"turns":5},{"damage":45,"enemies":"The Heart","floor":55,"turns":4}],"seed_played":"3138671884087604082","potions_obtained":[{"floor":2,"key":"Dexterity Potion"},{"floor":2,"key":"Weak Potion"},{"floor":2,"key":"AttackPotion"},{"floor":12,"key":"Energy Potion"},{"floor":21,"key":"Fire Potion"}],"is_trial":false,"path_per_floor":["M","?","M","$","M","M","R","M","T","?","?","E","R","?","R","B",null,"M","M","?","M","?","R","E","R","T","M","$","?","R","M","R","B",null,"M","?","?","$","?","E","M","E","T","M","$","M","R","M","R","B",null,"R","$","E","B"],"character_chosen":"IRONCLAD","items_purchased":["Flame Barrier","Shrug It Off","Paper Frog","PowerPotion","Entrench","EssenceOfSteel","Entrench"],"campfire_rested":0,"item_purchase_floors":[4,4,28,28,45,53,53],"current_hp_per_floor":[80,80,80,80,80,80,80,80,80,85,85,37,37,37,37,12,79,79,79,79,79,79,79,71,71,78,81,81,81,81,86,86,65,86,81,81,81,81,81,71,77,65,65,47,47,39,39,27,27,10,86,86,86,44,0],"gold":70,"neow_bonus":"RANDOM_COMMON_RELIC","is_prod":false,"is_daily":false,"chose_seed":false,"campfire_upgraded":9,"win_rate":0,"timestamp":1553322438,"path_taken":["M","?","?","$","M","M","R","M","T","?","?","E","R","?","R","BOSS","M","M","?","?","?","R","E","R","T","M","$","?","R","M","R","BOSS","M","?","?","$","?","E","M","E","T","M","$","M","R","M","R","BOSS","R","$","E","BOSS"],"build_version":"2019-01-23","purchased_purges":3,"victory":false,"max_hp_per_floor":[80,80,80,80,80,80,80,80,80,85,85,85,85,79,79,79,79,79,79,79,79,79,79,79,79,86,86,86,86,86,86,86,86,86,86,86,86,86,86,86,86,86,86,86,86,86,86,86,86,86,86,86,86,86,86],"card_choices":[{"not_picked":["Wild Strike","Anger"],"picked":"Flame Barrier","floor":1},{"not_picked":["Iron Wave","Body Slam","Twin Strike"],"picked":"SKIP","floor":3},{"not_picked":["Wild Strike","Impervious"],"picked":"Flame Barrier","floor":5},{"not_picked":["Wild Strike","Thunderclap"],"picked":"Iron Wave","floor":6},{"not_picked":["Wild Strike","Twin Strike"],"picked":"Shrug It Off","floor":8},{"not_picked":["Exhume","Headbutt"],"picked":"Clothesline","floor":12},{"not_picked":["Fiend Fire","Reaper"],"picked":"Bludgeon","floor":16},{"not_picked":["Havoc","Sword Boomerang","Infernal Blade+1"],"picked":"SKIP","floor":18},{"not_picked":["Perfected Strike+1","Pommel Strike"],"picked":"Clothesline+1","floor":19},{"not_picked":["Combust","Twin Strike"],"picked":"Demon Form","floor":21},{"not_picked":["Sentinel+1","Bloodletting","Blood for Blood"],"picked":"SKIP","floor":24},{"not_picked":["Cleave","Pummel"],"picked":"Disarm","floor":27},{"not_picked":["Rampage","Iron Wave"],"picked":"Entrench","floor":31},{"not_picked":["Brutality","Berserk"],"picked":"Demon Form","floor":33},{"not_picked":["Fire Breathing","Anger+1"],"picked":"Heavy Blade+1","floor":35},{"not_picked":["Cleave","Double Tap","Rampage+1"],"picked":"SKIP","floor":40},{"not_picked":["Anger","Blood for Blood+1"],"picked":"Evolve","floor":41},{"not_picked":["Iron Wave","Battle Trance","Thunderclap+1"],"picked":"SKIP","floor":42},{"not_picked":["Thunderclap","Sword Boomerang"],"picked":"Heavy Blade","floor":44},{"not_picked":["Sentinel+1","True Grit"],"picked":"Heavy Blade","floor":46},{"not_picked":["Hemokinesis+1","Sword Boomerang"],"picked":"Shockwave+1","floor":48},{"not_picked":["Flame Barrier","Inflame+1"],"picked":"Shockwave+1","floor":54}],"player_experience":352250,"relics_obtained":[{"floor":12,"key":"Smiling Mask"},{"floor":24,"key":"Juzu Bracelet"},{"floor":26,"key":"Strawberry"},{"floor":40,"key":"Art of War"},{"floor":42,"key":"Bottled Flame"},{"floor":43,"key":"Regal Pillow"},{"floor":54,"key":"Gambling Chip"}],"event_choices":[{"damage_healed":0,"gold_gain":0,"player_choice":"Got Potions","damage_taken":0,"max_hp_gain":0,"max_hp_loss":0,"event_name":"Lab","floor":2,"gold_loss":0},{"damage_healed":0,"gold_gain":0,"player_choice":"Donut","damage_taken":0,"max_hp_gain":5,"max_hp_loss":0,"event_name":"Big Fish","floor":10,"gold_loss":0},{"damage_healed":0,"gold_gain":0,"player_choice":"Ignored","damage_taken":0,"max_hp_gain":0,"max_hp_loss":0,"event_name":"Liars Game","floor":11,"gold_loss":0},{"damage_healed":0,"gold_gain":0,"player_choice":"Lose Max HP","damage_taken":0,"relics_obtained":["Golden Idol"],"max_hp_gain":0,"max_hp_loss":6,"event_name":"Golden Idol","floor":14,"gold_loss":0},{"damage_healed":0,"gold_gain":0,"player_choice":"Upgrade","damage_taken":0,"max_hp_gain":0,"max_hp_loss":0,"event_name":"Designer","floor":20,"gold_loss":40,"cards_upgraded":["Bludgeon"]},{"damage_healed":0,"gold_gain":0,"player_choice":"Ignored","damage_taken":0,"max_hp_gain":0,"max_hp_loss":0,"event_name":"N\u0027loth","floor":22,"gold_loss":0},{"damage_healed":0,"gold_gain":0,"cards_transformed":["Thunderclap"],"player_choice":"Transformed","damage_taken":0,"max_hp_gain":0,"max_hp_loss":0,"event_name":"Transmorgrifier","floor":36,"gold_loss":0,"cards_obtained":["Blood for Blood"]},{"cards_removed":["Brutality"],"damage_healed":0,"gold_gain":0,"player_choice":"Removed Power","damage_taken":0,"max_hp_gain":0,"max_hp_loss":0,"event_name":"Falling","floor":37,"gold_loss":0},{"damage_healed":0,"gold_gain":0,"player_choice":"Ignored","damage_taken":0,"max_hp_gain":0,"max_hp_loss":0,"event_name":"SecretPortal","floor":39,"gold_loss":0}],"is_beta":false,"boss_relics":[{"not_picked":["White Beast Statue","Astrolabe"],"picked":"Snecko Eye"},{"not_picked":["Black Star","Calling Bell"],"picked":"Pandora\u0027s Box"}],"items_purged_floors":[28,38,45],"is_endless":false,"potions_floor_spawned":[3,5,12,21,31,35,40,44],"killed_by":"The Heart","ascension_level":0}