{"gold_per_floor":[112,112,127,127,127,127,162,162,189,232,267,314,326,352,364,504,516,549,776,809,746,746,746,759,779,805,848,848,602,633,657,657,785,785,809,825,550,563,579,579,597,638,638,638,241,257,257,293,293,293,293,293,0,35,35],"floor_reached":55,"playtime":2285,"items_purged":["Strike_R","Strike_R","Strike_R","Battle Trance"],"score":849,"play_id":"88128b99-8251-4d49-a019-5b1fa9678bfc","local_time":"20190309000145","is_ascension_mode":true,"campfire_choices":[{"data":"Dropkick","floor":6.0,"key":"SMITH"},{"floor":13.0,"key":"REST"},{"data":"Shrug It Off","floor":15.0,"key":"SMITH"},{"floor":23.0,"key":"RECALL"},{"data":"1","floor":28.0,"key":"LIFT"},{"data":"2","floor":32.0,"key":"LIFT"},{"data":"3","floor":40,"key":"LIFT"},{"floor":44,"key":"REST"},{"floor":47,"key":"REST"},{"floor":49,"key":"REST"},{"floor":52,"key":"REST"}],"neow_cost":"NONE","seed_source_timestamp":0,"circlet_count":0,"master_deck":["Strike_R","Strike_R","Defend_R+1","Defend_R+1","Defend_R","Defend_R","Bash+1","Dropkick+1","Finesse+1","Shrug It Off+1","Demon Form","Dropkick+1","Pommel Strike+1","Shrug It Off+1","Ghostly Armor+1","Warcry","Burning Pact+1"],"special_seed":0,"relics":["Burning Blood","NeowsBlessing","Golden Idol","Boot","Art of War","MawBank","Oddly Smooth Stone","Fusion Hammer","Old Coin","Potion Belt","Girya","War Paint","Dodecahedron","Sozu","Vajra","Red Skull","Paper Frog","Mercury Hourglass","Membership Card","Strawberry","Happy Flower"],"potions_floor_usage":[42],"damage_taken":[{"damage":0.0,"enemies":"Cultist","floor":1.0,"turns":1.0},{"damage":0.0,"enemies":"Jaw Worm","floor":3.0,"turns":1.0},{"damage":0.0,"enemies":"Gremlin Nob","floor":7.0,"turns":1.0},{"damage":24.0,"enemies":"Lagavulin","floor":10.0,"turns":5.0},{"damage":5.0,"enemies":"2 Louse","floor":11.0,"turns":2.0},{"damage":6.0,"enemies":"Gremlin Nob","floor":12.0,"turns":3.0},{"damage":3.0,"enemies":"Lots of Slimes","floor":14.0,"turns":5.0},{"damage":32.0,"enemies":"The Guardian","floor":16.0,"turns":17.0},{"damage":12.0,"enemies":"Shell Parasite","floor":18.0,"turns":5.0},{"damage":1.0,"enemies":"2 Thieves","floor":20.0,"turns":4.0},{"damage":2.0,"enemies":"Chosen and Byrds","floor":24.0,"turns":5.0},{"damage":3.0,"enemies":"Snake Plant","floor":25.0,"turns":5.0},{"damage":0.0,"enemies":"Book of Stabbing","floor":27.0,"turns":7.0},{"damage":6.0,"enemies":"Slavers","floor":30.0,"turns":10.0},{"damage":0.0,"enemies":"Centurion and Healer","floor":31.0,"turns":6.0},{"damage":28.0,"enemies":"Automaton","floor":33.0,"turns":11.0},{"damage":0,"enemies":"3 Shapes","floor":35,"turns":5},{"damage":11,"enemies":"3 Darklings","floor":36,"turns":6},{"damage":11,"enemies":"Maw","floor":38,"turns":7},{"damage":7,"enemies":"Sphere and 2 Shapes","floor":39,"turns":6},{"damage":4,"enemies":"3 Darklings","floor":41,"turns":7},{"damage":15,"enemies":"Reptomancer","floor":42,"turns":5},{"damage":10,"enemies":"4 Shapes","floor":46,"turns":5},{"damage":31,"enemies":"Nemesis","floor":48,"turns":7},{"damage":42,"enemies":"Time Eater","floor":50,"turns":13},{"damage":49,"enemies":"Shield and Spear","floor":54,"turns":10},{"damage":54,"enemies":"The Heart","floor":55,"turns":2}],"seed_played":"-893820165384379428","potions_obtained":[{"floor":1.0,"key":"SteroidPotion"},{"floor":10.0,"key":"PowerPotion"},{"floor":11.0,"key":"SpeedPotion"},{"floor":18.0,"key":"Block Potion"},{"floor":22.0,"key":"EssenceOfSteel"},{"floor":22.0,"key":"Weak Potion"},{"floor":27.0,"key":"SteroidPotion"},{"floor":31.0,"key":"Fire Potion"},{"floor":33.0,"key":"Fruit Juice"}],"is_trial":false,"path_per_floor":["M","$","M","?","?","R","E","?","T","E","M","E","R","M","R","B",null,"M","?","M","$","?","R","M","M","T","E","R","$","E","M","R","B",null,"M","M","$","M","M","R","M","E","T","R","$","M","R","E","R","B",null,"R","$","E","B"],"character_chosen":"IRONCLAD","items_purchased":["War Paint","Vajra","Paper Frog","Membership Card","Warcry","Strawberry"],"campfire_rested":5,"item_purchase_floors":[29,37,45,53,53,53],"current_hp_per_floor":[80,80,80,64,44,44,50,50,50,32,33,33,57,60,60,34,80,74,74,79,79,79,79,80,80,80,80,80,80,80,80,80,63,85,85,80,80,75,74,74,76,67,67,85,85,81,85,60,85,49,85,85,92,49,0],"gold":35,"neow_bonus":"THREE_ENEMY_KILL","is_prod":false,"is_daily":false,"chose_seed":false,"campfire_upgraded":2,"win_rate":0,"timestamp":1552114905,"path_taken":["M","$","?","?","?","R","E","?","T","E","M","E","R","?","R","BOSS","M","?","M","$","?","R","M","M","T","E","R","$","E","M","R","BOSS","M","M","$","M","M","R","M","E","T","R","$","?","R","E","R","BOSS","R","$","E","BOSS"],"build_version":"2019-01-23","purchased_purges":4,"victory":false,"max_hp_per_floor":[80,80,80,80,80,80,80,80,80,80,80,80,80,80,80,80,80,80,80,80,80,80,80,80,80,80,80,80,80,80,80,80,85,85,85,85,85,85,85,85,85,85,85,85,85,85,85,85,85,85,85,85,92,92,92],"card_choices":[{"not_picked":["Combust","Blood for Blood"],"picked":"Dropkick","floor":1.0},{"not_picked":["Body Slam","Combust","Warcry"],"picked":"SKIP","floor":3.0},{"not_picked":["Inflame","Rage","Thunderclap"],"picked":"SKIP","floor":7.0},{"not_picked":["Searing Blow","True Grit","Cleave"],"picked":"SKIP","floor":10.0},{"not_picked":["Second Wind","True Grit"],"picked":"Battle Trance","floor":11.0},{"not_picked":["Limit Break","Sentinel","Carnage"],"picked":"SKIP","floor":12.0},{"not_picked":["Sword Boomerang","Flex"],"picked":"Shrug It Off","floor":14.0},{"not_picked":["True Grit","Armaments","Shrug It Off"],"picked":"SKIP","floor":18.0},{"not_picked":["Thunderclap+1","Armaments+1","Bloodletting"],"picked":"SKIP","floor":20.0},{"not_picked":["Shrug It Off","Sentinel","Pummel"],"picked":"SKIP","floor":24.0},{"not_picked":["Heavy Blade","Warcry+1","Intimidate+1"],"picked":"SKIP","floor":25.0},{"not_picked":["Perfected Strike+1","Armaments+1","Body Slam"],"picked":"SKIP","floor":27.0},{"not_picked":["Anger","Entrench"],"picked":"Demon Form","floor":30.0},{"not_picked":["Heavy Blade","Reckless Charge","Feel No Pain"],"picked":"SKIP","floor":31.0},{"not_picked":["Rampage","Thunderclap"],"picked":"Dropkick+1","floor":35},{"not_picked":["Rampage","Pommel Strike","Entrench+1"],"picked":"SKIP","floor":36},{"not_picked":["Iron Wave+1","Sword Boomerang+1","Perfected Strike"],"picked":"SKIP","floor":38},{"not_picked":["Pommel Strike+1","Headbutt+1","Inflame+1"],"picked":"SKIP","floor":39},{"not_picked":["Havoc+1","True Grit"],"picked":"Pommel Strike+1","floor":41},{"not_picked":["Intimidate","Demon Form"],"picked":"Shrug It Off+1","floor":42},{"not_picked":["Twin Strike","Spot Weakness","Rupture+1"],"picked":"SKIP","floor":46},{"not_picked":["Clothesline","Power Through"],"picked":"Ghostly Armor+1","floor":48},{"not_picked":["Fiend Fire","Power Through+1"],"picked":"Burning Pact+1","floor":54}],"player_experience":790956,"relics_obtained":[{"floor":7.0,"key":"Boot"},{"floor":9.0,"key":"Art of War"},{"floor":10.0,"key":"MawBank"},{"floor":12.0,"key":"Oddly Smooth Stone"},{"floor":26.0,"key":"Potion Belt"},{"floor":27.0,"key":"Girya"},{"floor":30.0,"key":"Dodecahedron"},{"floor":42,"key":"Red Skull"},{"floor":48,"key":"Mercury Hourglass"},{"floor":54,"key":"Happy Flower"}],"event_choices":[{"damage_healed":0.0,"max_hp_gain":0.0,"max_hp_loss":0.0,"gold_gain":0.0,"event_name":"Shining Light","player_choice":"Entered Light","floor":4.0,"gold_loss":0.0,"damage_taken":16.0,"cards_upgraded":["Bash","Defend_R"]},{"damage_healed":0.0,"max_hp_gain":0.0,"max_hp_loss":0.0,"gold_gain":0.0,"event_name":"Golden Idol","player_choice":"Take Damage","floor":5.0,"gold_loss":0.0,"damage_taken":20.0,"relics_obtained":["Golden Idol"]},{"damage_healed":0.0,"max_hp_gain":0.0,"max_hp_loss":0.0,"gold_gain":0.0,"event_name":"Match and Keep!","player_choice":"1 cards matched","floor":8.0,"gold_loss":0.0,"damage_taken":0.0,"cards_obtained":["Finesse"]},{"damage_healed":0.0,"max_hp_gain":0.0,"max_hp_loss":0.0,"gold_gain":0.0,"event_name":"Addict","player_choice":"Obtained Relic","floor":19.0,"gold_loss":85.0,"damage_taken":0.0,"relics_obtained":["Old Coin"]},{"damage_healed":0.0,"max_hp_gain":0.0,"max_hp_loss":0.0,"gold_gain":0.0,"event_name":"Lab","player_choice":"Got Potions","floor":22.0,"gold_loss":0.0,"damage_taken":0.0}],"is_beta":false,"boss_relics":[{"not_picked":["Tiny House","Runic Dome"],"picked":"Fusion Hammer"},{"not_picked":["Runic Cube","Velvet Choker"],"picked":"Sozu"}],"items_purged_floors":[21,29,37,45],"is_endless":false,"potions_floor_spawned":[1,10,11,18,27,31,33,35,38,41,46],"killed_by":"The Heart","ascension_level":1}