{"gold_per_floor":[119,119,119,119,119,148,148,183,183,196,196,271,286,286,286,286],"floor_reached":16,"playtime":107,"items_purged":[],"score":164,"play_id":"7f2ae7d3-351b-45de-9957-4ae765466d42","local_time":"20190325024002","is_ascension_mode":true,"campfire_choices":[{"data":"Perfected Strike","floor":7,"key":"SMITH"},{"data":"Perfected Strike","floor":11,"key":"SMITH"},{"data":"Bash","floor":15,"key":"SMITH"}],"neow_cost":"NONE","seed_source_timestamp":537586195490099,"circlet_count":0,"master_deck":["Strike_R","Strike_R","Strike_R","Strike_R","Strike_R","Defend_R","Defend_R","Defend_R","Bash+1","Perfected Strike+1","Disarm","Battle Trance","Perfected Strike+1"],"relics":["Burning Blood","NeowsBlessing","Question Card","The Courier","Letter Opener","Darkstone Periapt"],"potions_floor_usage":[],"damage_taken":[{"damage":0,"enemies":"Small Slimes","floor":1,"turns":1},{"damage":0,"enemies":"3 Sentries","floor":6,"turns":2},{"damage":0,"enemies":"Gremlin Nob","floor":8,"turns":1},{"damage":0,"enemies":"Cultist","floor":10,"turns":2},{"damage":6,"enemies":"Jaw Worm","floor":13,"turns":2},{"damage":0,"enemies":"Hexaghost","floor":16,"turns":1}],"seed_played":"-3112368384436217320","potions_obtained":[{"floor":1,"key":"FairyPotion"},{"floor":8,"key":"GamblersBrew"},{"floor":10,"key":"Fire Potion"}],"is_trial":false,"path_per_floor":["M","?","$","$","?","E","R","E","T","M","R","?","M","T","R","B"],"character_chosen":"IRONCLAD","items_purchased":[],"campfire_rested":0,"item_purchase_floors":[],"current_hp_per_floor":[80,80,80,80,80,80,80,80,80,80,80,69,69,69,69,69],"gold":286,"neow_bonus":"THREE_ENEMY_KILL","is_prod":false,"is_daily":false,"chose_seed":false,"campfire_upgraded":3,"win_rate":0,"timestamp":1553506802,"path_taken":["M","?","?","$","?","E","R","E","T","?","R","?","M","?","R","BOSS"],"build_version":"2019-01-23","purchased_purges":0,"victory":false,"max_hp_per_floor":[80,80,80,80,80,80,80,80,80,80,80,80,80,80,80,80],"card_choices":[{"not_picked":["Uppercut","Warcry"],"picked":"Perfected Strike","floor":1},{"not_picked":["Anger","Flex"],"picked":"Battle Trance","floor":6},{"not_picked":["Shrug It Off","Body Slam","Cleave","Wild Strike"],"picked":"SKIP","floor":8},{"not_picked":["Cleave","Disarm","Shrug It Off"],"picked":"Perfected Strike","floor":10},{"not_picked":["Body Slam","Sword Boomerang","Evolve","Clothesline"],"picked":"SKIP","floor":13}],"player_experience":845016,"relics_obtained":[{"floor":6,"key":"Question Card"},{"floor":8,"key":"The Courier"},{"floor":9,"key":"Letter Opener"},{"floor":14,"key":"Darkstone Periapt"}],"event_choices":[{"damage_healed":0,"gold_gain":0,"cards_transformed":["Defend_R"],"player_choice":"Transformed","damage_taken":0,"max_hp_gain":0,"max_hp_loss":0,"event_name":"Transmorgrifier","floor":2,"gold_loss":0,"cards_obtained":["Disarm"]},{"damage_healed":0,"gold_gain":0,"player_choice":"Ignored","damage_taken":0,"max_hp_gain":0,"max_hp_loss":0,"event_name":"NoteForYourself","floor":5,"gold_loss":0},{"damage_healed":0,"gold_gain":75,"player_choice":"Gather Gold","damage_taken":11,"max_hp_gain":0,"max_hp_loss":0,"event_name":"World of Goop","floor":12,"gold_loss":0}],"is_beta":false,"boss_relics":[],"items_purged_floors":[],"is_endless":false,"potions_floor_spawned":[1,8,10],"killed_by":"Hexaghost","ascension_level":1}