{"gold_per_floor":[109,109,119,134,65,93,93,112,136,163,163,179,192,203,203,300,300,311,188,188,88,107,107,207,227,253,265,312,335,347,378,390,402],"floor_reached":33,"playtime":1391,"items_purged":["Defend_B","Strike_B"],"score":378,"play_id":"7b5ebd0f-242d-49d6-b25b-fdbdee0e34dc","local_time":"20190411001029","is_ascension_mode":true,"campfire_choices":[{"data":"Sunder","floor":7,"key":"SMITH"},{"data":"Dualcast","floor":11,"key":"SMITH"},{"floor":15,"key":"REST"},{"data":"Scrape","floor":23,"key":"SMITH"},{"floor":30,"key":"REST"},{"data":"Fission","floor":32,"key":"SMITH"}],"neow_cost":"NONE","seed_source_timestamp":32250379158114,"circlet_count":0,"master_deck":["Defend_B","Defend_B","Zap","Dualcast+1","Machine Learning","Leap","Gash","Reboot","Sunder+1","Beam Cell","Reinforced Body","Beam Cell","Sweeping Beam","Gash","Leap","Seek","Go for the Eyes+1","Glacier+1","Auto Shields+1","Conserve Battery+1","Gash","Scrape+1","Steam","Fission+1","Coolheaded","Stack+1"],"relics":["Cracked Core","Bronze Scales","Art of War","Lantern","Vajra","Astrolabe","Turnip","Shuriken","MawBank","Anchor"],"potions_floor_usage":[8,10,16,31],"damage_taken":[{"damage":7,"enemies":"2 Louse","floor":1,"turns":3},{"damage":0,"enemies":"Cultist","floor":3,"turns":3},{"damage":0,"enemies":"Small Slimes","floor":4,"turns":2},{"damage":26,"enemies":"Lagavulin","floor":6,"turns":7},{"damage":7,"enemies":"Exordium Wildlife","floor":8,"turns":2},{"damage":0,"enemies":"Gremlin Nob","floor":10,"turns":3},{"damage":8,"enemies":"Blue Slaver","floor":12,"turns":2},{"damage":3,"enemies":"Exordium Thugs","floor":13,"turns":2},{"damage":0,"enemies":"Large Slime","floor":14,"turns":4},{"damage":36,"enemies":"Slime Boss","floor":16,"turns":8},{"damage":5,"enemies":"Shell Parasite","floor":18,"turns":3},{"damage":0,"enemies":"3 Byrds","floor":22,"turns":2},{"damage":8,"enemies":"Colosseum Slavers","floor":24,"turns":3},{"damage":11,"enemies":"Colosseum Nobs","floor":24,"turns":4},{"damage":2,"enemies":"Cultist and Chosen","floor":25,"turns":5},{"damage":0,"enemies":"Book of Stabbing","floor":28,"turns":6},{"damage":5,"enemies":"Snecko","floor":29,"turns":6},{"damage":5,"enemies":"Snake Plant","floor":31,"turns":4},{"damage":61,"enemies":"Automaton","floor":33,"turns":8}],"seed_played":"8938004882894766668","potions_obtained":[{"floor":1,"key":"Fire Potion"},{"floor":8,"key":"Poison Potion"},{"floor":13,"key":"Weak Potion"},{"floor":14,"key":"SpeedPotion"},{"floor":16,"key":"FocusPotion"},{"floor":18,"key":"Regen Potion"},{"floor":25,"key":"Ancient Potion"}],"is_trial":false,"path_per_floor":["?","M","?","?","?"],"character_chosen":"DEFECT","items_purchased":["Sunder","Gash"],"campfire_rested":2,"item_purchase_floors":[5,19],"current_hp_per_floor":[68,68,68,68,68,42,42,35,35,35,35,27,24,24,46,10,75,70,70,56,56,56,56,37,35,35,35,35,30,54,61,61,0],"gold":402,"neow_bonus":"ONE_RANDOM_RARE_CARD","is_prod":false,"is_daily":false,"chose_seed":false,"campfire_upgraded":4,"win_rate":0,"timestamp":1554916229,"path_taken":["M","?","M","M","$","E","R","M","T","E","R","M","?","M","R","BOSS","M","$","?","$","M","R","?","M","T","?","E","M","R","M","R","BOSS"],"build_version":"2019-01-23","purchased_purges":2,"victory":false,"max_hp_per_floor":[75,75,75,75,75,75,75,75,75,75,75,75,75,75,75,75,75,75,75,80,80,80,80,80,80,80,80,80,80,80,80,80,80],"card_choices":[{"not_picked":["Hello World","Compile Driver"],"picked":"Leap","floor":1},{"not_picked":["Streamline","Redo"],"picked":"Gash","floor":3},{"not_picked":["Darkness","Conserve Battery"],"picked":"Reboot","floor":4},{"not_picked":["Coolheaded","Consume"],"picked":"Beam Cell","floor":6},{"not_picked":["Steam Power","Compile Driver"],"picked":"Reinforced Body","floor":8},{"not_picked":["Auto Shields","Hologram"],"picked":"Beam Cell","floor":10},{"not_picked":["Hologram","Beam Cell"],"picked":"Sweeping Beam","floor":12},{"not_picked":["Lockon","Biased Cognition"],"picked":"Gash","floor":13},{"not_picked":["Rebound","Streamline"],"picked":"Leap","floor":14},{"not_picked":["Multi-Cast","Fission"],"picked":"Seek","floor":16},{"not_picked":["Go for the Eyes+1","Beam Cell"],"picked":"Conserve Battery+1","floor":18},{"not_picked":["Conserve Battery","Leap+1"],"picked":"Scrape","floor":22},{"not_picked":["Compile Driver","Rebound"],"picked":"Steam","floor":24},{"not_picked":["Streamline","Hello World"],"picked":"Fission","floor":25},{"not_picked":["Compile Driver","Consume"],"picked":"Stack+1","floor":28},{"not_picked":["White Noise","Reprogram","Barrage"],"picked":"SKIP","floor":29},{"not_picked":["Consume","Turbo","Beam Cell"],"picked":"SKIP","floor":31}],"player_experience":189395,"relics_obtained":[{"floor":2,"key":"Bronze Scales"},{"floor":6,"key":"Art of War"},{"floor":9,"key":"Lantern"},{"floor":10,"key":"Vajra"},{"floor":24,"key":"Turnip"},{"floor":24,"key":"Shuriken"},{"floor":26,"key":"MawBank"},{"floor":28,"key":"Anchor"}],"event_choices":[{"damage_healed":0,"gold_gain":0,"player_choice":"Relic","damage_taken":0,"max_hp_gain":0,"max_hp_loss":0,"event_name":"Wheel of Change","floor":2,"gold_loss":0},{"damage_healed":0,"gold_gain":0,"player_choice":"Shed Blood","damage_taken":19,"max_hp_gain":5,"max_hp_loss":0,"event_name":"Forgotten Altar","floor":20,"gold_loss":0},{"damage_healed":0,"gold_gain":0,"player_choice":"Fight","damage_taken":0,"max_hp_gain":0,"max_hp_loss":0,"event_name":"Colosseum","floor":24,"gold_loss":0},{"damage_healed":0,"gold_gain":0,"player_choice":"Fought Nobs","damage_taken":0,"max_hp_gain":0,"max_hp_loss":0,"event_name":"Colosseum","floor":24,"gold_loss":0},{"damage_healed":0,"gold_gain":0,"cards_transformed":["Defend_B"],"player_choice":"Transformed","damage_taken":0,"max_hp_gain":0,"max_hp_loss":0,"event_name":"Transmorgrifier","floor":27,"gold_loss":0,"cards_obtained":["Coolheaded"]}],"is_beta":false,"boss_relics":[{"not_picked":["Busted Crown","Inserter"],"picked":"Astrolabe"}],"items_purged_floors":[19,21],"is_endless":false,"potions_floor_spawned":[1,8,13,14,16,18,25,28],"killed_by":"Automaton","ascension_level":3}