{"gold_per_floor":[362,362,22,36,36,36,50,50,50,109,129,140,140],"floor_reached":13,"playtime":856,"items_purged":[],"score":102,"play_id":"32a1ed72-785e-4c1b-bcd8-9278762458c2","local_time":"20180628181159","is_ascension_mode":true,"campfire_choices":[{"floor":6,"key":"REST"},{"data":"Zap","floor":8,"key":"SMITH"}],"neow_cost":"FIFTY_PERCENT_DAMAGE","seed_source_timestamp":464239972146871,"circlet_count":0,"master_deck":["Strike_B","Strike_B","Strike_B","Defend_B","Defend_B","Defend_B","Defend_B","Zap+1","Dualcast","Amplify","White Noise","Creative AI"],"relics":["Cracked Core","Cables","Ornamental Fan","Tiny Chest"],"potions_floor_usage":[10,12,13],"damage_taken":[{"damage":2,"enemies":"Jaw Worm","floor":1,"turns":4},{"damage":3,"enemies":"2 Louse","floor":4,"turns":2},{"damage":5,"enemies":"Cultist","floor":7,"turns":4},{"damage":34,"enemies":"3 Sentries","floor":10,"turns":7},{"damage":0,"enemies":"Looter","floor":11,"turns":3},{"damage":17,"enemies":"Lots of Slimes","floor":12,"turns":4},{"damage":8,"enemies":"Exordium Thugs","floor":13,"turns":2}],"seed_played":"-1782144361944292285","potions_obtained":[{"floor":4,"key":"Strength Potion"},{"floor":7,"key":"Weak Potion"},{"floor":11,"key":"SkillPotion"},{"floor":12,"key":"Weak Potion"}],"is_trial":false,"path_per_floor":["M","?","$","M","?","R","M","R","T","E","M","M"],"character_chosen":"DEFECT","items_purchased":["Amplify","Cables"],"campfire_rested":1,"item_purchase_floors":[3,3],"current_hp_per_floor":[36,29,29,26,31,55,50,50,50,23,23,6,0],"gold":140,"neow_bonus":"TWO_FIFTY_GOLD","is_prod":false,"is_daily":false,"chose_seed":false,"campfire_upgraded":1,"win_rate":0,"timestamp":1530234719,"path_taken":["M","?","$","M","?","R","M","R","T","E","?","M","M"],"build_version":"2018-06-21v2","purchased_purges":0,"victory":false,"max_hp_per_floor":[75,75,75,75,80,80,80,80,80,80,80,80,80],"card_choices":[{"not_picked":["Barrage","Reprogram","Sweeping Beam"],"picked":"SKIP","floor":1},{"not_picked":["FTL","Scrape"],"picked":"White Noise","floor":4},{"not_picked":["Barrage","Cold Snap","Fusion"],"picked":"SKIP","floor":7},{"not_picked":["Leap","Auto Shields"],"picked":"Creative AI","floor":10},{"not_picked":["Sweeping Beam","Rebound","Stack"],"picked":"SKIP","floor":11},{"not_picked":["Ball Lightning","Turbo","Steam Power"],"picked":"SKIP","floor":12}],"player_experience":564548,"relics_obtained":[{"floor":9,"key":"Ornamental Fan"},{"floor":10,"key":"Tiny Chest"}],"event_choices":[{"event_name":"Golden Wing","player_choice":"Card Removal","floor":2,"damage_taken":0},{"event_name":"Big Fish","player_choice":"Donut","floor":5,"damage_taken":0}],"boss_relics":[],"items_purged_floors":[],"is_endless":false,"potions_floor_spawned":[4,7,11,12],"killed_by":"Exordium Thugs","ascension_level":4}