{"gold_per_floor":[117,131,143,143,157,157,196,212,238,238,256,290,290,315,315,434,434,459,477,477,501,501,539,539],"floor_reached":24,"playtime":978,"items_purged":[],"score":350,"play_id":"935cfff4-e1fc-4965-8009-59d5a6d5431f","local_time":"20180803163027","is_ascension_mode":true,"campfire_choices":[{"data":"Neutralize","floor":6,"key":"SMITH"},{"floor":13,"key":"REST"},{"data":"After Image","floor":15,"key":"SMITH"}],"neow_cost":"NONE","seed_source_timestamp":601753203181495,"circlet_count":0,"master_deck":["Defend_G","Defend_G","Defend_G","Defend_G","Strike_G","Strike_G","Survivor","Neutralize+1","Deadly Poison+1","Die Die Die+1","A Thousand Cuts+1","Sucker Punch","All Out Attack","Blade Dance","Injury","Deflect","PiercingWail","Skewer","Backstab","Flying Knee","Blur","After Image+1","A Thousand Cuts","Escape Plan+1","Bane","Dash","Deadly Poison+1","Die Die Die"],"relics":["Astrolabe","Golden Idol","Happy Flower","Ancient Tea Set","Centennial Puzzle","Cursed Key","Blood Vial"],"potions_floor_usage":[7,16,16,23],"damage_taken":[{"damage":0,"enemies":"Cultist","floor":1,"turns":4},{"damage":0,"enemies":"2 Louse","floor":2,"turns":1},{"damage":0,"enemies":"Small Slimes","floor":3,"turns":2},{"damage":13,"enemies":"Red Slaver","floor":5,"turns":4},{"damage":21,"enemies":"Lagavulin","floor":7,"turns":6},{"damage":0,"enemies":"Lots of Slimes","floor":8,"turns":1},{"damage":0,"enemies":"Large Slime","floor":11,"turns":4},{"damage":10,"enemies":"3 Sentries","floor":12,"turns":3},{"damage":0,"enemies":"2 Fungi Beasts","floor":14,"turns":2},{"damage":0,"enemies":"Slime Boss","floor":16,"turns":4},{"damage":15,"enemies":"3 Byrds","floor":18,"turns":2},{"damage":7,"enemies":"Shell Parasite","floor":19,"turns":4},{"damage":5,"enemies":"Snake Plant","floor":21,"turns":5},{"damage":34,"enemies":"Gremlin Leader","floor":23,"turns":6},{"damage":5,"enemies":"Cultist and Chosen","floor":24,"turns":4}],"seed_played":"8074616275889445503","potions_obtained":[{"floor":1,"key":"Strength Potion"},{"floor":3,"key":"Fire Potion"},{"floor":5,"key":"Weak Potion"},{"floor":12,"key":"Fire Potion"},{"floor":19,"key":"Dexterity Potion"}],"is_trial":false,"path_per_floor":["M","M","M","?","M","R","E","M","T","?","M","E","R","M","R","B",null,"M","M","?","M","?","E"],"character_chosen":"THE_SILENT","items_purchased":[],"campfire_rested":1,"item_purchase_floors":[],"current_hp_per_floor":[70,70,70,70,57,57,36,36,36,36,36,26,47,47,47,47,64,49,42,42,37,37,3,0],"gold":539,"neow_bonus":"BOSS_RELIC","is_prod":false,"is_daily":false,"chose_seed":false,"campfire_upgraded":2,"win_rate":0,"timestamp":1533306627,"path_taken":["M","M","M","?","M","R","E","M","T","?","M","E","R","M","R","BOSS","M","?","?","?","?","E","M"],"build_version":"2018-08-02","purchased_purges":0,"victory":false,"max_hp_per_floor":[70,70,70,70,70,70,70,70,70,70,70,70,70,70,70,70,70,70,70,70,70,70,70,70],"card_choices":[{"not_picked":["Expertise","Tactician"],"picked":"Sucker Punch","floor":1},{"not_picked":["Poisoned Stab","Bane"],"picked":"All Out Attack","floor":2},{"not_picked":["Deadly Poison","Flying Knee"],"picked":"Blade Dance","floor":3},{"not_picked":["Deadly Poison","Masterful Stab"],"picked":"Deflect","floor":5},{"not_picked":["Phantasmal Killer","Masterful Stab"],"picked":"PiercingWail","floor":7},{"not_picked":["Bouncing Flask","Well Laid Plans"],"picked":"Skewer","floor":8},{"not_picked":["Dagger Throw","All Out Attack"],"picked":"Flying Knee","floor":11},{"not_picked":["Underhanded Strike","Masterful Stab"],"picked":"Blur","floor":12},{"not_picked":["Underhanded Strike","Blade Dance"],"picked":"After Image","floor":14},{"not_picked":["Adrenaline","Wraith Form v2"],"picked":"A Thousand Cuts","floor":16},{"not_picked":["Bouncing Flask+1","PiercingWail"],"picked":"Escape Plan+1","floor":18},{"not_picked":["Acrobatics","Finisher"],"picked":"Bane","floor":19},{"not_picked":["Underhanded Strike","Flying Knee"],"picked":"Deadly Poison+1","floor":21},{"not_picked":["Noxious Fumes","Deadly Poison"],"picked":"Die Die Die","floor":23}],"player_experience":220967,"relics_obtained":[{"floor":7,"key":"Happy Flower"},{"floor":9,"key":"Ancient Tea Set"},{"floor":12,"key":"Centennial Puzzle"},{"floor":23,"key":"Blood Vial"}],"event_choices":[{"event_name":"Golden Idol","player_choice":"Take Wound","floor":4,"damage_taken":0},{"event_name":"Transmorgrifier","player_choice":"Transform","floor":10,"damage_taken":0},{"event_name":"The Library","player_choice":"Read","floor":20,"damage_taken":0},{"event_name":"Drug Dealer","player_choice":"Ignored","floor":22,"damage_taken":0}],"is_beta":false,"boss_relics":[{"not_picked":["Fusion Hammer","Runic Dome"],"picked":"Cursed Key"}],"items_purged_floors":[],"is_endless":false,"potions_floor_spawned":[1,3,5,12,14,19],"killed_by":"Cultist and Chosen","ascension_level":5}