{"gold_per_floor":[111,128,145,0,13,39,39,56,107,125,150,170,181,212,212,290,290,309,104,90,102,116,116,127,22,22,22,22,53,53,53,53,53],"floor_reached":33,"playtime":1867,"items_purged":["Anger","Strike_R"],"score":641,"play_id":"bc5715e0-a377-4ec8-ab02-2337940beb30","local_time":"20190404174748","is_ascension_mode":true,"campfire_choices":[{"data":"Rampage","floor":15,"key":"SMITH"},{"data":"Whirlwind","floor":23,"key":"SMITH"},{"data":"Offering","floor":28,"key":"SMITH"},{"floor":30,"key":"REST"},{"data":"Disarm","floor":32,"key":"SMITH"}],"neow_cost":"NONE","seed_source_timestamp":6628147880662,"circlet_count":0,"master_deck":["AscendersBane","Strike_R","Strike_R","Strike_R","Defend_R","Defend_R","Defend_R","Defend_R","Bash","Headbutt","Rampage+1","Headbutt","Impervious","Disarm+1","Offering+1","Impervious","Shrug It Off","Shrug It Off","Disarm","Entrench+1","Whirlwind+1","Battle Trance","Bludgeon","Armaments+1"],"relics":["Burning Blood","PreservedInsect","The Courier","Bag of Marbles","Pantograph","Potion Belt","Snecko Eye","Membership Card","Bottled Lightning","Blood Vial"],"potions_floor_usage":[5,6,13,14,33,33,33],"damage_taken":[{"damage":5,"enemies":"Small Slimes","floor":1,"turns":3},{"damage":1,"enemies":"Cultist","floor":2,"turns":3},{"damage":3,"enemies":"2 Louse","floor":3,"turns":2},{"damage":11,"enemies":"Looter","floor":5,"turns":2},{"damage":0,"enemies":"Gremlin Nob","floor":6,"turns":2},{"damage":17,"enemies":"Lots of Slimes","floor":8,"turns":5},{"damage":6,"enemies":"Blue Slaver","floor":10,"turns":3},{"damage":25,"enemies":"3 Sentries","floor":11,"turns":7},{"damage":27,"enemies":"Large Slime","floor":12,"turns":6},{"damage":2,"enemies":"3 Louse","floor":13,"turns":2},{"damage":0,"enemies":"Gremlin Nob","floor":14,"turns":2},{"damage":54,"enemies":"Slime Boss","floor":16,"turns":11},{"damage":11,"enemies":"Shell Parasite","floor":18,"turns":4},{"damage":6,"enemies":"2 Thieves","floor":20,"turns":4},{"damage":16,"enemies":"Snecko","floor":21,"turns":6},{"damage":7,"enemies":"Chosen and Byrds","floor":22,"turns":6},{"damage":7,"enemies":"3 Cultists","floor":24,"turns":6},{"damage":6,"enemies":"Slavers","floor":29,"turns":4},{"damage":79,"enemies":"Champ","floor":33,"turns":18}],"seed_played":"-5737816028315314310","potions_obtained":[{"floor":1,"key":"AttackPotion"},{"floor":5,"key":"Explosive Potion"},{"floor":11,"key":"Explosive Potion"},{"floor":12,"key":"AttackPotion"},{"floor":16,"key":"Weak Potion"},{"floor":18,"key":"Ancient Potion"},{"floor":20,"key":"Block Potion"},{"floor":24,"key":"GamblersBrew"}],"is_trial":false,"path_per_floor":["M","M","M","$","M","E","?","M","T","M","E","M","M","E","R","B",null,"M","$","M","M","M","R","M","$","T","?","R","E","R","?","R","B"],"character_chosen":"IRONCLAD","items_purchased":["PreservedInsect","Membership Card","Shrug It Off","Bludgeon"],"campfire_rested":1,"item_purchase_floors":[4,19,19,25],"current_hp_per_floor":[69,74,75,75,70,75,75,64,64,64,45,24,28,34,34,11,59,54,54,54,44,43,43,42,42,42,42,42,42,64,64,64,0],"gold":53,"neow_bonus":"THREE_CARDS","is_prod":false,"is_daily":false,"chose_seed":false,"campfire_upgraded":4,"win_rate":0,"timestamp":1554410868,"path_taken":["M","M","M","$","M","E","?","M","T","?","E","M","M","E","R","BOSS","M","$","M","?","M","R","M","$","T","?","R","E","R","?","R","BOSS"],"build_version":"2019-01-23","purchased_purges":2,"victory":false,"max_hp_per_floor":[75,75,75,75,75,75,75,75,75,75,75,75,75,75,75,75,75,75,75,75,75,75,75,75,75,75,75,75,75,75,75,75,75],"card_choices":[{"not_picked":["Rupture","Sword Boomerang"],"picked":"Headbutt","floor":0},{"not_picked":["Bloodletting","Dropkick"],"picked":"Anger","floor":1},{"not_picked":["Dual Wield","Carnage"],"picked":"Rampage","floor":2},{"not_picked":["Thunderclap","Perfected Strike","Second Wind"],"picked":"SKIP","floor":3},{"not_picked":["Cleave","Entrench","Dual Wield"],"picked":"SKIP","floor":5},{"not_picked":["Seeing Red","Bloodletting","Flex"],"picked":"SKIP","floor":6},{"not_picked":["Sentinel","Perfected Strike"],"picked":"Headbutt","floor":8},{"not_picked":["Body Slam","Infernal Blade","Seeing Red"],"picked":"SKIP","floor":10},{"not_picked":["Flex","Burning Pact"],"picked":"Impervious","floor":11},{"not_picked":["Heavy Blade","Clash","True Grit"],"picked":"SKIP","floor":12},{"not_picked":["Flex","Iron Wave"],"picked":"Disarm","floor":13},{"not_picked":["Clothesline","Clash"],"picked":"Offering","floor":14},{"not_picked":["Reaper","Double Tap"],"picked":"Impervious","floor":16},{"not_picked":["Armaments+1","Dropkick+1"],"picked":"Shrug It Off","floor":18},{"not_picked":["Iron Wave","Perfected Strike"],"picked":"Disarm","floor":20},{"not_picked":["Fire Breathing","Armaments"],"picked":"Entrench+1","floor":21},{"not_picked":["Combust","Pommel Strike"],"picked":"Whirlwind","floor":22},{"not_picked":["Second Wind","Power Through"],"picked":"Battle Trance","floor":24},{"not_picked":["Intimidate","Sword Boomerang"],"picked":"Armaments+1","floor":29}],"player_experience":513669,"relics_obtained":[{"floor":6,"key":"The Courier"},{"floor":9,"key":"Bag of Marbles"},{"floor":11,"key":"Pantograph"},{"floor":14,"key":"Potion Belt"},{"floor":26,"key":"Bottled Lightning"},{"floor":29,"key":"Blood Vial"}],"event_choices":[{"cards_removed":["Strike_R"],"damage_healed":0,"gold_gain":0,"player_choice":"Offered Basic","damage_taken":0,"max_hp_gain":0,"max_hp_loss":0,"event_name":"Bonfire Elementals","floor":7,"gold_loss":0},{"damage_healed":0,"gold_gain":0,"player_choice":"Got Potions","damage_taken":0,"max_hp_gain":0,"max_hp_loss":0,"event_name":"Lab","floor":31,"gold_loss":0}],"is_beta":false,"boss_relics":[{"not_picked":["Philosopher\u0027s Stone","Tiny House"],"picked":"Snecko Eye"}],"items_purged_floors":[19,25],"is_endless":false,"potions_floor_spawned":[1,5,11,12,16,18,20,24,29],"killed_by":"Champ","ascension_level":15}