{"gold_per_floor":[18,31,31,31,46,76,76,96,165,175,204,129,129,145,145,269,269,285,301,132,132,132,132,165,184,184,207,207,207,228,14,14,142,142,167,167,185,185,200,200,218,218,273,273,286,92,112,132,132,132],"floor_reached":51,"playtime":6917,"items_purged":["Strike_B","Defend_B","Defend_B"],"score":785,"play_id":"7abae6c7-0bb4-4bcb-b821-bf4ee4699b7f","local_time":"20180702194957","is_ascension_mode":true,"campfire_choices":[{"floor":7.0,"key":"DIG"},{"floor":15.0,"key":"REST"},{"floor":23.0,"key":"REST"},{"floor":28.0,"key":"REST"},{"floor":32.0,"key":"REST"},{"floor":40,"key":"REST"},{"floor":42,"key":"REST"},{"floor":44,"key":"REST"},{"floor":49,"key":"REST"}],"neow_cost":"","seed_source_timestamp":1453739140726,"circlet_count":0,"master_deck":["Defend_B","Defend_B","Zap+1","Dualcast","Electrodynamics","Self Repair","Heatsinks","Injury","Gash","White Noise","Buffer","Buffer","Rip and Tear+1","Go for the Eyes+1","Reinforced Body+1","Static Discharge+1","Creative AI","Defragment+1","Glacier","Thunder Strike","Glacier","Static Discharge+1","Force Field","Buffer"],"special_seed":0,"relics":["Cracked Core","Shovel","Singing Bowl","Pantograph","Anchor","Golden Idol","Astrolabe","Happy Flower","Vajra","DataDisk","Inserter","Strawberry"],"potions_floor_usage":[50,50],"damage_taken":[{"damage":1.0,"enemies":"Cultist","floor":1.0,"turns":3.0},{"damage":0.0,"enemies":"Small Slimes","floor":2.0,"turns":2.0},{"damage":7.0,"enemies":"2 Louse","floor":5.0,"turns":4.0},{"damage":37.0,"enemies":"Lagavulin","floor":6.0,"turns":6.0},{"damage":8.0,"enemies":"Gremlin Gang","floor":8.0,"turns":2.0},{"damage":17.0,"enemies":"Lots of Slimes","floor":10.0,"turns":2.0},{"damage":17.0,"enemies":"3 Sentries","floor":11.0,"turns":4.0},{"damage":6.0,"enemies":"Looter","floor":14.0,"turns":4.0},{"damage":47.0,"enemies":"The Guardian","floor":16.0,"turns":13.0},{"damage":27.0,"enemies":"3 Byrds","floor":18.0,"turns":4.0},{"damage":22.0,"enemies":"Spheric Guardian","floor":19.0,"turns":4.0},{"damage":29.0,"enemies":"Book of Stabbing","floor":24.0,"turns":4.0},{"damage":0.0,"enemies":"Centurion and Healer","floor":25.0,"turns":7.0},{"damage":28.0,"enemies":"Cultist and Chosen","floor":27.0,"turns":5.0},{"damage":0.0,"enemies":"Snake Plant","floor":29.0,"turns":1.0},{"damage":13.0,"enemies":"Centurion and Healer","floor":30.0,"turns":6.0},{"damage":42.0,"enemies":"Collector","floor":33.0,"turns":11.0},{"damage":46.0,"enemies":"3 Darklings","floor":35.0,"turns":4.0},{"damage":15,"enemies":"Orb Walker","floor":37,"turns":3},{"damage":12,"enemies":"4 Shapes","floor":39,"turns":4},{"damage":22,"enemies":"Maw","floor":41,"turns":10},{"damage":26,"enemies":"3 Darklings","floor":45,"turns":5},{"damage":41,"enemies":"Sphere and 2 Shapes","floor":47,"turns":7},{"damage":0,"enemies":"Maw","floor":48,"turns":9},{"damage":47,"enemies":"Time Eater","floor":50,"turns":8}],"seed_played":"-1311284982850201771","potions_obtained":[{"floor":2.0,"key":"Dexterity Potion"},{"floor":8.0,"key":"Weak Potion"},{"floor":11.0,"key":"GamblersBrew"},{"floor":14.0,"key":"Poison Potion"},{"floor":16.0,"key":"GamblersBrew"},{"floor":24.0,"key":"Weak Potion"},{"floor":25.0,"key":"SmokeBomb"},{"floor":33.0,"key":"Weak Potion"},{"floor":39,"key":"Fire Potion"},{"floor":47,"key":"FocusPotion"},{"floor":48,"key":"Swift Potion"}],"is_trial":false,"path_per_floor":["M","M","?","$","M","E","R","M","T","M","E","$","?","M","R","B",null,"M","M","$","?","?","R","E","M","T","M","R","M","M","$","R","B",null,"M","?","M","?","M","R","M","R","T","R","M","$","M","M","R","B"],"character_chosen":"DEFECT","items_purchased":["Creative AI","DataDisk","Glacier","Force Field"],"campfire_rested":8,"item_purchase_floors":[],"current_hp_per_floor":[74,75,75,75,75,45,45,37,37,29,12,12,12,15,36,21,73,53,40,40,40,40,62,35,44,44,25,49,49,43,43,67,46,81,44,44,29,29,19,44,31,57,64,92,75,75,41,57,86,58],"gold":132,"neow_bonus":"","is_prod":false,"is_daily":false,"chose_seed":false,"campfire_upgraded":0,"win_rate":0,"timestamp":1530586197,"path_taken":["M","M","?","$","?","E","R","M","T","M","E","$","?","?","R","BOSS","M","M","$","?","?","R","E","M","T","?","R","?","?","?","R","BOSS","M","?","M","?","?","R","M","R","T","R","M","$","M","M","R","BOSS"],"build_version":"2018-06-28","purchased_purges":3,"victory":true,"max_hp_per_floor":[75,75,75,75,75,75,75,75,75,77,77,77,71,73,73,73,73,73,75,75,75,75,75,77,79,79,81,81,81,81,81,81,81,81,83,83,83,83,85,85,87,87,94,94,96,96,96,98,98,98],"card_choices":[{"not_picked":["Biased Cognition","All For One"],"picked":"Electrodynamics","floor":0.0},{"not_picked":["Coolheaded","Steam"],"picked":"Self Repair","floor":1.0},{"not_picked":["Streamline","Ball Lightning"],"picked":"Heatsinks","floor":2.0},{"not_picked":["Hologram","Sweeping Beam","Leap"],"picked":"SKIP","floor":5.0},{"not_picked":["Ball Lightning","Compile Driver"],"picked":"Gash","floor":6.0},{"not_picked":["Leap","Turbo"],"picked":"White Noise","floor":8.0},{"not_picked":["Hologram","Rebound","Tempest"],"picked":"Singing Bowl","floor":10.0},{"not_picked":["Storm","Heatsinks"],"picked":"Buffer","floor":11.0},{"not_picked":["Streamline","Darkness","Leap"],"picked":"Singing Bowl","floor":14.0},{"not_picked":["Hyperbeam","Reboot"],"picked":"Buffer","floor":16.0},{"not_picked":["Redo","Consume"],"picked":"Static Discharge+1","floor":18.0},{"not_picked":["Cold Snap","Compile Driver+1","Doom and Gloom"],"picked":"Singing Bowl","floor":19.0},{"not_picked":["Streamline","Skim+1","Melter+1"],"picked":"Singing Bowl","floor":24.0},{"not_picked":["Rebound","Barrage","Streamline+1"],"picked":"Singing Bowl","floor":25.0},{"not_picked":["Consume+1","Rip and Tear","Sweeping Beam"],"picked":"Singing Bowl","floor":27.0},{"not_picked":["Rebound+1","Hello World"],"picked":"Defragment+1","floor":30.0},{"not_picked":["All For One","Core Surge"],"picked":"Thunder Strike","floor":33.0},{"not_picked":["Stack","Auto Shields","Tempest"],"picked":"Singing Bowl","floor":35.0},{"not_picked":["Steam","Aggregate"],"picked":"Static Discharge+1","floor":37},{"not_picked":["Genetic Algorithm","Coolheaded+1","Fusion+1"],"picked":"Singing Bowl","floor":39},{"not_picked":["Undo","Redo","Beam Cell+1"],"picked":"Singing Bowl","floor":41},{"not_picked":["Barrage","Steam+1","Go for the Eyes"],"picked":"Singing Bowl","floor":45},{"not_picked":["Go for the Eyes","Sweeping Beam+1"],"picked":"Buffer","floor":47},{"not_picked":["Beam Cell","Cold Snap+1","Steam+1"],"picked":"Singing Bowl","floor":48}],"player_experience":582346,"relics_obtained":[{"floor":6.0,"key":"Shovel"},{"floor":7.0,"key":"Singing Bowl"},{"floor":9.0,"key":"Pantograph"},{"floor":11.0,"key":"Anchor"},{"floor":24.0,"key":"Happy Flower"},{"floor":26.0,"key":"Vajra"},{"floor":43,"key":"Strawberry"}],"event_choices":[{"event_name":"Accursed Blacksmith","player_choice":"Forge","floor":3.0,"damage_taken":0.0},{"event_name":"Golden Idol","player_choice":"Lose Max HP","floor":13.0,"damage_taken":0.0},{"event_name":"Match and Keep!","player_choice":"0 cards matched","floor":21.0,"damage_taken":0.0},{"event_name":"Drug Dealer","player_choice":"Ignored","floor":22.0,"damage_taken":0.0},{"event_name":"Duplicator","player_choice":"One dupe","floor":36,"damage_taken":0},{"event_name":"Tomb of Lord Red Mask","player_choice":"Ignored","floor":38,"damage_taken":0}],"boss_relics":[{"not_picked":["Tiny House","Orrery"],"picked":"Astrolabe"},{"not_picked":["Empty Cage","Sozu"],"picked":"Inserter"}],"items_purged_floors":[],"is_endless":false,"potions_floor_spawned":[2,8,11,14,16,24,25,29,33,39,47,48],"ascension_level":4}