{"gold_per_floor":[110,122,122,122,197,241,211,211,211,211,211,226,196,196,196,327,327,348,348,369,93,106,106],"floor_reached":23,"playtime":1790,"items_purged":["Writhe"],"score":187,"play_id":"573c3e6e-5473-4f02-a80a-fc1bf4a9e4b9","local_time":"20180703164801","is_ascension_mode":false,"campfire_choices":[{"floor":8,"key":"REST"},{"data":"Metallicize","floor":10,"key":"SMITH"},{"floor":15,"key":"REST"}],"neow_cost":"","seed_source_timestamp":84632831896763,"circlet_count":0,"master_deck":["Strike_R","Strike_R","Strike_R","Strike_R","Defend_R","Defend_R","Defend_R","Defend_R","Bash+1","Metallicize+1","Shrug It Off","Clash+1","Second Wind","Blood for Blood","Rampage","Regret","Double Tap","Armaments","Metallicize","Mind Blast"],"relics":["Black Blood","Golden Idol","Juzu Bracelet","Whetstone","Ancient Tea Set","Thread and Needle"],"potions_floor_usage":[16,16,16,20],"damage_taken":[{"damage":1,"enemies":"Cultist","floor":1,"turns":3},{"damage":0,"enemies":"Small Slimes","floor":2,"turns":3},{"damage":39,"enemies":"Lagavulin","floor":6,"turns":12},{"damage":3,"enemies":"Jaw Worm","floor":12,"turns":4},{"damage":5,"enemies":"Looter","floor":13,"turns":4},{"damage":49,"enemies":"Slime Boss","floor":16,"turns":20},{"damage":31,"enemies":"Spheric Guardian","floor":18,"turns":6},{"damage":36,"enemies":"3 Byrds","floor":20,"turns":8},{"damage":47,"enemies":"3 Cultists","floor":22,"turns":7},{"damage":12,"enemies":"Gremlin Leader","floor":23,"turns":4}],"seed_played":"6339974086977067732","potions_obtained":[{"floor":6,"key":"SpeedPotion"},{"floor":7,"key":"EssenceOfSteel"},{"floor":7,"key":"BloodPotion"},{"floor":16,"key":"AttackPotion"},{"floor":18,"key":"Ancient Potion"}],"is_trial":false,"path_per_floor":["M","M","?","?","?","E","?","R","T","R","?","M","M","?","R","B",null,"M","?","M","$","M"],"character_chosen":"IRONCLAD","items_purchased":["Mind Blast","FairyPotion"],"campfire_rested":2,"item_purchase_floors":[21,21],"current_hp_per_floor":[80,80,60,60,49,16,16,40,40,40,40,43,44,44,68,33,80,59,59,33,33,12,0],"gold":106,"neow_bonus":"","is_prod":false,"is_daily":false,"chose_seed":false,"campfire_upgraded":1,"win_rate":0.0,"timestamp":1530629281,"path_taken":["M","M","?","?","?","E","?","R","T","R","?","M","M","?","R","BOSS","M","?","M","$","M","E"],"build_version":"2018-06-28","purchased_purges":1,"victory":false,"max_hp_per_floor":[80,80,80,80,80,80,80,80,80,80,80,80,80,80,80,80,80,80,80,80,80,80,80],"card_choices":[{"not_picked":["Clash","Warcry"],"picked":"Metallicize","floor":1},{"not_picked":["Disarm","Warcry"],"picked":"Shrug It Off","floor":2},{"not_picked":["Infernal Blade","Battle Trance"],"picked":"Clash","floor":6},{"not_picked":["Hemokinesis","Battle Trance"],"picked":"Blood for Blood","floor":12},{"not_picked":["Battle Trance","Sword Boomerang"],"picked":"Rampage","floor":13},{"not_picked":["Barricade","Dark Embrace"],"picked":"Double Tap","floor":16},{"not_picked":["Infernal Blade","Cleave"],"picked":"Armaments","floor":18},{"not_picked":["Twin Strike","Iron Wave"],"picked":"Metallicize","floor":20},{"not_picked":["Headbutt+1","Infernal Blade","Barricade"],"picked":"SKIP","floor":22}],"player_experience":10483,"relics_obtained":[{"floor":6,"key":"Juzu Bracelet"},{"floor":9,"key":"Whetstone"}],"event_choices":[{"event_name":"Golden Idol","player_choice":"Take Damage","floor":3,"damage_taken":0},{"event_name":"Golden Wing","player_choice":"Ignored","floor":4,"damage_taken":0},{"event_name":"World of Goop","player_choice":"Gather Gold","floor":5,"damage_taken":0},{"event_name":"The Woman in Blue","player_choice":"Bought 2 Potions","floor":7,"damage_taken":0},{"event_name":"Transmorgrifier","player_choice":"Transform","floor":11,"damage_taken":0},{"event_name":"Big Fish","player_choice":"Box","floor":14,"damage_taken":0},{"event_name":"The Mausoleum","player_choice":"Yes","floor":19,"damage_taken":0}],"boss_relics":[{"not_picked":["Philosopher\u0027s Stone","Fusion Hammer"],"picked":"Black Blood"}],"items_purged_floors":[21],"is_endless":false,"potions_floor_spawned":[6,16,18],"killed_by":"Gremlin Leader","ascension_level":0}