{"gold_per_floor":[369,369,83,83,38,38,73,73,73,104,121,121,121,155,155,260,260,273,103,103,103,115,140,159,170,170,199,199,199,199,199,199,296,346,363,363,363,363,363,363,395,411,411,411,411,444,556,600,612,624,636,648,12,47,47],"floor_reached":56,"playtime":3915,"items_purged":["Decay","Strike_B","Decay"],"score":1679,"play_id":"da293643-04fd-4fe6-8549-6acd37f7817d","local_time":"20190212205635","is_ascension_mode":true,"campfire_choices":[{"data":"Buffer","floor":6,"key":"SMITH"},{"data":"Redo","floor":8,"key":"SMITH"},{"data":"Defragment","floor":12,"key":"SMITH"},{"floor":15,"key":"REST"},{"floor":28,"key":"REST"},{"data":"Tempest","floor":32,"key":"SMITH"},{"data":"Chill","floor":40,"key":"SMITH"},{"floor":44,"key":"REST"},{"floor":49,"key":"RECALL"},{"data":"Echo Form","floor":52,"key":"SMITH"}],"neow_cost":"CURSE","seed_source_timestamp":2485015923289500,"circlet_count":0,"master_deck":["Defend_B","Defend_B","Defend_B","Zap","Dualcast+1","Defragment+1","Buffer+1","Turbo+1","Cold Snap","Ball Lightning","Ball Lightning","Loop","Echo Form+1","Chill+1","Coolheaded","Leap","Tempest+1","Steam","RitualDagger","Coolheaded+1","Heatsinks+1","Ball Lightning","Defragment+1","Go for the Eyes+1","Ghostly","Ghostly","Ghostly+1","Ghostly","Ghostly","Meteor Strike","Fusion+1","Go for the Eyes","Metamorphosis","Panacea","Blind","Madness","Madness","Hologram+1","Turbo+1","Beam Cell+1","Hologram+1","Capacitor+1","Glacier","Panache","Static Discharge","Go for the Eyes+1"],"relics":["Cracked Core","Kunai","FossilizedHelix","War Paint","Juzu Bracelet","StoneCalendar","Inserter","PreservedInsect","Ornamental Fan","Gremlin Horn","GremlinMask","Tiny House","Bag of Preparation","Bird Faced Urn","MawBank","Emotion Chip","Symbiotic Virus","DataDisk","Bottled Lightning"],"potions_floor_usage":[10,16,23,27,27,41,47,50,54],"damage_taken":[{"damage":2,"enemies":"Cultist","floor":1,"turns":4},{"damage":6,"enemies":"Gremlin Nob","floor":7,"turns":5},{"damage":17,"enemies":"3 Sentries","floor":10,"turns":6},{"damage":0,"enemies":"2 Louse","floor":11,"turns":2},{"damage":0,"enemies":"Lagavulin","floor":14,"turns":4},{"damage":14,"enemies":"Hexaghost","floor":16,"turns":7},{"damage":0,"enemies":"Chosen","floor":18,"turns":5},{"damage":0,"enemies":"Spheric Guardian","floor":22,"turns":6},{"damage":20,"enemies":"Gremlin Leader","floor":23,"turns":7},{"damage":12,"enemies":"3 Cultists","floor":24,"turns":6},{"damage":9,"enemies":"Centurion and Healer","floor":25,"turns":7},{"damage":21,"enemies":"Slavers","floor":27,"turns":3},{"damage":0,"enemies":"Collector","floor":33,"turns":9},{"damage":0,"enemies":"3 Shapes","floor":35,"turns":7},{"damage":25,"enemies":"Reptomancer","floor":41,"turns":7},{"damage":0,"enemies":"3 Darklings","floor":42,"turns":7},{"damage":0,"enemies":"Nemesis","floor":46,"turns":7},{"damage":0,"enemies":"Mind Bloom Boss Battle","floor":47,"turns":7},{"damage":0,"enemies":"Giant Head","floor":48,"turns":10},{"damage":0,"enemies":"Time Eater","floor":50,"turns":11},{"damage":0,"enemies":"Shield and Spear","floor":54,"turns":6},{"damage":41,"enemies":"The Heart","floor":55,"turns":12}],"seed_played":"-8820017895054015399","potions_obtained":[{"floor":1,"key":"LiquidBronze"},{"floor":11,"key":"Block Potion"},{"floor":14,"key":"FairyPotion"},{"floor":16,"key":"Energy Potion"},{"floor":22,"key":"Strength Potion"},{"floor":23,"key":"Dexterity Potion"},{"floor":25,"key":"Energy Potion"},{"floor":34,"key":"LiquidBronze"},{"floor":46,"key":"Swift Potion"},{"floor":47,"key":"SteroidPotion"},{"floor":48,"key":"SpeedPotion"}],"is_trial":false,"path_per_floor":["M","T","$","?","$","R","E","R","T","E","M","R","T","E","R","B",null,"M","$","?","?","M","E","M","M","T","E","R","?","?","?","R","B",null,"M","?","?","?","?","R","E","M","T","R","?","E","?","E","R","B",null,"R","$","E","B",null],"character_chosen":"DEFECT","items_purchased":["Buffer","Turbo","Redo","Cold Snap","Coolheaded","Leap","DataDisk","Glacier","Panache","Static Discharge","Strength Potion"],"campfire_rested":3,"item_purchase_floors":[3,3,3,5,19,19,53,53,53,53,53],"current_hp_per_floor":[73,73,73,73,73,73,67,67,67,50,50,50,50,50,72,58,75,75,75,75,69,69,49,37,28,28,7,29,29,29,29,29,29,42,42,32,32,32,27,27,2,2,2,14,14,26,38,42,42,42,42,42,42,42,10],"gold":47,"neow_bonus":"TWO_FIFTY_GOLD","is_prod":false,"is_daily":false,"chose_seed":false,"campfire_upgraded":6,"win_rate":0,"timestamp":1550030195,"path_taken":["M","?","$","?","$","R","E","R","T","E","?","R","?","E","R","BOSS","M","$","?","?","M","E","M","M","T","E","R","?","?","?","R","BOSS","M","?","?","?","?","R","E","M","T","R","?","E","?","E","R","BOSS","R","$","E","BOSS"],"build_version":"2019-02-06","purchased_purges":3,"victory":true,"max_hp_per_floor":[75,75,75,75,75,75,75,75,75,75,75,75,75,75,75,75,75,75,75,75,75,75,75,75,75,75,75,75,37,37,37,37,37,42,42,42,42,42,42,42,42,42,42,42,42,42,42,42,42,42,42,42,42,42,42],"card_choices":[{"not_picked":["Turbo","Streamline"],"picked":"Defragment","floor":1},{"not_picked":["Double Energy","Leap"],"picked":"Ball Lightning","floor":7},{"not_picked":["Lockon","Recycle"],"picked":"Ball Lightning","floor":10},{"not_picked":["Blizzard","Hologram","Streamline"],"picked":"SKIP","floor":11},{"not_picked":["Steam","Genetic Algorithm"],"picked":"Loop","floor":14},{"not_picked":["Hyperbeam","All For One"],"picked":"Echo Form","floor":16},{"not_picked":["Sunder","Stack"],"picked":"Chill","floor":18},{"not_picked":["Steam Power","FTL"],"picked":"Coolheaded+1","floor":22},{"not_picked":["Compile Driver","Fission"],"picked":"Heatsinks+1","floor":23},{"not_picked":["Streamline+1","Scrape"],"picked":"Ball Lightning","floor":24},{"not_picked":["Recycle+1","Hello World"],"picked":"Defragment+1","floor":25},{"not_picked":["Darkness+1","Hologram"],"picked":"Go for the Eyes+1","floor":27},{"not_picked":["Biased Cognition","Multi-Cast"],"picked":"Meteor Strike","floor":33},{"not_picked":["Rebound+1","Redo"],"picked":"Fusion+1","floor":34},{"not_picked":["Coolheaded","Rebound+1"],"picked":"Go for the Eyes","floor":35},{"not_picked":["Trip","Madness"],"picked":"Metamorphosis","floor":36},{"not_picked":["Apotheosis","Swift Strike"],"picked":"Panacea","floor":36},{"not_picked":["Mind Blast","Jack Of All Trades"],"picked":"Blind","floor":36},{"not_picked":["Beam Cell","Melter"],"picked":"Hologram+1","floor":41},{"not_picked":["Stack","Chaos"],"picked":"Turbo+1","floor":42},{"not_picked":["Genetic Algorithm+1","Rebound"],"picked":"Beam Cell+1","floor":46},{"not_picked":["Sweeping Beam+1","Leap"],"picked":"Hologram+1","floor":47},{"not_picked":["Static Discharge","Beam Cell"],"picked":"Capacitor+1","floor":48},{"not_picked":["Chaos","Steam"],"picked":"Go for the Eyes+1","floor":54}],"player_experience":490044,"relics_obtained":[{"floor":2,"key":"Kunai"},{"floor":7,"key":"FossilizedHelix"},{"floor":10,"key":"War Paint"},{"floor":13,"key":"Juzu Bracelet"},{"floor":14,"key":"StoneCalendar"},{"floor":23,"key":"PreservedInsect"},{"floor":26,"key":"Ornamental Fan"},{"floor":27,"key":"Gremlin Horn"},{"floor":41,"key":"Bag of Preparation"},{"floor":43,"key":"Bird Faced Urn"},{"floor":46,"key":"MawBank"},{"floor":47,"key":"Emotion Chip"},{"floor":48,"key":"Symbiotic Virus"},{"floor":54,"key":"Bottled Lightning"}],"event_choices":[{"cards_removed":["Strike_B"],"damage_healed":0,"gold_gain":0,"player_choice":"Purged","damage_taken":0,"max_hp_gain":0,"max_hp_loss":0,"event_name":"Purifier","floor":4,"gold_loss":0},{"damage_healed":0,"gold_gain":0,"cards_transformed":["Strike_B","Strike_B"],"player_choice":"Became Test Subject","damage_taken":0,"max_hp_gain":0,"max_hp_loss":0,"event_name":"Drug Dealer","floor":20,"gold_loss":0,"cards_obtained":["Tempest","Steam"]},{"damage_healed":0,"gold_gain":0,"player_choice":"Joined the Cult","damage_taken":6,"max_hp_gain":0,"max_hp_loss":0,"event_name":"Nest","floor":21,"gold_loss":0,"cards_obtained":["RitualDagger"]},{"damage_healed":0,"gold_gain":0,"player_choice":"Became a Ghost","damage_taken":0,"max_hp_gain":0,"max_hp_loss":38,"event_name":"Ghosts","floor":29,"gold_loss":0,"cards_obtained":["Ghostly","Ghostly","Ghostly","Ghostly","Ghostly"]},{"cards_removed":["Defend_B"],"damage_healed":0,"gold_gain":0,"player_choice":"Elegance","damage_taken":0,"max_hp_gain":0,"max_hp_loss":0,"event_name":"Back to Basics","floor":30,"gold_loss":0},{"damage_healed":0,"gold_gain":0,"player_choice":"Trade","damage_taken":0,"relics_obtained":["GremlinMask"],"max_hp_gain":0,"max_hp_loss":0,"event_name":"FaceTrader","floor":31,"gold_loss":0},{"damage_healed":0,"gold_gain":0,"player_choice":"Memory 3","damage_taken":10,"max_hp_gain":0,"max_hp_loss":0,"event_name":"SensoryStone","floor":36,"gold_loss":0},{"damage_healed":0,"gold_gain":0,"player_choice":"Ignored","damage_taken":0,"max_hp_gain":0,"max_hp_loss":0,"event_name":"Tomb of Lord Red Mask","floor":37,"gold_loss":0},{"damage_healed":0,"gold_gain":0,"player_choice":"Cursed","damage_taken":0,"max_hp_gain":0,"max_hp_loss":0,"event_name":"Wheel of Change","floor":38,"gold_loss":0,"cards_obtained":["Decay"]},{"damage_healed":0,"gold_gain":0,"player_choice":"Embrace Madness","damage_taken":5,"max_hp_gain":0,"max_hp_loss":0,"event_name":"Winding Halls","floor":39,"gold_loss":0,"cards_obtained":["Madness","Madness"]},{"cards_removed":["Redo"],"damage_healed":0,"gold_gain":0,"player_choice":"Removed Skill","damage_taken":0,"max_hp_gain":0,"max_hp_loss":0,"event_name":"Falling","floor":45,"gold_loss":0},{"damage_healed":0,"gold_gain":0,"player_choice":"Fight","damage_taken":0,"max_hp_gain":0,"max_hp_loss":0,"event_name":"MindBloom","floor":47,"gold_loss":0}],"is_beta":true,"boss_relics":[{"not_picked":["Lizard Tail","Sozu"],"picked":"Inserter"},{"not_picked":["Philosopher\u0027s Stone","Eternal Feather"],"picked":"Tiny House"}],"items_purged_floors":[3,19,53],"is_endless":false,"potions_floor_spawned":[1,11,14,16,22,23,25,46,47,48],"ascension_level":3}