{"gold_per_floor":[119,269,48,48,62,62,9,41,119,119,153,172,192,212,212,285,285,302,302,352,352,139,139,94,120,146,22,39,39,39,59,59,59],"floor_reached":33,"playtime":905,"items_purged":["Doubt","Writhe"],"score":542,"play_id":"f06892a1-1c36-42d5-ac9e-4172ebff6720","local_time":"20190104195536","is_ascension_mode":true,"campfire_choices":[{"data":"Perfected Strike","floor":6,"key":"SMITH"},{"data":"Pommel Strike","floor":10,"key":"SMITH"},{"data":"Disarm","floor":15,"key":"SMITH"},{"data":"Perfected Strike","floor":23,"key":"SMITH"},{"floor":29,"key":"REST"},{"floor":32,"key":"REST"}],"neow_cost":"NONE","seed_source_timestamp":33557302914511,"circlet_count":0,"master_deck":["AscendersBane","Strike_R","Strike_R","Strike_R","Strike_R","Defend_R","Defend_R","Defend_R","Defend_R","Bash","Double Tap","Twin Strike","Perfected Strike+1","Flame Barrier","Twin Strike","Disarm+1","Pommel Strike+1","Pommel Strike","Shrug It Off+1","Demon Form","Disarm+1","Perfected Strike+1","Dual Wield","Normality"],"relics":["Burning Blood","Dream Catcher","The Courier","Bottled Lightning","Cursed Key","Blood Vial","Vajra","War Paint","Lantern"],"potions_floor_usage":[11,14,16,25,25,28],"damage_taken":[{"damage":11,"enemies":"Small Slimes","floor":1,"turns":5},{"damage":0,"enemies":"Jaw Worm","floor":5,"turns":2},{"damage":6,"enemies":"Gremlin Nob","floor":8,"turns":3},{"damage":36,"enemies":"Lagavulin","floor":11,"turns":6},{"damage":0,"enemies":"Cultist","floor":12,"turns":2},{"damage":13,"enemies":"Large Slime","floor":13,"turns":3},{"damage":16,"enemies":"Blue Slaver","floor":14,"turns":3},{"damage":13,"enemies":"The Guardian","floor":16,"turns":16},{"damage":24,"enemies":"Spheric Guardian","floor":18,"turns":4},{"damage":43,"enemies":"Gremlin Leader","floor":25,"turns":4},{"damage":22,"enemies":"2 Thieves","floor":28,"turns":4},{"damage":0,"enemies":"Snake Plant","floor":31,"turns":1},{"damage":90,"enemies":"Automaton","floor":33,"turns":6}],"seed_played":"3726715678715281134","potions_obtained":[{"floor":5,"key":"Regen Potion"},{"floor":13,"key":"BloodPotion"},{"floor":14,"key":"Weak Potion"},{"floor":25,"key":"Weak Potion"}],"is_trial":false,"path_per_floor":["M","?","$","?","M","R","$","E","T","R","E","M","M","M","R","B",null,"M","?","?","?","$","R","$","E","T","$","M","R","T","M","R","B"],"character_chosen":"IRONCLAD","items_purchased":["Perfected Strike","Flame Barrier","Twin Strike","Pommel Strike","Blood Vial","Perfected Strike","AttackPotion","AttackPotion","SteroidPotion"],"campfire_rested":2,"item_purchase_floors":[3,3,3,7,22,22,22,24,27],"current_hp_per_floor":[63,63,63,56,62,62,62,62,62,62,37,43,36,33,33,26,63,45,60,60,60,60,60,60,25,25,25,11,33,33,41,63,0],"gold":59,"neow_bonus":"ONE_RANDOM_RARE_CARD","is_prod":false,"is_daily":false,"chose_seed":false,"campfire_upgraded":4,"win_rate":0,"timestamp":1546628136,"path_taken":["M","?","$","?","?","R","$","E","T","R","E","M","?","M","R","BOSS","M","?","?","?","$","R","?","E","T","$","?","R","?","M","R","BOSS"],"build_version":"2019-01-03v3","purchased_purges":2,"victory":false,"max_hp_per_floor":[75,75,75,75,75,75,75,75,75,75,75,75,75,75,75,75,75,75,75,75,75,75,75,75,75,75,75,75,75,75,75,75,75],"card_choices":[{"not_picked":["Sword Boomerang","Shrug It Off"],"picked":"Twin Strike","floor":1},{"not_picked":["Uppercut","Flex"],"picked":"Disarm","floor":5},{"not_picked":["Inflame","Pummel"],"picked":"Pommel Strike","floor":8},{"not_picked":["Inflame","Warcry","Feel No Pain"],"picked":"SKIP","floor":11},{"not_picked":["Sword Boomerang","Rupture"],"picked":"Shrug It Off","floor":12},{"not_picked":["Fire Breathing","Thunderclap","Bloodletting"],"picked":"SKIP","floor":13},{"not_picked":["Dual Wield","Pommel Strike","Thunderclap"],"picked":"SKIP","floor":14},{"not_picked":["Double Tap","Feed"],"picked":"Demon Form","floor":16},{"not_picked":["Headbutt","Blood for Blood"],"picked":"Disarm","floor":18},{"not_picked":["Clothesline","Exhume"],"picked":"Dual Wield","floor":25},{"not_picked":["Sword Boomerang","Cleave","Clothesline"],"picked":"SKIP","floor":28},{"not_picked":["Fire Breathing","Bloodletting","Feed"],"picked":"SKIP","floor":31}],"player_experience":1107098,"relics_obtained":[{"floor":8,"key":"Dream Catcher"},{"floor":9,"key":"The Courier"},{"floor":11,"key":"Bottled Lightning"},{"floor":25,"key":"Vajra"},{"floor":26,"key":"War Paint"},{"floor":30,"key":"Lantern"}],"event_choices":[{"damage_healed":0,"gold_gain":150,"player_choice":"AGREE","damage_taken":0,"max_hp_gain":0,"max_hp_loss":0,"event_name":"Liars Game","floor":2,"gold_loss":0,"cards_obtained":["Doubt"]},{"cards_removed":["Strike_R"],"damage_healed":0,"gold_gain":0,"player_choice":"Card Removal","damage_taken":7,"max_hp_gain":0,"max_hp_loss":0,"event_name":"Golden Wing","floor":4,"gold_loss":0},{"damage_healed":15,"gold_gain":0,"player_choice":"Heal","damage_taken":0,"max_hp_gain":0,"max_hp_loss":0,"event_name":"The Library","floor":19,"gold_loss":0},{"damage_healed":0,"gold_gain":50,"player_choice":"Stole From Cult","damage_taken":0,"max_hp_gain":0,"max_hp_loss":0,"event_name":"Nest","floor":20,"gold_loss":0},{"damage_healed":0,"gold_gain":0,"player_choice":"Ignored","damage_taken":0,"max_hp_gain":0,"max_hp_loss":0,"event_name":"Vampires","floor":21,"gold_loss":0}],"is_beta":false,"boss_relics":[{"not_picked":["Runic Cube","Eternal Feather"],"picked":"Cursed Key"}],"items_purged_floors":[3,27],"is_endless":false,"potions_floor_spawned":[5,13,14,25],"killed_by":"Automaton","ascension_level":20}