{"path_per_floor":["M","M","?","M","M","E","M","R","T","?","R","M","?","M","R","B",null,"M","M","?","?","$","R","E","M","T","E","M","M","M","?","R"],"character_chosen":"IRONCLAD","items_purchased":["Sadistic Nature","Shuriken","Iron Wave"],"gold_per_floor":[367,380,380,393,406,446,416,416,471,471,471,495,495,513,513,638,638,657,673,703,628,63,63,101,122,122,161,174,194,218,218,218,218],"floor_reached":33,"campfire_rested":2,"playtime":2151,"item_purchase_floors":[22,22,22],"current_hp_per_floor":[72,72,54,52,58,14,15,36,36,41,41,39,39,39,62,34,77,77,69,69,69,69,69,76,67,67,39,23,25,23,23,23,0],"items_purged":["Strike_R"],"gold":218,"score":314,"play_id":"b35660e2-384f-43de-a6ad-33292c175f1a","local_time":"20180605205516","is_prod":false,"is_daily":false,"chose_seed":false,"is_ascension_mode":false,"campfire_upgraded":3,"win_rate":0,"timestamp":1528257316,"campfire_choices":[{"floor":8,"key":"REST"},{"data":"Fire Breathing","floor":11,"key":"SMITH"},{"floor":15,"key":"REST"},{"data":"Intimidate","floor":23,"key":"SMITH"},{"data":"Dark Embrace","floor":32,"key":"SMITH"}],"path_taken":["M","?","?","M","M","E","M","R","T","?","R","M","?","M","R","BOSS","M","M","?","?","$","R","E","M","T","E","M","M","M","?","R","BOSS"],"build_version":"2018-05-31","seed_source_timestamp":474769858221786,"purchased_purges":1,"victory":false,"master_deck":["Defend_R","Defend_R","Defend_R","Bash","Intimidate+1","Fire Breathing+1","Pummel","Flame Barrier","Shockwave","Shrug It Off","Combust","Fiend Fire","Shrug It Off","Inflame+1","Sadistic Nature","Iron Wave","Dark Embrace+1","Body Slam+1","Metallicize","Thunderclap","Carnage","Fire Breathing","Bite","Bite","Bite","Bite","Bite"],"max_hp_per_floor":[72,72,72,72,72,72,72,72,72,77,77,77,77,77,77,77,77,77,77,77,77,77,77,87,87,87,87,87,87,87,60,60,60],"relics":["Burning Blood","Golden Idol","Question Card","Bronze Scales","Sozu","Tiny Chest","Shuriken","Pear","Smiling Mask","Pen Nib"],"card_choices":[{"not_picked":["Armaments","Second Wind"],"picked":"Intimidate","floor":1},{"not_picked":["Infernal Blade","Burning Pact"],"picked":"Fire Breathing","floor":2},{"not_picked":["True Grit","Heavy Blade","Corruption"],"picked":"SKIP","floor":4},{"not_picked":["Reckless Charge","Body Slam"],"picked":"Pummel","floor":5},{"not_picked":["Wild Strike","Shrug It Off"],"picked":"Flame Barrier","floor":6},{"not_picked":["Burning Pact","Rupture","Shrug It Off"],"picked":"Shockwave","floor":7},{"not_picked":["Clash","Twin Strike","Corruption"],"picked":"Shrug It Off","floor":12},{"not_picked":["Cleave","Havoc","Twin Strike"],"picked":"Combust","floor":14},{"not_picked":["Demon Form","Impervious","Double Tap"],"picked":"Fiend Fire","floor":16},{"not_picked":["Blood for Blood","Cleave","Pummel"],"picked":"Shrug It Off","floor":18},{"not_picked":["Clash","Clothesline+1","Pummel"],"picked":"Inflame+1","floor":19},{"not_picked":["Perfected Strike+1","Burning Pact+1","Shockwave"],"picked":"Dark Embrace","floor":24},{"not_picked":["Armaments","Anger","Headbutt"],"picked":"Body Slam+1","floor":25},{"not_picked":["Perfected Strike","Armaments+1","Body Slam"],"picked":"Metallicize","floor":27},{"not_picked":["Shockwave","Havoc","Barricade"],"picked":"Thunderclap","floor":28},{"not_picked":["Pommel Strike","Fire Breathing","Dual Wield+1"],"picked":"Carnage","floor":29},{"not_picked":["Havoc","Power Through+1","Clash"],"picked":"Fire Breathing","floor":30}],"player_experience":468501,"potions_floor_usage":[5,5,6,16],"damage_taken":[{"damage":6,"enemies":"Cultist","floor":1,"turns":3},{"damage":0,"enemies":"2 Louse","floor":2,"turns":2},{"damage":8,"enemies":"Jaw Worm","floor":4,"turns":3},{"damage":0,"enemies":"3 Louse","floor":5,"turns":3},{"damage":50,"enemies":"Lagavulin","floor":6,"turns":7},{"damage":5,"enemies":"Looter","floor":7,"turns":4},{"damage":8,"enemies":"2 Fungi Beasts","floor":12,"turns":4},{"damage":6,"enemies":"Lots of Slimes","floor":14,"turns":4},{"damage":34,"enemies":"The Guardian","floor":16,"turns":14},{"damage":0,"enemies":"3 Byrds","floor":18,"turns":3},{"damage":14,"enemies":"Shell Parasite","floor":19,"turns":6},{"damage":9,"enemies":"Book of Stabbing","floor":24,"turns":6},{"damage":15,"enemies":"3 Cultists","floor":25,"turns":4},{"damage":34,"enemies":"Slavers","floor":27,"turns":4},{"damage":22,"enemies":"Snake Plant","floor":28,"turns":4},{"damage":4,"enemies":"Centurion and Healer","floor":29,"turns":8},{"damage":8,"enemies":"3 Cultists","floor":30,"turns":4},{"damage":39,"enemies":"Collector","floor":33,"turns":5}],"relics_obtained":[{"floor":6,"key":"Question Card"},{"floor":9,"key":"Bronze Scales"},{"floor":24,"key":"Pear"},{"floor":26,"key":"Smiling Mask"},{"floor":27,"key":"Pen Nib"}],"event_choices":[{"event_name":"Golden Idol","player_choice":"Take Damage","floor":3,"damage_taken":0},{"event_name":"Big Fish","player_choice":"Donut","floor":10,"damage_taken":0},{"event_name":"Bonfire Elementals","player_choice":"BASIC","floor":13,"damage_taken":0},{"event_name":"The Mausoleum","player_choice":"Yes","floor":20,"damage_taken":0},{"event_name":"Beggar","player_choice":"Gave Gold","floor":21,"damage_taken":0},{"event_name":"Vampires","player_choice":"Became a vampire","floor":31,"damage_taken":0}],"boss_relics":[{"not_picked":["Tiny House","Orrery"],"picked":"Sozu"}],"items_purged_floors":[22],"potions_floor_spawned":[1,4,5,12,24,27,29],"seed_played":"-173764740658266924","killed_by":"Collector","ascension_level":0,"potions_obtained":[{"floor":1,"key":"AttackPotion"},{"floor":4,"key":"SteroidPotion"},{"floor":5,"key":"AttackPotion"},{"floor":12,"key":"Swift Potion"}],"is_trial":false}