{"gold_per_floor":[110,185,360,373,6,6,38,49,95,106,116,133,148,159,159,263,263,273,273,372,386,454,484,484,498,498,148,166,16,16,32,32,32],"floor_reached":33,"playtime":1233,"items_purged":["Regret"],"score":433,"play_id":"026b2666-b2bb-40d6-9740-ba6e1f7b5e1e","local_time":"20181015184849","is_ascension_mode":true,"campfire_choices":[{"data":"Zap","floor":6,"key":"SMITH"},{"floor":15,"key":"REST"},{"floor":24,"key":"DIG"},{"floor":30,"key":"DIG"},{"floor":32,"key":"REST"}],"neow_cost":"CURSE","seed_source_timestamp":268722144219347,"circlet_count":0,"master_deck":["Zap+1","Dualcast","AscendersBane","Self Repair","Gash+1","Rebound+1","Cold Snap","Electrodynamics","Coolheaded","Leap","Defragment","Scrape","Creative AI","Gash","Steam","Coolheaded","Compile Driver","Beam Cell","Redo","BootSequence","Conserve Battery+1","Ball Lightning"],"relics":["Cracked Core","Art of War","Omamori","Anchor","Pandora\u0027s Box","Spirit Poop","Shuriken","Shovel","Orichalcum","Singing Bowl","Ice Cream","Whetstone","Strawberry"],"potions_floor_usage":[13,16,18,33],"damage_taken":[{"damage":1,"enemies":"Cultist","floor":1,"turns":3},{"damage":11,"enemies":"2 Louse","floor":4,"turns":3},{"damage":38,"enemies":"Gremlin Nob","floor":7,"turns":5},{"damage":12,"enemies":"Jaw Worm","floor":8,"turns":3},{"damage":0,"enemies":"Looter","floor":10,"turns":2},{"damage":8,"enemies":"Lots of Slimes","floor":11,"turns":4},{"damage":0,"enemies":"2 Fungi Beasts","floor":12,"turns":1},{"damage":2,"enemies":"3 Louse","floor":13,"turns":2},{"damage":7,"enemies":"Blue Slaver","floor":14,"turns":4},{"damage":33,"enemies":"Slime Boss","floor":16,"turns":7},{"damage":2,"enemies":"Chosen","floor":18,"turns":4},{"damage":14,"enemies":"2 Thieves","floor":21,"turns":4},{"damage":21,"enemies":"Slavers","floor":23,"turns":4},{"damage":10,"enemies":"Snake Plant","floor":25,"turns":5},{"damage":12,"enemies":"Cultist and Chosen","floor":28,"turns":5},{"damage":18,"enemies":"Chosen and Byrds","floor":31,"turns":5},{"damage":78,"enemies":"Champ","floor":33,"turns":10}],"seed_played":"-5574223738719373161","potions_obtained":[{"floor":7,"key":"GamblersBrew"},{"floor":8,"key":"Strength Potion"},{"floor":14,"key":"Explosive Potion"},{"floor":16,"key":"Regen Potion"},{"floor":23,"key":"EssenceOfSteel"}],"is_trial":false,"path_per_floor":["M","?","?","M","$","R","E","M","T","M","M","M","M","M","R","B",null,"M","?","?","M","T","E","R","M","T","$","M","$","R","M","R"],"character_chosen":"DEFECT","items_purchased":["Electrodynamics","Art of War","Ice Cream","Ball Lightning","Whetstone"],"campfire_rested":2,"item_purchase_floors":[5,5,27,27,29],"current_hp_per_floor":[74,63,63,59,59,59,28,23,23,23,15,15,13,13,35,2,57,71,71,71,64,64,50,50,47,47,47,44,44,51,42,67,0],"gold":32,"neow_bonus":"TRANSFORM_TWO_CARDS","is_prod":false,"is_daily":false,"chose_seed":false,"campfire_upgraded":1,"win_rate":0,"timestamp":1539622129,"path_taken":["M","?","?","M","$","R","E","M","T","M","?","M","M","M","R","BOSS","M","?","?","?","?","E","R","M","T","?","?","$","R","M","R","BOSS"],"build_version":"2018-10-11","purchased_purges":1,"victory":false,"max_hp_per_floor":[75,75,75,75,75,75,75,75,75,75,75,75,75,75,75,75,75,75,75,75,75,75,75,75,75,75,75,77,77,84,86,86,86],"card_choices":[{"not_picked":["Redo","Beam Cell"],"picked":"Rebound","floor":1},{"not_picked":["Barrage","Hello World"],"picked":"Cold Snap","floor":4},{"not_picked":["Storm","Fission","Compile Driver"],"picked":"SKIP","floor":7},{"not_picked":["Undo","Hologram"],"picked":"Coolheaded","floor":8},{"not_picked":["Consume","Hello World","Steam"],"picked":"SKIP","floor":10},{"not_picked":["Storm","Lockon","Chaos"],"picked":"SKIP","floor":11},{"not_picked":["Hologram","Compile Driver"],"picked":"Leap","floor":12},{"not_picked":["Sweeping Beam","Reprogram"],"picked":"Defragment","floor":13},{"not_picked":["Streamline","Rebound"],"picked":"Scrape","floor":14},{"not_picked":["Reboot","Amplify"],"picked":"Creative AI","floor":16},{"not_picked":["Turbo","Cold Snap"],"picked":"BootSequence","floor":18},{"not_picked":["Turbo","Hologram"],"picked":"Conserve Battery+1","floor":21},{"not_picked":["Rebound","Rip and Tear","Stack"],"picked":"SKIP","floor":23},{"not_picked":["Defragment","Compile Driver+1","Coolheaded"],"picked":"SKIP","floor":25},{"not_picked":["Conserve Battery","Sweeping Beam","Electrodynamics"],"picked":"Singing Bowl","floor":28},{"not_picked":["Turbo","Conserve Battery","Loop"],"picked":"Singing Bowl","floor":31}],"player_experience":561387,"relics_obtained":[{"floor":7,"key":"Omamori"},{"floor":9,"key":"Anchor"},{"floor":22,"key":"Shuriken"},{"floor":23,"key":"Shovel"},{"floor":24,"key":"Orichalcum"},{"floor":26,"key":"Singing Bowl"},{"floor":30,"key":"Strawberry"}],"event_choices":[{"event_name":"World of Goop","player_choice":"Gather Gold","floor":2,"damage_taken":0},{"event_name":"Liars Game","player_choice":"agreed","floor":3,"damage_taken":0},{"event_name":"Bonfire Elementals","player_choice":"CURSE","floor":19,"damage_taken":0},{"event_name":"Nest","player_choice":"Stole From Cult","floor":20,"damage_taken":0}],"is_beta":false,"boss_relics":[{"not_picked":["Nuclear Battery","FrozenCore"],"picked":"Pandora\u0027s Box"}],"items_purged_floors":[5],"is_endless":false,"potions_floor_spawned":[7,8,11,14,16,23,28],"killed_by":"Champ","ascension_level":12}