{"gold_per_floor":[118,20,20,34,51,83,83,83,83,83,118,138,10,42,42,142,142,159,159,159,32,32,32,32],"floor_reached":24,"playtime":1540,"items_purged":[],"score":235,"play_id":"1b4fe358-0fee-4e02-bd22-2beafd7cd57c","local_time":"20190109224226","is_ascension_mode":false,"campfire_choices":[{"floor":8,"key":"RECALL"},{"data":"Berserk","floor":10,"key":"SMITH"},{"floor":15,"key":"REST"},{"floor":23,"key":"REST"}],"neow_cost":"TEN_PERCENT_HP_LOSS","seed_source_timestamp":158696746850200,"circlet_count":0,"master_deck":["Defend_R","Defend_R","Defend_R","Defend_R","Bash","Sword Boomerang","Metallicize","True Grit+1","Shrug It Off","Burning Pact","Berserk+1","Wild Strike","Pommel Strike","Rage","Havoc","Sword Boomerang","Feed","Battle Trance","Barricade","Flex","Bite","Bite","Bite","Bite","Bite"],"relics":["Burning Blood","Du-Vu Doll","Nunchaku","Charon\u0027s Ashes","Kunai","Self Forming Clay","Black Star"],"potions_floor_usage":[11,14,18,18],"damage_taken":[{"damage":7,"enemies":"Small Slimes","floor":1,"turns":3},{"damage":0,"enemies":"Jaw Worm","floor":4,"turns":6},{"damage":0,"enemies":"Cultist","floor":5,"turns":4},{"damage":27,"enemies":"3 Sentries","floor":6,"turns":17},{"damage":24,"enemies":"Lagavulin","floor":11,"turns":9},{"damage":0,"enemies":"3 Louse","floor":12,"turns":3},{"damage":8,"enemies":"3 Sentries","floor":14,"turns":8},{"damage":20,"enemies":"The Guardian","floor":16,"turns":13},{"damage":20,"enemies":"2 Thieves","floor":18,"turns":4},{"damage":31,"enemies":"Colosseum Slavers","floor":20,"turns":7},{"damage":48,"enemies":"Slavers","floor":24,"turns":3}],"seed_played":"-8473488850896109044","potions_obtained":[{"floor":4,"key":"FearPotion"},{"floor":11,"key":"Ancient Potion"},{"floor":14,"key":"Energy Potion"},{"floor":16,"key":"Poison Potion"}],"is_trial":false,"path_per_floor":["M","$","?","M","M","E","?","R","T","R","E","M","$","E","R","B",null,"M","?","?","$","?","R","E"],"character_chosen":"IRONCLAD","items_purchased":["Metallicize","True Grit","Rage","Havoc","Barricade","Flex"],"campfire_rested":2,"item_purchase_floors":[2,2,13,13,21,21],"current_hp_per_floor":[71,71,64,70,72,51,51,51,51,51,33,39,39,37,58,44,72,61,47,25,25,25,42,0],"gold":32,"neow_bonus":"ONE_RARE_RELIC","is_prod":false,"is_daily":false,"chose_seed":false,"campfire_upgraded":1,"win_rate":0,"timestamp":1547098946,"path_taken":["M","$","?","M","M","E","?","R","T","R","E","?","$","E","R","BOSS","M","?","?","$","?","R","E"],"build_version":"2019-01-08","purchased_purges":0,"victory":false,"max_hp_per_floor":[72,72,72,72,72,72,72,72,72,72,72,72,72,72,72,72,72,75,80,83,83,58,58,58],"card_choices":[{"not_picked":["Heavy Blade","Flex"],"picked":"Sword Boomerang","floor":1},{"not_picked":["Clothesline","Heavy Blade"],"picked":"Shrug It Off","floor":4},{"not_picked":["Flex","Evolve"],"picked":"Burning Pact","floor":5},{"not_picked":["Intimidate","Sword Boomerang"],"picked":"Berserk","floor":6},{"not_picked":["Perfected Strike","Thunderclap"],"picked":"Wild Strike","floor":11},{"not_picked":["Clothesline","True Grit"],"picked":"Pommel Strike","floor":12},{"not_picked":["Dropkick","Whirlwind"],"picked":"Sword Boomerang","floor":14},{"not_picked":["Brutality","Impervious"],"picked":"Feed","floor":16},{"not_picked":["Perfected Strike","True Grit"],"picked":"Battle Trance","floor":18}],"player_experience":335489,"relics_obtained":[{"floor":6,"key":"Nunchaku"},{"floor":9,"key":"Charon\u0027s Ashes"},{"floor":11,"key":"Kunai"},{"floor":14,"key":"Self Forming Clay"}],"event_choices":[{"cards_removed":["Strike_R"],"damage_healed":0,"gold_gain":0,"player_choice":"Card Removal","damage_taken":7,"max_hp_gain":0,"max_hp_loss":0,"event_name":"Golden Wing","floor":3,"gold_loss":0},{"damage_healed":0,"gold_gain":0,"player_choice":"Upgraded","damage_taken":0,"max_hp_gain":0,"max_hp_loss":0,"event_name":"Upgrade Shrine","floor":7,"gold_loss":0,"cards_upgraded":["True Grit"]},{"damage_healed":0,"gold_gain":0,"player_choice":"Shed Blood","damage_taken":19,"max_hp_gain":5,"max_hp_loss":0,"event_name":"Forgotten Altar","floor":19,"gold_loss":0},{"damage_healed":0,"gold_gain":0,"player_choice":"Fight","damage_taken":0,"max_hp_gain":0,"max_hp_loss":0,"event_name":"Colosseum","floor":20,"gold_loss":0},{"damage_healed":0,"gold_gain":0,"player_choice":"Fled From Nobs","damage_taken":0,"max_hp_gain":0,"max_hp_loss":0,"event_name":"Colosseum","floor":20,"gold_loss":0},{"damage_healed":0,"gold_gain":0,"player_choice":"Became a vampire","damage_taken":0,"max_hp_gain":0,"max_hp_loss":25,"event_name":"Vampires","floor":22,"gold_loss":0,"cards_obtained":["Bite","Bite","Bite","Bite","Bite"]}],"is_beta":true,"boss_relics":[{"not_picked":["Runic Pyramid","Black Blood"],"picked":"Black Star"}],"items_purged_floors":[],"is_endless":false,"potions_floor_spawned":[4,11,14,16,20],"killed_by":"Slavers","ascension_level":0}