{"gold_per_floor":[119,119,119,42,42,68,16,16,16,16,27,27,43,61,61,156,156,169,109,109,123,138,138],"floor_reached":23,"playtime":1407,"items_purged":[],"score":300,"play_id":"7c3f6418-5c36-4406-96f7-aa119a0fa559","local_time":"20190422235603","is_ascension_mode":true,"campfire_choices":[{"floor":8,"key":"REST"},{"data":"Footwork","floor":12,"key":"SMITH"},{"data":"Malaise","floor":15,"key":"SMITH"}],"neow_cost":"NONE","seed_source_timestamp":543337616401266,"circlet_count":0,"master_deck":["Defend_G","Defend_G+1","Defend_G","Defend_G+1","Strike_G","Strike_G","Strike_G","Strike_G","Survivor","Neutralize","Deflect","Footwork+1","Deflect","Malaise+1","Flying Knee","PiercingWail","Backflip","Adrenaline","Leg Sweep","Footwork+1","Backflip"],"relics":["Ring of the Snake","NeowsBlessing","Art of War","Regal Pillow","Letter Opener","Cursed Key"],"potions_floor_usage":[16,16,16],"damage_taken":[{"damage":0,"enemies":"Small Slimes","floor":1,"turns":1},{"damage":0,"enemies":"3 Sentries","floor":6,"turns":2},{"damage":0,"enemies":"2 Louse","floor":11,"turns":2},{"damage":0,"enemies":"Cultist","floor":13,"turns":5},{"damage":0,"enemies":"Looter","floor":14,"turns":5},{"damage":42,"enemies":"Slime Boss","floor":16,"turns":20},{"damage":0,"enemies":"3 Byrds","floor":18,"turns":5},{"damage":0,"enemies":"2 Thieves","floor":19,"turns":4},{"damage":15,"enemies":"3 Cultists","floor":21,"turns":10},{"damage":18,"enemies":"Snake Plant","floor":22,"turns":9},{"damage":42,"enemies":"Gremlin Leader","floor":23,"turns":14}],"seed_played":"945989592678078722","potions_obtained":[{"floor":1,"key":"Block Potion"},{"floor":13,"key":"Explosive Potion"},{"floor":14,"key":"Strength Potion"},{"floor":18,"key":"PowerPotion"}],"is_trial":false,"path_per_floor":["?","?","?","?","?"],"character_chosen":"THE_SILENT","items_purchased":["Footwork","Deflect"],"campfire_rested":1,"item_purchase_floors":[4,7],"current_hp_per_floor":[63,56,42,42,9,9,9,45,45,45,45,45,45,45,45,3,53,53,53,53,38,20,0],"gold":138,"neow_bonus":"THREE_ENEMY_KILL","is_prod":false,"is_daily":false,"chose_seed":false,"campfire_upgraded":2,"win_rate":0,"timestamp":1555952163,"path_taken":["M","?","?","$","?","E","$","R","T","?","M","R","M","M","R","BOSS","M","M","?","M","M","E"],"build_version":"2019-01-23","purchased_purges":0,"victory":false,"max_hp_per_floor":[70,70,70,70,70,70,70,70,70,70,70,70,70,70,70,70,70,70,70,70,70,70,70],"card_choices":[{"not_picked":["Calculated Gamble","Dagger Throw"],"picked":"Deflect","floor":1},{"not_picked":["Concentrate","Prepared","Wraith Form v2"],"picked":"SKIP","floor":6},{"not_picked":["Dagger Throw","Backstab"],"picked":"Flying Knee","floor":11},{"not_picked":["Acrobatics","Choke"],"picked":"PiercingWail","floor":13},{"not_picked":["Calculated Gamble","Deflect"],"picked":"Backflip","floor":14},{"not_picked":["Die Die Die","Unload"],"picked":"Adrenaline","floor":16},{"not_picked":["Distraction","Eviscerate"],"picked":"Leg Sweep","floor":18},{"not_picked":["Dagger Spray","Outmaneuver","Poisoned Stab"],"picked":"SKIP","floor":19},{"not_picked":["Quick Slash","Cloak And Dagger"],"picked":"Backflip","floor":21},{"not_picked":["Deadly Poison","Leg Sweep","Skewer"],"picked":"SKIP","floor":22}],"player_experience":280015,"relics_obtained":[{"floor":6,"key":"Regal Pillow"},{"floor":9,"key":"Letter Opener"}],"event_choices":[{"cards_removed":["Strike_G"],"damage_healed":0,"gold_gain":0,"player_choice":"Card Removal","damage_taken":7,"max_hp_gain":0,"max_hp_loss":0,"event_name":"Golden Wing","floor":2,"gold_loss":0},{"damage_healed":0,"gold_gain":0,"player_choice":"Entered Light","damage_taken":14,"max_hp_gain":0,"max_hp_loss":0,"event_name":"Shining Light","floor":3,"gold_loss":0,"cards_upgraded":["Defend_G","Defend_G"]},{"damage_healed":0,"gold_gain":0,"player_choice":"Success","damage_taken":33,"relics_obtained":["Art of War"],"max_hp_gain":0,"max_hp_loss":0,"event_name":"Scrap Ooze","floor":5,"gold_loss":0},{"damage_healed":0,"gold_gain":0,"cards_transformed":["Defend_G"],"player_choice":"Change","damage_taken":0,"max_hp_gain":0,"max_hp_loss":0,"event_name":"Living Wall","floor":10,"gold_loss":0,"cards_obtained":["Malaise"]},{"damage_healed":0,"gold_gain":0,"player_choice":"Copied","damage_taken":0,"max_hp_gain":0,"max_hp_loss":0,"event_name":"Duplicator","floor":20,"gold_loss":0,"cards_obtained":["Footwork"]}],"is_beta":false,"boss_relics":[{"not_picked":["Empty Cage","Fusion Hammer"],"picked":"Cursed Key"}],"items_purged_floors":[],"is_endless":false,"potions_floor_spawned":[1,13,14,18],"killed_by":"Gremlin Leader","ascension_level":8}