{"gold_per_floor":[115,190,140,41,61,86,100,100,100,100,100,111,126,139,139,235,235,252,7,7,0,10,10,37,49,61,73,100,143,175,187,199,307,319,348,360,392,429,453,465,493,505,517,547,559,571,214,214,214,214],"floor_reached":51,"playtime":1972,"items_purged":["Strike_R","Strike_R","Strike_R"],"score":1196,"play_id":"1e419276-fce3-4e58-a1b9-4c98c751b8e0","local_time":"20181023140438","is_ascension_mode":true,"campfire_choices":[{"data":"True Grit","floor":8,"key":"SMITH"},{"data":"Demon Form","floor":11,"key":"SMITH"},{"data":"Heavy Blade","floor":15,"key":"SMITH"},{"data":"Double Tap","floor":23,"key":"SMITH"},{"data":"Flame Barrier","floor":27,"key":"SMITH"},{"floor":32,"key":"REST"},{"floor":40,"key":"REST"},{"floor":42,"key":"REST"},{"floor":46,"key":"REST"},{"floor":49,"key":"REST"}],"neow_cost":"NONE","seed_source_timestamp":358472572123753,"circlet_count":0,"master_deck":["Defend_R","Defend_R","Bash","AscendersBane","Heavy Blade+1","True Grit+1","Sword Boomerang","Demon Form+1","Heavy Blade","Flex","Shrug It Off","Double Tap+1","Warcry","Flame Barrier+1","Shrug It Off","Bandage Up","Shrug It Off","Twin Strike","Offering"],"relics":["Burning Blood","NeowsBlessing","Happy Flower","Pantograph","Velvet Choker","Lantern","MawBank","Pear","Blood Vial","Empty Cage","Bag of Marbles","Ornamental Fan","Anchor","Unceasing Top"],"potions_floor_usage":[16,16,30,30,33,41,48,48,50,50],"damage_taken":[{"damage":0,"enemies":"2 Louse","floor":1,"turns":1},{"damage":0,"enemies":"Jaw Worm","floor":5,"turns":1},{"damage":0,"enemies":"Gremlin Nob","floor":6,"turns":1},{"damage":9,"enemies":"Cultist","floor":7,"turns":4},{"damage":11,"enemies":"Blue Slaver","floor":12,"turns":5},{"damage":17,"enemies":"Looter","floor":13,"turns":3},{"damage":6,"enemies":"3 Louse","floor":14,"turns":3},{"damage":39,"enemies":"Slime Boss","floor":16,"turns":8},{"damage":17,"enemies":"Spheric Guardian","floor":18,"turns":4},{"damage":0,"enemies":"Chosen","floor":22,"turns":3},{"damage":47,"enemies":"Gremlin Leader","floor":24,"turns":6},{"damage":8,"enemies":"Snecko","floor":28,"turns":4},{"damage":27,"enemies":"Book of Stabbing","floor":29,"turns":4},{"damage":10,"enemies":"Chosen and Byrds","floor":30,"turns":6},{"damage":59,"enemies":"Collector","floor":33,"turns":8},{"damage":16,"enemies":"Orb Walker","floor":35,"turns":2},{"damage":45,"enemies":"3 Darklings","floor":37,"turns":9},{"damage":26,"enemies":"4 Shapes","floor":39,"turns":6},{"damage":28,"enemies":"Spire Growth","floor":41,"turns":3},{"damage":30,"enemies":"Sphere and 2 Shapes","floor":44,"turns":5},{"damage":39,"enemies":"Mind Bloom Boss Battle","floor":48,"turns":6},{"damage":79,"enemies":"Donu and Deca","floor":50,"turns":8}],"seed_played":"-8518059170153086899","potions_obtained":[{"floor":12,"key":"Poison Potion"},{"floor":13,"key":"Poison Potion"},{"floor":14,"key":"Explosive Potion"},{"floor":18,"key":"EntropicBrew"},{"floor":24,"key":"Energy Potion"},{"floor":35,"key":"Weak Potion"},{"floor":44,"key":"EntropicBrew"}],"is_trial":false,"path_per_floor":["M","?","?","$","M","E","M","R","T","?","R","M","M","M","R","B",null,"M","$","?","?","M","R","E","$","T","R","M","E","M","?","R","B",null,"M","?","M","T","M","R","M","R","T","M","?","R","$","?","R","B"],"character_chosen":"IRONCLAD","items_purchased":["True Grit","Lantern","Anchor","Shrug It Off","Twin Strike"],"campfire_rested":5,"item_purchase_floors":[4,19,47,47,47],"current_hp_per_floor":[78,67,67,67,73,79,76,76,76,81,81,76,65,65,65,52,77,66,66,66,66,72,72,31,31,41,41,39,18,16,16,44,18,76,68,68,31,31,13,41,21,49,49,27,27,55,55,53,81,26],"gold":214,"neow_bonus":"THREE_ENEMY_KILL","is_prod":false,"is_daily":false,"chose_seed":false,"campfire_upgraded":5,"win_rate":0,"timestamp":1540296278,"path_taken":["M","?","?","$","M","E","M","R","T","?","R","?","M","M","R","BOSS","M","$","?","?","M","R","E","?","T","R","M","E","?","?","R","BOSS","M","?","M","?","?","R","M","R","T","M","?","R","?","?","R","BOSS"],"build_version":"2018-10-18","purchased_purges":3,"victory":true,"max_hp_per_floor":[80,80,80,80,80,80,80,80,80,85,85,85,85,85,85,85,85,85,85,85,85,85,85,85,85,95,95,95,95,95,95,95,95,95,95,95,95,95,95,95,95,95,95,95,95,95,95,95,95,95],"card_choices":[{"not_picked":["Bloodletting","Cleave"],"picked":"Heavy Blade","floor":1},{"not_picked":["Perfected Strike","Body Slam"],"picked":"Sword Boomerang","floor":5},{"not_picked":["Sword Boomerang","Havoc"],"picked":"Demon Form","floor":6},{"not_picked":["Twin Strike","Second Wind"],"picked":"Heavy Blade","floor":7},{"not_picked":["Bludgeon","Power Through"],"picked":"Flex","floor":12},{"not_picked":["Blood for Blood","Flex","Pommel Strike"],"picked":"SKIP","floor":13},{"not_picked":["Havoc","Evolve"],"picked":"Shrug It Off","floor":14},{"not_picked":["Feed","Demon Form"],"picked":"Double Tap","floor":16},{"not_picked":["Combust","Anger","Sword Boomerang"],"picked":"SKIP","floor":18},{"not_picked":["Headbutt","Disarm","Warcry"],"picked":"SKIP","floor":22},{"not_picked":["Headbutt","Disarm"],"picked":"Warcry","floor":22},{"not_picked":["Feel No Pain","Power Through"],"picked":"Flame Barrier","floor":24},{"not_picked":["Perfected Strike","Warcry","Armaments"],"picked":"SKIP","floor":28},{"not_picked":["Heavy Blade","Fire Breathing","Hemokinesis"],"picked":"SKIP","floor":29},{"not_picked":["Flex","Flame Barrier","Burning Pact"],"picked":"SKIP","floor":30},{"not_picked":["Heavy Blade+1","Pummel"],"picked":"Shrug It Off","floor":35},{"not_picked":["Evolve","Havoc","Combust"],"picked":"SKIP","floor":37},{"not_picked":["Wild Strike","Feel No Pain","Corruption"],"picked":"SKIP","floor":39},{"not_picked":["Spot Weakness","Power Through","Twin Strike"],"picked":"SKIP","floor":41},{"not_picked":["Warcry","Thunderclap","Armaments"],"picked":"SKIP","floor":44},{"not_picked":["Purity","Deep Breath"],"picked":"Bandage Up","floor":45},{"not_picked":["Whirlwind+1","Shrug It Off"],"picked":"Offering","floor":48}],"player_experience":604703,"relics_obtained":[{"floor":6,"key":"Happy Flower"},{"floor":9,"key":"Pantograph"},{"floor":24,"key":"MawBank"},{"floor":26,"key":"Pear"},{"floor":29,"key":"Blood Vial"},{"floor":38,"key":"Bag of Marbles"},{"floor":43,"key":"Ornamental Fan"},{"floor":48,"key":"Unceasing Top"}],"event_choices":[{"damage_healed":0,"gold_gain":75,"player_choice":"Gather Gold","damage_taken":11,"max_hp_gain":0,"max_hp_loss":0,"event_name":"World of Goop","floor":2,"gold_loss":0},{"cards_removed":["Strike_R"],"damage_healed":0,"gold_gain":0,"player_choice":"Card Removal","damage_taken":0,"max_hp_gain":0,"max_hp_loss":0,"event_name":"The Cleric","floor":3,"gold_loss":50},{"damage_healed":0,"gold_gain":0,"player_choice":"Donut","damage_taken":0,"max_hp_gain":5,"max_hp_loss":0,"event_name":"Big Fish","floor":10,"gold_loss":0},{"damage_healed":0,"gold_gain":0,"player_choice":"Ignored","damage_taken":0,"max_hp_gain":0,"max_hp_loss":0,"event_name":"Ghosts","floor":20,"gold_loss":0},{"damage_healed":0,"gold_gain":0,"player_choice":"Paid Fearfully","damage_taken":0,"max_hp_gain":0,"max_hp_loss":0,"event_name":"Masked Bandits","floor":21,"gold_loss":7},{"cards_removed":["Strike_R"],"damage_healed":0,"gold_gain":0,"player_choice":"Purged","damage_taken":0,"max_hp_gain":0,"max_hp_loss":0,"event_name":"Purifier","floor":31,"gold_loss":0},{"damage_healed":0,"gold_gain":0,"player_choice":"Bought 0 Potions","damage_taken":0,"max_hp_gain":0,"max_hp_loss":0,"event_name":"The Woman in Blue","floor":36,"gold_loss":0},{"damage_healed":0,"gold_gain":0,"player_choice":"Memory 1","damage_taken":0,"max_hp_gain":0,"max_hp_loss":0,"event_name":"SensoryStone","floor":45,"gold_loss":0},{"damage_healed":0,"gold_gain":0,"player_choice":"Fight","damage_taken":0,"max_hp_gain":0,"max_hp_loss":0,"event_name":"MindBloom","floor":48,"gold_loss":0}],"is_beta":false,"boss_relics":[{"not_picked":["Black Star","Black Blood"],"picked":"Velvet Choker"},{"not_picked":["Eternal Feather","Runic Cube"],"picked":"Empty Cage"}],"items_purged_floors":[4,19,47],"is_endless":false,"potions_floor_spawned":[12,13,14,18,24,28,29,35,44],"ascension_level":12}