{"gold_per_floor":[114,133,133,144,1,26,26,26,26,26,44,73,73,101,101,176,176,188,200,216,43,55,55,86,86,86,101,130,149,149,70,70,144,144,157,1156,910,923,923,923,956,161,214,247,21,38,56,56,56,56],"floor_reached":51,"playtime":2893,"items_purged":["Strike_G","Strike_G","Normality","Normality","Clumsy"],"score":1318,"play_id":"c39927c9-4b00-4d0f-886a-7476504199cb","local_time":"20190422131413","is_ascension_mode":true,"campfire_choices":[{"data":"Terror","floor":7,"key":"SMITH"},{"data":"Die Die Die","floor":10,"key":"SMITH"},{"data":"Glass Knife","floor":13,"key":"SMITH"},{"data":"Die Die Die","floor":15,"key":"SMITH"},{"data":"Noxious Fumes","floor":23,"key":"SMITH"},{"floor":25,"key":"REST"},{"data":"Noxious Fumes","floor":32,"key":"SMITH"},{"floor":40,"key":"REST"},{"floor":49,"key":"REST"}],"neow_cost":"NONE","seed_source_timestamp":2844592651111,"circlet_count":0,"master_deck":["AscendersBane","Defend_G","Defend_G","Defend_G","Defend_G","Defend_G","Strike_G","Strike_G","Strike_G","Survivor","Neutralize+1","Dash","Dagger Throw","Quick Slash","Terror+1","Die Die Die+1","Die Die Die+1","Glass Knife+1","Dash","Die Die Die","Dash","Well Laid Plans","Noxious Fumes+1","PiercingWail","Backflip+1","Footwork","Noxious Fumes+1","Phantasmal Killer","Backflip","Catalyst+1","Noxious Fumes","Escape Plan","Backflip","Backflip"],"relics":["Ring of the Snake","Darkstone Periapt","Art of War","Gremlin Horn","Paper Crane","Cursed Key","Bag of Preparation","Bird Faced Urn","Fusion Hammer","Tiny Chest","Calipers","PreservedInsect","ClockworkSouvenir","Potion Belt","Centennial Puzzle","Oddly Smooth Stone"],"potions_floor_usage":[6,16,24],"damage_taken":[{"damage":8,"enemies":"Jaw Worm","floor":1,"turns":6},{"damage":0,"enemies":"Small Slimes","floor":2,"turns":3},{"damage":0,"enemies":"Cultist","floor":4,"turns":3},{"damage":17,"enemies":"Gremlin Nob","floor":6,"turns":5},{"damage":0,"enemies":"3 Louse","floor":11,"turns":1},{"damage":10,"enemies":"3 Sentries","floor":12,"turns":4},{"damage":2,"enemies":"Lagavulin","floor":14,"turns":5},{"damage":10,"enemies":"Slime Boss","floor":16,"turns":6},{"damage":0,"enemies":"3 Byrds","floor":18,"turns":3},{"damage":0,"enemies":"Chosen","floor":19,"turns":2},{"damage":3,"enemies":"Centurion and Healer","floor":20,"turns":5},{"damage":11,"enemies":"Snake Plant","floor":22,"turns":4},{"damage":24,"enemies":"Book of Stabbing","floor":24,"turns":5},{"damage":1,"enemies":"Sentry and Sphere","floor":27,"turns":4},{"damage":14,"enemies":"Slavers","floor":28,"turns":6},{"damage":0,"enemies":"Centurion and Healer","floor":29,"turns":4},{"damage":2,"enemies":"Automaton","floor":33,"turns":9},{"damage":4,"enemies":"3 Shapes","floor":35,"turns":4},{"damage":0,"enemies":"3 Darklings","floor":38,"turns":4},{"damage":8,"enemies":"Reptomancer","floor":41,"turns":6},{"damage":37,"enemies":"Nemesis","floor":44,"turns":5},{"damage":5,"enemies":"Maw","floor":46,"turns":6},{"damage":1,"enemies":"Spire Growth","floor":47,"turns":4},{"damage":31,"enemies":"Awakened One","floor":50,"turns":21}],"seed_played":"-7578328148290941489","potions_obtained":[{"floor":1,"key":"Ancient Potion"},{"floor":2,"key":"SpeedPotion"},{"floor":11,"key":"FearPotion"},{"floor":14,"key":"PowerPotion"},{"floor":16,"key":"Weak Potion"},{"floor":24,"key":"GhostInAJar"},{"floor":44,"key":"Strength Potion"}],"is_trial":false,"path_per_floor":["M","M","?","M","$","E","R","?","T","R","M","E","R","E","R","B",null,"M","M","M","$","M","R","E","R","T","M","E","M","?","$","R","B",null,"M","?","$","M","T","R","E","$","T","E","$","M","M","T","R","B",null],"character_chosen":"THE_SILENT","items_purchased":["Terror","Noxious Fumes","Noxious Fumes","Tiny Chest","PreservedInsect","Noxious Fumes","Escape Plan","ClockworkSouvenir","Potion Belt","SpeedPotion"],"campfire_rested":3,"item_purchase_floors":[5,21,31,37,42,42,42,42,42,45],"current_hp_per_floor":[55,55,60,60,60,43,43,43,43,43,43,33,33,31,31,21,62,62,62,59,59,48,48,24,46,46,45,31,35,35,35,35,41,67,67,79,79,85,85,87,79,79,85,58,58,63,68,68,93,72],"gold":56,"neow_bonus":"UPGRADE_CARD","is_prod":false,"is_daily":false,"chose_seed":false,"campfire_upgraded":6,"win_rate":0,"timestamp":1555949653,"path_taken":["M","M","?","M","$","E","R","?","T","R","M","E","R","E","R","BOSS","M","?","M","$","M","R","E","R","T","M","E","M","?","$","R","BOSS","M","?","$","M","?","R","E","$","T","E","$","M","M","?","R","BOSS"],"build_version":"2019-01-23","purchased_purges":5,"victory":true,"max_hp_per_floor":[70,70,75,75,75,75,75,75,75,75,75,75,75,75,75,75,75,75,75,75,75,75,75,75,75,75,75,75,75,75,75,75,75,75,75,87,87,87,87,87,87,87,93,93,93,93,93,93,93,93],"card_choices":[{"not_picked":["Endless Agony","Leg Sweep"],"picked":"Dash","floor":1},{"not_picked":["Blade Dance","Escape Plan"],"picked":"Dagger Throw","floor":2},{"not_picked":["Slice","Setup"],"picked":"Quick Slash","floor":4},{"not_picked":["Distraction","Setup"],"picked":"Die Die Die","floor":6},{"not_picked":["Calculated Gamble","Outmaneuver","Flechettes"],"picked":"SKIP","floor":11},{"not_picked":["Cloak And Dagger","Bullet Time"],"picked":"Glass Knife","floor":12},{"not_picked":["Dagger Throw","Expertise"],"picked":"Dash","floor":14},{"not_picked":["Grand Finale","Storm of Steel"],"picked":"Die Die Die","floor":16},{"not_picked":["Deflect","Bouncing Flask"],"picked":"Dash","floor":18},{"not_picked":["Quick Slash","Flechettes","Bane"],"picked":"SKIP","floor":19},{"not_picked":["Die Die Die","Quick Slash"],"picked":"Well Laid Plans","floor":20},{"not_picked":["Poisoned Stab","Acrobatics","Blade Dance"],"picked":"SKIP","floor":22},{"not_picked":["Underhanded Strike","Heel Hook+1"],"picked":"PiercingWail","floor":24},{"not_picked":["Blade Dance","Acrobatics"],"picked":"Backflip+1","floor":27},{"not_picked":["Reflex","Dagger Spray","Deflect"],"picked":"SKIP","floor":28},{"not_picked":["All Out Attack","Prepared","Deadly Poison"],"picked":"SKIP","floor":29},{"not_picked":["Envenom","Night Terror"],"picked":"Phantasmal Killer","floor":33},{"not_picked":["Concentrate+1","Prepared"],"picked":"Backflip","floor":35},{"not_picked":["Prepared","Sucker Punch+1"],"picked":"Catalyst+1","floor":38},{"not_picked":["Unload","Deadly Poison","Acrobatics"],"picked":"SKIP","floor":41},{"not_picked":["Poisoned Stab","Blade Dance"],"picked":"Backflip","floor":44},{"not_picked":["Dash+1","Prepared+1"],"picked":"Backflip","floor":46},{"not_picked":["A Thousand Cuts","Eviscerate+1","Dagger Spray+1"],"picked":"SKIP","floor":47}],"player_experience":712685,"relics_obtained":[{"floor":6,"key":"Darkstone Periapt"},{"floor":9,"key":"Art of War"},{"floor":12,"key":"Gremlin Horn"},{"floor":14,"key":"Paper Crane"},{"floor":24,"key":"Bag of Preparation"},{"floor":28,"key":"Bird Faced Urn"},{"floor":41,"key":"Calipers"},{"floor":43,"key":"Centennial Puzzle"},{"floor":44,"key":"Oddly Smooth Stone"}],"event_choices":[{"damage_healed":0,"gold_gain":0,"player_choice":"Donut","damage_taken":0,"max_hp_gain":5,"max_hp_loss":0,"event_name":"Big Fish","floor":3,"gold_loss":0},{"damage_healed":0,"gold_gain":0,"player_choice":"1 cards matched","damage_taken":0,"max_hp_gain":0,"max_hp_loss":0,"event_name":"Match and Keep!","floor":8,"gold_loss":0,"cards_obtained":["Die Die Die"]},{"damage_healed":0,"gold_gain":0,"player_choice":"Read","damage_taken":0,"max_hp_gain":0,"max_hp_loss":0,"event_name":"The Library","floor":30,"gold_loss":0,"cards_obtained":["Footwork"]},{"damage_healed":0,"gold_gain":999,"player_choice":"Gold","damage_taken":0,"max_hp_gain":0,"max_hp_loss":0,"event_name":"MindBloom","floor":36,"gold_loss":0,"cards_obtained":["Normality","Normality"]}],"is_beta":false,"boss_relics":[{"not_picked":["Pandora\u0027s Box","Lizard Tail"],"picked":"Cursed Key"},{"not_picked":["Philosopher\u0027s Stone","Ring of the Serpent"],"picked":"Fusion Hammer"}],"items_purged_floors":[5,21,37,42,45],"is_endless":false,"potions_floor_spawned":[1,2,11,14,16,19,24,27,29,33,35,41,44],"ascension_level":13}