{"gold_per_floor":[115,135,147,147,157,157,172,172,172,204,220,238,255,266,266,365,365,385,405,421,41,54,88,88,102,102,2,2,32,45,73,73,170,170,186,201,218,93,111,111,141,161,161,161,161,179,179,179,179,179],"floor_reached":50,"playtime":4439,"items_purged":["Strike_B","Defend_B","Strike_B"],"score":572,"play_id":"c1b1b6f1-eb80-4e77-83cd-43f6e9294331","local_time":"20190314044008","is_ascension_mode":false,"campfire_choices":[{"data":"Redo","floor":6,"key":"SMITH"},{"data":"Zap","floor":8,"key":"SMITH"},{"data":"Dualcast","floor":15,"key":"SMITH"},{"floor":24,"key":"REST"},{"data":"Redo","floor":28,"key":"SMITH"},{"floor":32,"key":"REST"},{"data":"Rainbow","floor":40,"key":"SMITH"},{"floor":45,"key":"REST"},{"data":"Multi-Cast","floor":49,"key":"SMITH"}],"neow_cost":"NONE","seed_source_timestamp":948469855916000,"circlet_count":0,"master_deck":["Strike_B+1","Defend_B","Defend_B","Defend_B","Zap+1","Dualcast+1","Self Repair","Darkness","FTL","Redo+1","Reinforced Body","Biased Cognition+1","Conserve Battery","Redo+1","Leap","BootSequence","Multi-Cast+1","Auto Shields","Conserve Battery","Loop+1","Rainbow+1","Loop+1","Redo+1","Redo+1"],"relics":["Cracked Core","Frozen Egg 2","Orichalcum","Nuclear Battery","Whetstone","PreservedInsect","Bird Faced Urn","Unceasing Top","Tiny Chest","Centennial Puzzle","Oddly Smooth Stone","Ice Cream"],"potions_floor_usage":[10,14,22,30,33,37,39,46],"damage_taken":[{"damage":1,"enemies":"Cultist","floor":1,"turns":3},{"damage":7,"enemies":"2 Louse","floor":2,"turns":3},{"damage":15,"enemies":"Jaw Worm","floor":3,"turns":4},{"damage":6,"enemies":"Exordium Wildlife","floor":5,"turns":6},{"damage":5,"enemies":"Looter","floor":7,"turns":3},{"damage":16,"enemies":"3 Sentries","floor":10,"turns":6},{"damage":5,"enemies":"3 Louse","floor":11,"turns":3},{"damage":1,"enemies":"Blue Slaver","floor":12,"turns":2},{"damage":0,"enemies":"Looter","floor":13,"turns":2},{"damage":0,"enemies":"2 Fungi Beasts","floor":14,"turns":3},{"damage":34,"enemies":"Hexaghost","floor":16,"turns":8},{"damage":10,"enemies":"Chosen","floor":18,"turns":5},{"damage":12,"enemies":"Spheric Guardian","floor":19,"turns":5},{"damage":22,"enemies":"3 Cultists","floor":20,"turns":6},{"damage":3,"enemies":"Snake Plant","floor":22,"turns":4},{"damage":31,"enemies":"Slavers","floor":23,"turns":5},{"damage":11,"enemies":"Shelled Parasite and Fungi","floor":25,"turns":6},{"damage":25,"enemies":"3 Cultists","floor":30,"turns":7},{"damage":9,"enemies":"Book of Stabbing","floor":31,"turns":4},{"damage":79,"enemies":"Collector","floor":33,"turns":9},{"damage":6,"enemies":"3 Shapes","floor":35,"turns":4},{"damage":0,"enemies":"Orb Walker","floor":36,"turns":3},{"damage":27,"enemies":"4 Shapes","floor":37,"turns":5},{"damage":0,"enemies":"Sphere and 2 Shapes","floor":39,"turns":5},{"damage":24,"enemies":"Reptomancer","floor":41,"turns":5},{"damage":30,"enemies":"Jaw Worm Horde","floor":42,"turns":6},{"damage":0,"enemies":"4 Shapes","floor":46,"turns":4},{"damage":126,"enemies":"Awakened One","floor":50,"turns":9}],"seed_played":"-5565977587290536222","potions_obtained":[{"floor":1,"key":"AttackPotion"},{"floor":3,"key":"FearPotion"},{"floor":7,"key":"Block Potion"},{"floor":10,"key":"FairyPotion"},{"floor":16,"key":"FairyPotion"},{"floor":20,"key":"Block Potion"},{"floor":25,"key":"Explosive Potion"},{"floor":30,"key":"Regen Potion"},{"floor":33,"key":"LiquidBronze"},{"floor":37,"key":"Swift Potion"},{"floor":41,"key":"SkillPotion"}],"is_trial":false,"path_per_floor":["?","?","?","?","?"],"character_chosen":"DEFECT","items_purchased":["Whetstone","PreservedInsect"],"campfire_rested":3,"item_purchase_floors":[21,21],"current_hp_per_floor":[81,74,66,66,67,67,69,69,69,60,55,54,61,68,68,41,82,79,74,59,59,63,39,63,63,63,63,63,63,49,42,66,5,82,82,82,67,67,71,71,60,36,36,36,60,73,73,73,73,0],"gold":179,"neow_bonus":"TEN_PERCENT_HP_BONUS","is_prod":false,"is_daily":false,"chose_seed":false,"campfire_upgraded":6,"win_rate":0.0,"timestamp":1552513208,"path_taken":["M","M","M","?","M","R","M","R","T","E","M","M","M","M","R","BOSS","M","M","M","$","M","E","R","M","T","$","R","?","M","E","R","BOSS","M","M","M","$","M","R","E","M","T","?","R","M","?","?","R","BOSS"],"build_version":"2019-01-23","purchased_purges":3,"victory":false,"max_hp_per_floor":[82,82,82,82,82,82,82,82,82,82,82,82,82,82,82,82,82,82,82,82,82,82,82,82,82,82,82,82,82,82,82,82,82,82,82,82,82,82,82,82,82,82,82,82,82,82,82,78,78,78],"card_choices":[{"not_picked":["Doom and Gloom","Defragment"],"picked":"Self Repair","floor":1},{"not_picked":["Steam","Gash"],"picked":"Darkness","floor":2},{"not_picked":["Steam","Consume"],"picked":"FTL","floor":3},{"not_picked":["Barrage","Compile Driver"],"picked":"Redo","floor":5},{"not_picked":["Go for the Eyes","Hologram"],"picked":"Reinforced Body","floor":7},{"not_picked":["Stack","Cold Snap"],"picked":"Biased Cognition+1","floor":10},{"not_picked":["Ball Lightning","Sweeping Beam"],"picked":"Conserve Battery","floor":11},{"not_picked":["Hello World+1","Go for the Eyes"],"picked":"Redo","floor":12},{"not_picked":["Double Energy","Steam Power"],"picked":"Leap","floor":13},{"not_picked":["Skim","Cold Snap"],"picked":"BootSequence","floor":14},{"not_picked":["Seek","Electrodynamics+1"],"picked":"Multi-Cast","floor":16},{"not_picked":["Stack","Chaos"],"picked":"Auto Shields","floor":18},{"not_picked":["Steam+1","Fusion","Streamline"],"picked":"SKIP","floor":19},{"not_picked":["Steam","Hologram"],"picked":"Conserve Battery","floor":20},{"not_picked":["Ball Lightning","Reinforced Body+1","Conserve Battery"],"picked":"SKIP","floor":22},{"not_picked":["Sweeping Beam","Blizzard","Fusion"],"picked":"SKIP","floor":23},{"not_picked":["Ball Lightning+1","Stack","Hologram"],"picked":"SKIP","floor":25},{"not_picked":["Stack","Cold Snap","Steam"],"picked":"SKIP","floor":30},{"not_picked":["Gash","All For One"],"picked":"Loop+1","floor":31},{"not_picked":["Thunder Strike","All For One"],"picked":"Rainbow","floor":33},{"not_picked":["Double Energy","Storm+1"],"picked":"Loop+1","floor":35},{"not_picked":["Cold Snap","Coolheaded+1","Go for the Eyes"],"picked":"SKIP","floor":36},{"not_picked":["Stack","Conserve Battery+1"],"picked":"Redo+1","floor":37},{"not_picked":["Steam+1","Consume","Beam Cell"],"picked":"SKIP","floor":39},{"not_picked":["Coolheaded","Cold Snap+1"],"picked":"Redo+1","floor":41},{"not_picked":["Steam Power","Defragment+1","Blizzard+1"],"picked":"SKIP","floor":42},{"not_picked":["Redo","Chill","Stack"],"picked":"SKIP","floor":46}],"player_experience":62565,"relics_obtained":[{"floor":9,"key":"Frozen Egg 2"},{"floor":10,"key":"Orichalcum"},{"floor":23,"key":"Bird Faced Urn"},{"floor":26,"key":"Unceasing Top"},{"floor":31,"key":"Centennial Puzzle"},{"floor":41,"key":"Oddly Smooth Stone"},{"floor":43,"key":"Ice Cream"}],"event_choices":[{"damage_healed":0,"gold_gain":0,"player_choice":"Ignored","damage_taken":0,"max_hp_gain":0,"max_hp_loss":0,"event_name":"Liars Game","floor":4,"gold_loss":0},{"damage_healed":0,"gold_gain":0,"player_choice":"Opened","damage_taken":0,"relics_obtained":["Tiny Chest"],"max_hp_gain":0,"max_hp_loss":0,"event_name":"The Mausoleum","floor":29,"gold_loss":0},{"damage_healed":0,"gold_gain":0,"player_choice":"Ignored","damage_taken":0,"max_hp_gain":0,"max_hp_loss":0,"event_name":"Mysterious Sphere","floor":44,"gold_loss":0},{"cards_removed":["Strike_B"],"damage_healed":0,"gold_gain":0,"player_choice":"Removed Attack","damage_taken":0,"max_hp_gain":0,"max_hp_loss":0,"event_name":"Falling","floor":47,"gold_loss":0},{"damage_healed":0,"gold_gain":0,"player_choice":"Max HP","damage_taken":0,"max_hp_gain":0,"max_hp_loss":4,"event_name":"Winding Halls","floor":48,"gold_loss":0}],"is_beta":false,"boss_relics":[{"not_picked":["Eternal Feather","Cursed Key"],"picked":"Nuclear Battery"},{"not_picked":["FrozenCore","Fusion Hammer","Velvet Choker"]}],"items_purged_floors":[21,27,38],"is_endless":false,"potions_floor_spawned":[1,3,7,10,16,20,25,30,33,37,41],"killed_by":"Awakened One","ascension_level":0}