{"gold_per_floor":[116,116,116,129,76,76,106,118,118,118,128,157,157,173,173,250,250,268,268,284,303,303],"floor_reached":22,"playtime":820,"items_purged":[],"score":492,"play_id":"b1a2e7a2-84c7-4aa0-bd68-7eb7bcdd9341","local_time":"20190124145608","is_ascension_mode":true,"campfire_choices":[{"data":"Pommel Strike","floor":6,"key":"SMITH"},{"data":"Bash","floor":10,"key":"SMITH"},{"floor":13,"key":"REST"},{"data":"Evolve","floor":15,"key":"SMITH"}],"neow_cost":"NONE","seed_source_timestamp":1291380074489105,"circlet_count":0,"master_deck":["AscendersBane","Strike_R","Strike_R","Strike_R","Strike_R+1","Defend_R","Defend_R","Defend_R","Defend_R+1","Bash+1","Pommel Strike+1","Evolve+1","Corruption","Rampage","Shrug It Off","Inflame","Immolate","Shrug It Off","Pommel Strike+1","Ghostly Armor"],"relics":["Burning Blood","Mercury Hourglass","WingedGreaves","Ancient Tea Set","Oddly Smooth Stone","Philosopher\u0027s Stone"],"potions_floor_usage":[7,7,16,20],"damage_taken":[{"damage":7,"enemies":"Cultist","floor":1,"turns":4},{"damage":12,"enemies":"2 Louse","floor":4,"turns":2},{"damage":8,"enemies":"Gremlin Nob","floor":7,"turns":3},{"damage":11,"enemies":"Jaw Worm","floor":8,"turns":5},{"damage":1,"enemies":"Lots of Slimes","floor":11,"turns":3},{"damage":17,"enemies":"Lagavulin","floor":12,"turns":6},{"damage":4,"enemies":"Exordium Wildlife","floor":14,"turns":4},{"damage":0,"enemies":"Slime Boss","floor":16,"turns":7},{"damage":21,"enemies":"2 Thieves","floor":18,"turns":3},{"damage":21,"enemies":"Shell Parasite","floor":20,"turns":5},{"damage":15,"enemies":"Centurion and Healer","floor":21,"turns":6},{"damage":36,"enemies":"Snake Plant","floor":22,"turns":3}],"seed_played":"-1078266681842495151","potions_obtained":[{"floor":4,"key":"Energy Potion"},{"floor":11,"key":"Swift Potion"},{"floor":14,"key":"AttackPotion"},{"floor":18,"key":"Explosive Potion"}],"is_trial":false,"path_per_floor":["M","?","?","M","$","R","E","M","T","R","M","E","R","M","R","B",null,"M","?","M","M","M"],"character_chosen":"IRONCLAD","items_purchased":["Poison Potion"],"campfire_rested":1,"item_purchase_floors":[5],"current_hp_per_floor":[67,44,39,33,33,33,31,26,26,26,31,20,42,44,44,50,69,54,54,39,30,0],"gold":303,"neow_bonus":"TRANSFORM_CARD","is_prod":false,"is_daily":false,"chose_seed":false,"campfire_upgraded":3,"win_rate":0,"timestamp":1548338168,"path_taken":["M","?","?","M","$","R","E","?","T","R","M","E","R","?","R","BOSS","M","?","?","M","M"],"build_version":"2019-01-23","purchased_purges":0,"victory":false,"max_hp_per_floor":[75,75,75,75,75,75,75,75,75,75,75,75,75,75,75,75,75,75,75,75,75,75],"card_choices":[{"not_picked":["Armaments","Pummel"],"picked":"Evolve","floor":1},{"not_picked":["Heavy Blade","Flex"],"picked":"Corruption","floor":4},{"not_picked":["Heavy Blade","Bloodletting","Limit Break"],"picked":"SKIP","floor":7},{"not_picked":["Entrench","Clothesline"],"picked":"Rampage","floor":8},{"not_picked":["Rampage","Clothesline"],"picked":"Shrug It Off","floor":11},{"not_picked":["Twin Strike","Thunderclap","Body Slam"],"picked":"SKIP","floor":12},{"not_picked":["Clothesline","Heavy Blade"],"picked":"Inflame","floor":14},{"not_picked":["Reaper","Limit Break"],"picked":"Immolate","floor":16},{"not_picked":["Anger","Spot Weakness"],"picked":"Shrug It Off","floor":18},{"not_picked":["Body Slam","Power Through","Infernal Blade"],"picked":"SKIP","floor":20},{"not_picked":["Whirlwind","Corruption+1"],"picked":"Ghostly Armor","floor":21}],"player_experience":1252283,"relics_obtained":[{"floor":7,"key":"WingedGreaves"},{"floor":9,"key":"Ancient Tea Set"},{"floor":12,"key":"Oddly Smooth Stone"}],"event_choices":[{"damage_healed":0,"gold_gain":0,"player_choice":"Entered Light","damage_taken":23,"max_hp_gain":0,"max_hp_loss":0,"event_name":"Shining Light","floor":2,"gold_loss":0,"cards_upgraded":["Defend_R","Strike_R"]},{"damage_healed":0,"gold_gain":0,"player_choice":"Success","damage_taken":5,"relics_obtained":["Mercury Hourglass"],"max_hp_gain":0,"max_hp_loss":0,"event_name":"Scrap Ooze","floor":3,"gold_loss":0},{"damage_healed":0,"gold_gain":0,"player_choice":"Copied","damage_taken":0,"max_hp_gain":0,"max_hp_loss":0,"event_name":"Duplicator","floor":19,"gold_loss":0,"cards_obtained":["Pommel Strike"]}],"is_beta":false,"boss_relics":[{"not_picked":["Busted Crown","Eternal Feather"],"picked":"Philosopher\u0027s Stone"}],"items_purged_floors":[],"is_endless":false,"potions_floor_spawned":[4,11,14,18],"killed_by":"Snake Plant","ascension_level":20}