{"gold_per_floor":[113,133,153,172,188,188,88,113,113,138,138,138,167,186,186,260,260,279,298,298,298,213,213,240,240,267,595,153,165,198,227,227,304,304,318,140,240,462,68,86,102,119,119,135,135,151,151,166,166,166],"floor_reached":51,"playtime":2249,"items_purged":["Strike_B","Strike_B+1","Defend_B+1"],"score":1445,"play_id":"752caabf-6fa8-4f41-b731-8f799ec3c816","local_time":"20190426190031","is_ascension_mode":true,"campfire_choices":[{"data":"Zap","floor":6,"key":"SMITH"},{"floor":12,"key":"REST"},{"floor":15,"key":"REST"},{"floor":23,"key":"REST"},{"data":"Coolheaded","floor":25,"key":"SMITH"},{"floor":32,"key":"REST"},{"data":"Echo Form","floor":45,"key":"SMITH"},{"floor":47,"key":"REST"},{"data":"Go for the Eyes","floor":49,"key":"SMITH"}],"neow_cost":"NONE","seed_source_timestamp":297231978803100,"circlet_count":0,"master_deck":["AscendersBane","Strike_B+1","Strike_B+1","Defend_B+1","Defend_B+1","Defend_B+1","Zap+1","Dualcast","Leap","Gash","Leap","Beam Cell","Gash","Rebound","Go for the Eyes+1","Coolheaded+1","All For One","Leap","Reinforced Body","Echo Form+1","Steam","Gash","Self Repair","Sunder","Undo","Gash","Gash","Leap+1","Pain","Hologram+1"],"relics":["FrozenCore","StoneCalendar","Du-Vu Doll","Symbiotic Virus","Calipers","Enchiridion","Gremlin Horn","Ancient Tea Set","Centennial Puzzle","Old Coin","PreservedInsect","Anchor","Red Mask","Cursed Key","Unceasing Top","Oddly Smooth Stone","Bag of Marbles","Juzu Bracelet"],"potions_floor_usage":[8,10,13,33,50,50],"damage_taken":[{"damage":0,"enemies":"Cultist","floor":1,"turns":3},{"damage":0,"enemies":"Small Slimes","floor":2,"turns":6},{"damage":0,"enemies":"2 Louse","floor":3,"turns":2},{"damage":7,"enemies":"2 Fungi Beasts","floor":4,"turns":4},{"damage":8,"enemies":"3 Louse","floor":5,"turns":3},{"damage":16,"enemies":"Lagavulin","floor":8,"turns":6},{"damage":15,"enemies":"3 Sentries","floor":10,"turns":7},{"damage":2,"enemies":"Lagavulin","floor":13,"turns":3},{"damage":11,"enemies":"Exordium Wildlife","floor":14,"turns":3},{"damage":36,"enemies":"The Guardian","floor":16,"turns":8},{"damage":0,"enemies":"Chosen","floor":18,"turns":3},{"damage":7,"enemies":"Spheric Guardian","floor":19,"turns":7},{"damage":2,"enemies":"Book of Stabbing","floor":24,"turns":4},{"damage":10,"enemies":"Slavers","floor":27,"turns":4},{"damage":0,"enemies":"Snecko","floor":29,"turns":5},{"damage":13,"enemies":"Book of Stabbing","floor":30,"turns":4},{"damage":1,"enemies":"Masked Bandits","floor":31,"turns":3},{"damage":64,"enemies":"Collector","floor":33,"turns":10},{"damage":21,"enemies":"3 Darklings","floor":35,"turns":4},{"damage":0,"enemies":"Mind Bloom Boss Battle","floor":37,"turns":5},{"damage":5,"enemies":"3 Shapes","floor":40,"turns":6},{"damage":0,"enemies":"Transient","floor":41,"turns":6},{"damage":16,"enemies":"Sphere and 2 Shapes","floor":42,"turns":6},{"damage":9,"enemies":"Spire Growth","floor":44,"turns":4},{"damage":10,"enemies":"Maw","floor":46,"turns":8},{"damage":10,"enemies":"Writhing Mass","floor":48,"turns":5},{"damage":32,"enemies":"Donu and Deca","floor":50,"turns":9}],"seed_played":"7542064101221518752","potions_obtained":[{"floor":2,"key":"FocusPotion"},{"floor":5,"key":"Explosive Potion"},{"floor":10,"key":"AttackPotion"},{"floor":16,"key":"FairyPotion"},{"floor":19,"key":"FearPotion"},{"floor":41,"key":"FearPotion"}],"is_trial":false,"path_per_floor":["M","M","M","M","M","R","$","E","T","E","?","R","E","M","R","B",null,"M","M","?","?","?","R","E","R","T","E","$","M","E","?","R","B",null,"M","$","?","?","$","M","M","M","T","M","R","M","R","M","R","B",null],"character_chosen":"DEFECT","items_purchased":["Go for the Eyes","PreservedInsect","Self Repair","Sunder","Gash","Oddly Smooth Stone","Bag of Marbles","Strength Potion"],"campfire_rested":5,"item_purchase_floors":[7,28,28,28,36,39,39,39],"current_hp_per_floor":[64,64,64,57,49,49,49,33,33,18,18,39,37,26,47,11,56,56,49,49,28,28,49,47,47,47,37,37,44,38,37,58,14,57,50,50,57,57,57,59,66,57,57,55,55,52,71,68,68,43],"gold":166,"neow_bonus":"THREE_CARDS","is_prod":false,"is_daily":false,"chose_seed":false,"campfire_upgraded":4,"win_rate":0,"timestamp":1556298031,"path_taken":["M","M","M","M","M","R","$","E","T","E","?","R","E","M","R","BOSS","M","M","?","?","?","R","E","R","T","E","$","M","E","?","R","BOSS","M","$","?","?","?","?","M","M","T","M","R","M","R","M","R","BOSS"],"build_version":"2019-01-23","purchased_purges":3,"victory":true,"max_hp_per_floor":[71,71,71,71,71,71,71,71,71,71,71,71,71,71,71,71,71,71,71,71,71,71,71,71,71,71,71,71,71,71,71,71,71,71,71,71,71,71,71,71,71,71,71,71,71,71,71,71,71,71],"card_choices":[{"not_picked":["Turbo","Beam Cell"],"picked":"Leap","floor":0},{"not_picked":["Turbo","Redo"],"picked":"Gash","floor":1},{"not_picked":["Chill","Cold Snap"],"picked":"Leap","floor":2},{"not_picked":["Compile Driver","Rebound"],"picked":"Beam Cell","floor":3},{"not_picked":["Recycle","Steam"],"picked":"Gash","floor":4},{"not_picked":["Coolheaded","Streamline"],"picked":"Rebound","floor":5},{"not_picked":["Go for the Eyes","Redo"],"picked":"Coolheaded","floor":8},{"not_picked":["Rebound","Cold Snap"],"picked":"All For One","floor":10},{"not_picked":["Rebound","Fusion"],"picked":"Leap","floor":13},{"not_picked":["Chill","Recycle"],"picked":"Reinforced Body","floor":14},{"not_picked":["Machine Learning","Rainbow"],"picked":"Echo Form","floor":16},{"not_picked":["Redo","Fusion"],"picked":"Steam","floor":18},{"not_picked":["Undo","Loop"],"picked":"Gash","floor":19},{"not_picked":["Compile Driver+1","Streamline","Barrage"],"picked":"SKIP","floor":24},{"not_picked":["Rebound","Capacitor+1","Stack"],"picked":"SKIP","floor":27},{"not_picked":["Consume","Rebound","Streamline+1"],"picked":"SKIP","floor":29},{"not_picked":["Compile Driver+1","Tempest"],"picked":"Undo","floor":30},{"not_picked":["Lockon","Conserve Battery","Ball Lightning"],"picked":"SKIP","floor":35},{"not_picked":["Sweeping Beam","Ball Lightning+1"],"picked":"Gash","floor":37},{"not_picked":["Stack+1","Auto Shields","Rip and Tear+1"],"picked":"SKIP","floor":40},{"not_picked":["Compile Driver+1","Tempest","Streamline+1"],"picked":"SKIP","floor":41},{"not_picked":["Barrage","Beam Cell"],"picked":"Leap+1","floor":42},{"not_picked":["Go for the Eyes","Darkness","Sweeping Beam"],"picked":"SKIP","floor":44},{"not_picked":["Beam Cell","Hello World+1","Lockon"],"picked":"SKIP","floor":46},{"not_picked":["Thunder Strike","Leap"],"picked":"Hologram+1","floor":48}],"player_experience":629832,"relics_obtained":[{"floor":8,"key":"StoneCalendar"},{"floor":9,"key":"Du-Vu Doll"},{"floor":10,"key":"Symbiotic Virus"},{"floor":13,"key":"Calipers"},{"floor":21,"key":"Enchiridion"},{"floor":24,"key":"Ancient Tea Set"},{"floor":26,"key":"Centennial Puzzle"},{"floor":27,"key":"Old Coin"},{"floor":30,"key":"Anchor"},{"floor":31,"key":"Red Mask"},{"floor":37,"key":"Unceasing Top"},{"floor":43,"key":"Juzu Bracelet"}],"event_choices":[{"damage_healed":0,"gold_gain":0,"player_choice":"Ignored","damage_taken":0,"max_hp_gain":0,"max_hp_loss":0,"event_name":"Shining Light","floor":11,"gold_loss":0},{"damage_healed":0,"gold_gain":0,"player_choice":"Simplicity","damage_taken":0,"max_hp_gain":0,"max_hp_loss":0,"event_name":"Back to Basics","floor":20,"gold_loss":0,"cards_upgraded":["Strike_B","Strike_B","Strike_B","Defend_B","Defend_B","Defend_B","Defend_B"]},{"damage_healed":0,"gold_gain":0,"player_choice":"Obtained Book","damage_taken":21,"max_hp_gain":0,"max_hp_loss":0,"event_name":"Cursed Tome","floor":21,"gold_loss":0},{"damage_healed":0,"gold_gain":0,"player_choice":"Obtained Relic","damage_taken":0,"relics_obtained":["Gremlin Horn"],"max_hp_gain":0,"max_hp_loss":0,"event_name":"Addict","floor":22,"gold_loss":85},{"damage_healed":0,"gold_gain":0,"player_choice":"Fought Bandits","damage_taken":0,"max_hp_gain":0,"max_hp_loss":0,"event_name":"Masked Bandits","floor":31,"gold_loss":0},{"damage_healed":0,"gold_gain":0,"player_choice":"Fight","damage_taken":0,"max_hp_gain":0,"max_hp_loss":0,"event_name":"MindBloom","floor":37,"gold_loss":0},{"damage_healed":0,"gold_gain":222,"player_choice":"Wore Mask","damage_taken":0,"max_hp_gain":0,"max_hp_loss":0,"event_name":"Tomb of Lord Red Mask","floor":38,"gold_loss":0}],"is_beta":false,"boss_relics":[{"not_picked":["Black Star","Tiny House"],"picked":"FrozenCore"},{"not_picked":["Runic Pyramid","Coffee Dripper"],"picked":"Cursed Key"}],"items_purged_floors":[7,28,36],"is_endless":false,"potions_floor_spawned":[2,5,10,16,19,30,41,42,46],"ascension_level":19}