{"gold_per_floor":[109,79,97,110,122,150,1,30,80,80,11,31,41,75,75,171,171,181,181,192,192,212,212,241,156,156,24,52,65,65],"floor_reached":30,"playtime":2108,"items_purged":[],"score":381,"play_id":"f17ef7ba-23a9-4158-961f-05ebdc94b9cd","local_time":"20190212195050","is_ascension_mode":true,"campfire_choices":[{"floor":10,"key":"REST"},{"floor":15,"key":"REST"},{"data":"Buffer","floor":23,"key":"SMITH"}],"neow_cost":"NONE","seed_source_timestamp":2482895892574200,"circlet_count":0,"master_deck":["Zap","Dualcast","Rip and Tear","Force Field+1","Beam Cell","Beam Cell","Amplify","Barrage","Machine Learning","Rebound","Glacier","Loop","Leap","Go for the Eyes","Steam","Buffer+1","Go for the Eyes","Go for the Eyes","Steam+1","Compile Driver","Hologram","Echo Form","All For One","Sunder+1","Go for the Eyes","Bite","Bite","Bite","Bite","Bite","Beam Cell+1","Compile Driver+1","Compile Driver","Creative AI"],"relics":["Pandora\u0027s Box","Bronze Scales","Sundial","Odd Mushroom","Pen Nib","Sozu","MutagenicStrength","Du-Vu Doll","Omamori","The Courier","War Paint","Oddly Smooth Stone"],"potions_floor_usage":[2,5,13,14,22,28],"damage_taken":[{"damage":18,"enemies":"Small Slimes","floor":1,"turns":2},{"damage":2,"enemies":"Cultist","floor":3,"turns":3},{"damage":1,"enemies":"Jaw Worm","floor":4,"turns":4},{"damage":0,"enemies":"2 Fungi Beasts","floor":5,"turns":4},{"damage":15,"enemies":"Lagavulin","floor":6,"turns":9},{"damage":12,"enemies":"Gremlin Nob","floor":8,"turns":5},{"damage":0,"enemies":"The Mushroom Lair","floor":12,"turns":5},{"damage":0,"enemies":"3 Louse","floor":13,"turns":3},{"damage":10,"enemies":"3 Sentries","floor":14,"turns":7},{"damage":2,"enemies":"The Guardian","floor":16,"turns":11},{"damage":0,"enemies":"Spheric Guardian","floor":18,"turns":4},{"damage":8,"enemies":"Shell Parasite","floor":20,"turns":3},{"damage":23,"enemies":"Shelled Parasite and Fungi","floor":22,"turns":4},{"damage":5,"enemies":"Book of Stabbing","floor":24,"turns":3},{"damage":7,"enemies":"Slavers","floor":28,"turns":6},{"damage":22,"enemies":"Centurion and Healer","floor":29,"turns":6},{"damage":41,"enemies":"Gremlin Leader","floor":30,"turns":3}],"seed_played":"-5601031435638004705","potions_obtained":[{"floor":1,"key":"Fire Potion"},{"floor":2,"key":"SneckoOil"},{"floor":2,"key":"Fruit Juice"},{"floor":4,"key":"EssenceOfSteel"},{"floor":8,"key":"Block Potion"},{"floor":12,"key":"Energy Potion"},{"floor":14,"key":"Regen Potion"}],"is_trial":false,"path_per_floor":["M","?","M","M","M","E","$","E","T","R","$","?","M","E","R","B",null,"M","?","M","?","M","R","E","?","T","$","E","M","E"],"character_chosen":"DEFECT","items_purchased":["Buffer","Go for the Eyes","Steam","War Paint","Compile Driver"],"campfire_rested":2,"item_purchase_floors":[7,11,11,27,27],"current_hp_per_floor":[57,62,60,59,59,44,44,32,32,56,56,56,56,46,70,68,80,80,80,72,56,50,50,47,47,47,47,50,36,0],"gold":65,"neow_bonus":"BOSS_RELIC","is_prod":false,"is_daily":false,"chose_seed":false,"campfire_upgraded":1,"win_rate":0,"timestamp":1550026250,"path_taken":["M","?","M","?","?","E","?","E","T","R","$","?","M","E","R","BOSS","M","?","M","?","M","R","E","?","T","?","E","M","E"],"build_version":"2019-02-06","purchased_purges":0,"victory":false,"max_hp_per_floor":[75,80,80,80,80,80,80,80,80,80,80,80,80,80,80,80,80,80,80,80,56,56,56,56,56,56,56,56,56,56],"card_choices":[{"not_picked":["Fusion","Darkness"],"picked":"Glacier","floor":1},{"not_picked":["Sweeping Beam","Go for the Eyes"],"picked":"Loop","floor":3},{"not_picked":["Loop","Ball Lightning"],"picked":"Leap","floor":4},{"not_picked":["Sweeping Beam","Rebound"],"picked":"Go for the Eyes","floor":5},{"not_picked":["Turbo","Streamline"],"picked":"Steam","floor":6},{"not_picked":["Force Field","Redo"],"picked":"Go for the Eyes","floor":8},{"not_picked":["Lockon","Melter"],"picked":"Compile Driver","floor":12},{"not_picked":["Gash","Steam"],"picked":"Hologram","floor":13},{"not_picked":["Go for the Eyes","Beam Cell"],"picked":"Echo Form","floor":14},{"not_picked":["Buffer","Amplify"],"picked":"All For One","floor":16},{"not_picked":["Streamline","Compile Driver+1"],"picked":"Sunder+1","floor":18},{"not_picked":["Beam Cell","Barrage"],"picked":"Go for the Eyes","floor":20},{"not_picked":["Genetic Algorithm","Turbo"],"picked":"Beam Cell+1","floor":22},{"not_picked":["Thunder Strike","Recycle+1"],"picked":"Compile Driver+1","floor":24},{"not_picked":["Recycle","Compile Driver","Hello World"],"picked":"SKIP","floor":28},{"not_picked":["Streamline","Storm"],"picked":"Creative AI","floor":29}],"player_experience":487936,"relics_obtained":[{"floor":6,"key":"Bronze Scales"},{"floor":8,"key":"Sundial"},{"floor":12,"key":"Odd Mushroom"},{"floor":14,"key":"Pen Nib"},{"floor":24,"key":"Du-Vu Doll"},{"floor":26,"key":"The Courier"},{"floor":28,"key":"Oddly Smooth Stone"}],"event_choices":[{"damage_healed":0,"gold_gain":0,"player_choice":"Bought 2 Potions","damage_taken":0,"max_hp_gain":0,"max_hp_loss":0,"event_name":"The Woman in Blue","floor":2,"gold_loss":0},{"damage_healed":0,"gold_gain":0,"player_choice":"Fought Mushrooms","damage_taken":0,"max_hp_gain":0,"max_hp_loss":0,"event_name":"Mushrooms","floor":12,"gold_loss":0},{"damage_healed":0,"gold_gain":0,"player_choice":"Inject Mutagens","damage_taken":0,"relics_obtained":["MutagenicStrength"],"max_hp_gain":0,"max_hp_loss":0,"event_name":"Drug Dealer","floor":19,"gold_loss":0},{"damage_healed":0,"gold_gain":0,"player_choice":"Became a vampire","damage_taken":0,"max_hp_gain":0,"max_hp_loss":24,"event_name":"Vampires","floor":21,"gold_loss":0,"cards_obtained":["Bite","Bite","Bite","Bite","Bite"]},{"damage_healed":0,"gold_gain":0,"player_choice":"Obtained Relic","damage_taken":0,"relics_obtained":["Omamori"],"max_hp_gain":0,"max_hp_loss":0,"event_name":"Addict","floor":25,"gold_loss":85}],"is_beta":true,"boss_relics":[{"not_picked":["White Beast Statue","Busted Crown"],"picked":"Sozu"}],"items_purged_floors":[],"is_endless":false,"potions_floor_spawned":[1,4,8,12,14,18,28],"killed_by":"Gremlin Leader","ascension_level":3}