{"gold_per_floor":[109,124,47,122,32,32,66,66,117,117,135,13,188,203,203,305,305,322,322,17,17,29,54,54,80,80,107,125,141,19,19,19,115,115,125,125,125,138,150,185,185,210,210,210,120,152,164,181,181,181,181,181,17,48,48],"floor_reached":56,"playtime":4285,"items_purged":["Doubt","Shame"],"score":1266,"play_id":"ff56c5b2-85a1-4b32-adc4-1f31a2825b52","local_time":"20190121130359","is_ascension_mode":false,"campfire_choices":[{"data":"Cloak And Dagger","floor":6,"key":"SMITH"},{"data":"Caltrops","floor":8,"key":"SMITH"},{"data":"Cloak And Dagger","floor":15,"key":"SMITH"},{"data":"Distraction","floor":32,"key":"SMITH"},{"floor":41,"key":"RECALL"},{"data":"Neutralize","floor":44,"key":"SMITH"},{"data":"Sucker Punch","floor":49,"key":"SMITH"},{"data":"Crippling Poison","floor":52,"key":"SMITH"}],"neow_cost":"NONE","seed_source_timestamp":555437835655499,"circlet_count":0,"master_deck":["Defend_G+1","Defend_G+1","Defend_G+1","Defend_G+1","Defend_G+1","Strike_G+1","Strike_G+1","Strike_G+1","Strike_G+1","Strike_G+1","Survivor","Neutralize","Cloak And Dagger+1","Cloak And Dagger+1","Noxious Fumes","Quick Slash+1","Caltrops+1","Die Die Die","Dagger Throw","Backflip","Caltrops","Noxious Fumes","Corpse Explosion","Finisher","Accuracy","Crippling Poison+1","Sucker Punch","Leg Sweep","Distraction+1","Dagger Throw","Sucker Punch+1","Envenom","Acrobatics+1","Mayhem","Bandage Up","PanicButton","Neutralize+1","Infinite Blades","Infinite Blades+1","Parasite","Quick Slash+1","Acrobatics+1","Footwork+1","Acrobatics+1","PiercingWail+1","Blur","Dark Shackles"],"relics":["Coffee Dripper","Ornamental Fan","Centennial Puzzle","Sozu","Orichalcum","Dream Catcher","Bottled Lightning","Meat on the Bone","Singing Bowl","Tough Bandages","Cursed Key","Frozen Egg 2","Smiling Mask","Kunai","Mummified Hand","Vajra"],"potions_floor_usage":[16,55],"damage_taken":[{"damage":0,"enemies":"Small Slimes","floor":1,"turns":4},{"damage":0,"enemies":"Jaw Worm","floor":2,"turns":4},{"damage":19,"enemies":"Gremlin Nob","floor":7,"turns":5},{"damage":0,"enemies":"2 Louse","floor":11,"turns":2},{"damage":0,"enemies":"Large Slime","floor":14,"turns":5},{"damage":17,"enemies":"Hexaghost","floor":16,"turns":9},{"damage":15,"enemies":"2 Thieves","floor":18,"turns":3},{"damage":2,"enemies":"Shell Parasite","floor":22,"turns":4},{"damage":6,"enemies":"Book of Stabbing","floor":23,"turns":5},{"damage":11,"enemies":"Slavers","floor":25,"turns":4},{"damage":19,"enemies":"Gremlin Leader","floor":27,"turns":9},{"damage":0,"enemies":"Centurion and Healer","floor":28,"turns":7},{"damage":1,"enemies":"3 Cultists","floor":29,"turns":3},{"damage":35,"enemies":"Collector","floor":33,"turns":10},{"damage":3,"enemies":"3 Darklings","floor":35,"turns":3},{"damage":0,"enemies":"Orb Walker","floor":38,"turns":4},{"damage":11,"enemies":"Writhing Mass","floor":39,"turns":7},{"damage":13,"enemies":"Nemesis","floor":40,"turns":7},{"damage":11,"enemies":"Giant Head","floor":42,"turns":8},{"damage":4,"enemies":"Nemesis","floor":46,"turns":5},{"damage":6,"enemies":"Spire Growth","floor":47,"turns":5},{"damage":0,"enemies":"Maw","floor":48,"turns":6},{"damage":16,"enemies":"Donu and Deca","floor":50,"turns":6},{"damage":12,"enemies":"Shield and Spear","floor":54,"turns":5},{"damage":25,"enemies":"The Heart","floor":55,"turns":8}],"seed_played":"-1454906554916309746","potions_obtained":[{"floor":2,"key":"GhostInAJar"},{"floor":7,"key":"Regen Potion"},{"floor":16,"key":"GamblersBrew"}],"is_trial":false,"path_per_floor":["?","?","?","?","?","?","$","?","?","M","?"],"character_chosen":"THE_SILENT","items_purchased":["Noxious Fumes","Quick Slash","Caltrops","Backflip","Caltrops","Orichalcum","Accuracy","Sucker Punch","Blur","Dark Shackles"],"campfire_rested":0,"item_purchase_floors":[3,5,5,12,12,20,20,30,53,53],"current_hp_per_floor":[70,70,70,59,59,59,40,40,40,37,37,37,37,37,37,35,70,55,55,55,55,53,47,47,36,36,29,41,40,40,40,40,17,70,67,57,57,57,50,41,41,46,46,46,46,48,46,50,50,38,72,72,72,66,45],"gold":48,"neow_bonus":"BOSS_RELIC","is_prod":false,"is_daily":false,"chose_seed":false,"campfire_upgraded":7,"win_rate":0,"timestamp":1548101039,"path_taken":["M","M","$","?","$","R","E","R","T","?","M","$","?","M","R","BOSS","M","?","$","?","M","E","?","E","T","E","M","M","?","$","R","BOSS","M","?","?","?","M","E","R","E","T","R","?","E","M","M","R","BOSS","R","$","E","BOSS"],"build_version":"2019-01-20","purchased_purges":2,"victory":true,"max_hp_per_floor":[70,70,70,70,70,70,70,70,70,70,70,70,70,70,70,70,70,70,70,70,70,70,70,70,70,70,70,70,70,70,70,70,70,70,70,70,70,70,70,70,70,70,70,70,70,72,72,72,72,72,72,72,72,74,74],"card_choices":[{"not_picked":["Slice","Well Laid Plans"],"picked":"Cloak And Dagger","floor":1},{"not_picked":["Slice","Prepared"],"picked":"Cloak And Dagger","floor":2},{"not_picked":["Sucker Punch","Catalyst"],"picked":"Die Die Die","floor":7},{"not_picked":["Reflex","Dagger Spray"],"picked":"Dagger Throw","floor":11},{"not_picked":["Expertise","Terror"],"picked":"Noxious Fumes","floor":14},{"not_picked":["Envenom","Burst"],"picked":"Corpse Explosion","floor":16},{"not_picked":["Tactician","Flying Knee"],"picked":"Finisher","floor":18},{"not_picked":["Deadly Poison","Slice","Eviscerate"],"picked":"SKIP","floor":22},{"not_picked":["Bouncing Flask","Backstab"],"picked":"Crippling Poison","floor":23},{"not_picked":["Outmaneuver","Dagger Spray+1"],"picked":"Sucker Punch","floor":25},{"not_picked":["Bane","Flying Knee"],"picked":"Leg Sweep","floor":27},{"not_picked":["Finisher","Eviscerate"],"picked":"Distraction","floor":28},{"not_picked":["Flying Knee","Backflip"],"picked":"Dagger Throw","floor":29},{"not_picked":["Glass Knife","Burst"],"picked":"Envenom","floor":33},{"not_picked":["Sucker Punch","Dodge and Roll+1"],"picked":"Acrobatics+1","floor":35},{"not_picked":["Trip","Sadistic Nature"],"picked":"Mayhem","floor":36},{"not_picked":["Secret Weapon","PanicButton"],"picked":"Bandage Up","floor":36},{"not_picked":["Forethought","Deep Breath"],"picked":"PanicButton","floor":36},{"not_picked":["Dagger Throw","Acrobatics"],"picked":"Infinite Blades+1","floor":38},{"not_picked":["Slice+1","Tactician+1"],"picked":"Quick Slash+1","floor":39},{"not_picked":["Deadly Poison","Underhanded Strike+1"],"picked":"Acrobatics+1","floor":40},{"not_picked":["Sucker Punch+1","Setup+1"],"picked":"Footwork+1","floor":42},{"not_picked":["Sucker Punch","Bullet Time","Dagger Spray"],"picked":"Singing Bowl","floor":46},{"not_picked":["Backstab","Deflect+1"],"picked":"Acrobatics+1","floor":47},{"not_picked":["Endless Agony+1","Bane+1"],"picked":"PiercingWail+1","floor":48},{"not_picked":["Bane+1","Blade Dance","Poisoned Stab"],"picked":"Singing Bowl","floor":54}],"player_experience":399691,"relics_obtained":[{"floor":7,"key":"Ornamental Fan"},{"floor":23,"key":"Bottled Lightning"},{"floor":25,"key":"Meat on the Bone"},{"floor":26,"key":"Singing Bowl"},{"floor":27,"key":"Tough Bandages"},{"floor":40,"key":"Frozen Egg 2"},{"floor":42,"key":"Smiling Mask"},{"floor":43,"key":"Kunai"},{"floor":46,"key":"Mummified Hand"},{"floor":54,"key":"Vajra"}],"event_choices":[{"damage_healed":0,"gold_gain":75,"player_choice":"Gather Gold","damage_taken":11,"max_hp_gain":0,"max_hp_loss":0,"event_name":"World of Goop","floor":4,"gold_loss":0},{"damage_healed":0,"gold_gain":0,"player_choice":"Success","damage_taken":3,"relics_obtained":["Centennial Puzzle"],"max_hp_gain":0,"max_hp_loss":0,"event_name":"Scrap Ooze","floor":10,"gold_loss":0},{"damage_healed":0,"gold_gain":175,"player_choice":"AGREE","damage_taken":0,"max_hp_gain":0,"max_hp_loss":0,"event_name":"Liars Game","floor":13,"gold_loss":0,"cards_obtained":["Doubt"]},{"damage_healed":0,"gold_gain":0,"player_choice":"Simplicity","damage_taken":0,"max_hp_gain":0,"max_hp_loss":0,"event_name":"Back to Basics","floor":19,"gold_loss":0,"cards_upgraded":["Defend_G","Defend_G","Defend_G","Defend_G","Defend_G","Strike_G","Strike_G","Strike_G","Strike_G","Strike_G"]},{"damage_healed":0,"gold_gain":0,"player_choice":"Stole Relic","damage_taken":0,"relics_obtained":["Dream Catcher"],"max_hp_gain":0,"max_hp_loss":0,"event_name":"Addict","floor":21,"gold_loss":0,"cards_obtained":["Shame"]},{"damage_healed":0,"gold_gain":0,"player_choice":"Ignored","damage_taken":0,"max_hp_gain":0,"max_hp_loss":0,"event_name":"Ghosts","floor":24,"gold_loss":0},{"damage_healed":0,"gold_gain":0,"player_choice":"Memory 3","damage_taken":10,"max_hp_gain":0,"max_hp_loss":0,"event_name":"SensoryStone","floor":36,"gold_loss":0},{"damage_healed":0,"gold_gain":0,"player_choice":"2 cards matched","damage_taken":0,"max_hp_gain":0,"max_hp_loss":0,"event_name":"Match and Keep!","floor":37,"gold_loss":0,"cards_obtained":["Neutralize","Infinite Blades"]},{"cards_removed":["Shame"],"damage_healed":0,"gold_gain":0,"player_choice":"Upgrade and Remove","damage_taken":0,"max_hp_gain":0,"max_hp_loss":0,"event_name":"Designer","floor":45,"gold_loss":90,"cards_upgraded":["Quick Slash"]}],"is_beta":true,"boss_relics":[{"not_picked":["HoveringKite","WristBlade"],"picked":"Sozu"},{"not_picked":["Velvet Choker","Runic Dome"],"picked":"Cursed Key"}],"items_purged_floors":[20,30],"is_endless":false,"potions_floor_spawned":[2,7,16,22,27,35,38,40,46,47],"ascension_level":0}