{"gold_per_floor":[116,128,303,303,26,55,65,65,65,65,65,65,65,88,88,189,189,208,208,228,30,105,105,124,124,195,210,230,155,155,155,155,252,252,266,285,285],"floor_reached":37,"playtime":2676,"items_purged":["Doubt"],"score":443,"play_id":"30acda45-fb79-476d-b6f2-19ba7984df63","local_time":"20181003103107","is_ascension_mode":true,"campfire_choices":[{"floor":8.0,"key":"REST"},{"floor":10.0,"key":"REST"},{"data":"Crippling Poison","floor":13.0,"key":"SMITH"},{"data":"Neutralize","floor":15.0,"key":"SMITH"},{"data":"Envenom","floor":23.0,"key":"SMITH"},{"floor":25.0,"key":"REST"},{"floor":32.0,"key":"REST"}],"neow_cost":"","seed_source_timestamp":0,"circlet_count":0,"master_deck":["Defend_G","Defend_G","Defend_G","Defend_G+1","Defend_G","Strike_G","Strike_G","Strike_G","Strike_G+1","Strike_G","Survivor","Neutralize+1","Crippling Poison+1","Riddle With Holes","Corpse Explosion","Violence","Caltrops","Heel Hook","Envenom+1","Dagger Spray","J.A.X.","Dagger Spray+1","Deep Breath","Catalyst","Necronomicurse","Night Terror","Static Discharge"],"special_seed":0,"relics":["Ring of the Snake","Thread and Needle","Kunai","Lantern","HoveringKite","PrismaticShard","Pantograph","Necronomicon","White Beast Statue"],"potions_floor_usage":[37,37,37],"damage_taken":[{"damage":0.0,"enemies":"Cultist","floor":1.0,"turns":4.0},{"damage":0.0,"enemies":"2 Louse","floor":2.0,"turns":2.0},{"damage":53.0,"enemies":"Gremlin Nob","floor":6.0,"turns":6.0},{"damage":1.0,"enemies":"Jaw Worm","floor":7.0,"turns":4.0},{"damage":21.0,"enemies":"The Guardian","floor":16.0,"turns":13.0},{"damage":6.0,"enemies":"3 Byrds","floor":18.0,"turns":3.0},{"damage":8.0,"enemies":"2 Thieves","floor":20.0,"turns":3.0},{"damage":14.0,"enemies":"Centurion and Healer","floor":24.0,"turns":5.0},{"damage":0.0,"enemies":"3 Cultists","floor":27.0,"turns":2.0},{"damage":19.0,"enemies":"Sentry and Sphere","floor":28.0,"turns":4.0},{"damage":0.0,"enemies":"Gremlin Leader","floor":30.0,"turns":1.0},{"damage":45.0,"enemies":"Champ","floor":33.0,"turns":9.0},{"damage":31.0,"enemies":"3 Darklings","floor":35.0,"turns":4.0},{"damage":12.0,"enemies":"Orb Walker","floor":36.0,"turns":4.0},{"damage":39,"enemies":"Transient","floor":37,"turns":4}],"seed_played":"-3028153507052958926","potions_obtained":[{"floor":2.0,"key":"Regen Potion"},{"floor":11.0,"key":"Regen Potion"},{"floor":11.0,"key":"SmokeBomb"},{"floor":11.0,"key":"FearPotion"},{"floor":18.0,"key":"Explosive Potion"},{"floor":24.0,"key":"FearPotion"},{"floor":27.0,"key":"PowerPotion"},{"floor":35.0,"key":"Energy Potion"},{"floor":36.0,"key":"SteroidPotion"}],"is_trial":false,"path_per_floor":["M","M","?","?","$","E","M","R","T","R","?","$","R","T","R","B",null,"M","?","M","$","?","R","M","R","T","M","M","$","E","?","R","B",null,"M","M"],"character_chosen":"THE_SILENT","items_purchased":["Corpse Explosion","Violence","PrismaticShard"],"campfire_rested":4,"item_purchase_floors":[5,5,21],"current_hp_per_floor":[70,70,70,56,56,18,17,38,38,59,59,59,59,59,59,53,70,64,64,56,56,49,49,35,56,56,56,37,37,37,21,42,22,70,39,27,0],"gold":285,"neow_bonus":"","is_prod":false,"is_daily":false,"chose_seed":false,"campfire_upgraded":3,"win_rate":0,"timestamp":1538587867,"path_taken":["M","M","?","?","$","E","M","R","T","R","?","?","R","?","R","BOSS","M","?","M","?","?","R","M","R","T","M","?","$","E","?","R","BOSS","M","M","M"],"build_version":"2018-09-27","purchased_purges":1,"victory":false,"max_hp_per_floor":[70,70,70,70,70,70,70,70,70,70,70,70,70,70,70,70,70,70,70,70,70,70,70,70,70,70,70,70,70,70,70,70,70,70,70,70,70],"card_choices":[{"not_picked":["Acrobatics","Dagger Spray"],"picked":"Crippling Poison","floor":1.0},{"not_picked":["Predator","Backstab"],"picked":"Riddle With Holes","floor":2.0},{"not_picked":["Grand Finale","Underhanded Strike"],"picked":"Caltrops","floor":6.0},{"not_picked":["Cloak And Dagger","Bane"],"picked":"Heel Hook","floor":7.0},{"not_picked":["Night Terror","Tools of the Trade"],"picked":"Envenom","floor":16.0},{"not_picked":["Accuracy+1","Outmaneuver"],"picked":"Dagger Spray","floor":18.0},{"not_picked":["Bane+1","Deadly Poison"],"picked":"Dagger Spray+1","floor":20.0},{"not_picked":["Infernal Blade+1","Warcry"],"picked":"Deep Breath","floor":24.0},{"not_picked":["Streamline","Quick Slash","Escape Plan"],"picked":"SKIP","floor":27.0},{"not_picked":["Rupture","Finisher+1"],"picked":"Catalyst","floor":28.0},{"not_picked":["Amplify","Brutality"],"picked":"Night Terror","floor":33.0},{"not_picked":["Hemokinesis","Reprogram","Hologram+1"],"picked":"SKIP","floor":35.0},{"not_picked":["Prepared+1","Dagger Throw"],"picked":"Static Discharge","floor":36.0}],"player_experience":810196,"relics_obtained":[{"floor":6.0,"key":"Thread and Needle"},{"floor":9.0,"key":"Kunai"},{"floor":14.0,"key":"Lantern"},{"floor":26.0,"key":"Pantograph"},{"floor":31.0,"key":"Necronomicon"}],"event_choices":[{"event_name":"Liars Game","player_choice":"agreed","floor":3.0,"damage_taken":0.0},{"event_name":"Shining Light","player_choice":"Entered Light","floor":4.0,"damage_taken":0.0},{"event_name":"The Lab","player_choice":"Got Potions","floor":11.0,"damage_taken":0.0},{"event_name":"Drug Dealer","player_choice":"Got JAX","floor":19.0,"damage_taken":0.0},{"event_name":"FaceTrader","player_choice":"Touch","floor":22.0,"damage_taken":0.0},{"event_name":"Cursed Tome","player_choice":"Obtained Book","floor":31.0,"damage_taken":0.0}],"is_beta":false,"boss_relics":[{"not_picked":["Cursed Key","Philosopher\u0027s Stone"],"picked":"HoveringKite"},{"not_picked":["WristBlade","Tiny House"],"picked":"White Beast Statue"}],"items_purged_floors":[29],"is_endless":false,"potions_floor_spawned":[2,18,24,27,35,36],"killed_by":"Transient","ascension_level":3}