{"gold_per_floor":[117,129,129,147,322,352,352,352,405,417,402,402,417,417,417,513,513,528,15,15,15,25,25,42,42,42,67,6,17,17,35,35,35],"floor_reached":33,"playtime":1743,"items_purged":["Pain"],"score":267,"play_id":"7856a5af-0aef-40c5-96ad-96dd78ab0765","local_time":"20190108224118","is_ascension_mode":false,"campfire_choices":[{"floor":7,"key":"RECALL"},{"floor":15,"key":"REST"},{"floor":23,"key":"REST"},{"floor":25,"key":"REST"},{"floor":32,"key":"REST"}],"neow_cost":"NONE","seed_source_timestamp":72026547391200,"circlet_count":0,"master_deck":["Strike_R","Strike_R","Strike_R","Strike_R","Strike_R","Defend_R","Defend_R+1","Defend_R+1","Defend_R","Bash","Armaments","Shockwave","Enlightenment","Carnage","Doubt","Clothesline","Inflame","Battle Trance","Pommel Strike","Demon Form","Disarm+1","RitualDagger","Armaments+1","Whirlwind","Juggernaut","Heavy Blade","Heavy Blade","Burning Pact+1"],"relics":["Burning Blood","NeowsBlessing","Ancient Tea Set","Bottled Lightning","Fusion Hammer","Calipers","Membership Card","WarpedTongs","Self Forming Clay","Matryoshka","Nilry\u0027s Codex"],"potions_floor_usage":[11,11,16,27,27,27],"damage_taken":[{"damage":0,"enemies":"Cultist","floor":1,"turns":1},{"damage":0,"enemies":"2 Louse","floor":2,"turns":1},{"damage":0,"enemies":"Small Slimes","floor":4,"turns":1},{"damage":29,"enemies":"Lagavulin","floor":6,"turns":8},{"damage":8,"enemies":"2 Fungi Beasts","floor":10,"turns":3},{"damage":5,"enemies":"Exordium Thugs","floor":11,"turns":6},{"damage":0,"enemies":"3 Louse","floor":13,"turns":2},{"damage":45,"enemies":"Slime Boss","floor":16,"turns":14},{"damage":20,"enemies":"3 Byrds","floor":18,"turns":6},{"damage":10,"enemies":"Spheric Guardian","floor":22,"turns":3},{"damage":12,"enemies":"Snecko","floor":24,"turns":4},{"damage":24,"enemies":"Slavers","floor":27,"turns":6},{"damage":30,"enemies":"Sentry and Sphere","floor":29,"turns":6},{"damage":21,"enemies":"Centurion and Healer","floor":31,"turns":5},{"damage":48,"enemies":"Automaton","floor":33,"turns":6}],"seed_played":"5487145550979639644","potions_obtained":[{"floor":6,"key":"Swift Potion"},{"floor":10,"key":"Block Potion"},{"floor":11,"key":"Dexterity Potion"},{"floor":13,"key":"PowerPotion"},{"floor":22,"key":"Strength Potion"},{"floor":24,"key":"Weak Potion"},{"floor":31,"key":"Poison Potion"}],"is_trial":false,"path_per_floor":["M","M","?","M","?","E","R","?","T","M","M","?","M","T","R","B",null,"M","$","?","?","M","R","M","R","T","E","$","M","?","M","R","B"],"character_chosen":"IRONCLAD","items_purchased":["Calipers","Membership Card","Heavy Blade"],"campfire_rested":4,"item_purchase_floors":[19,19,28],"current_hp_per_floor":[80,80,80,80,80,57,57,57,57,55,56,40,46,46,70,31,80,66,66,60,60,56,80,74,80,80,62,62,38,22,7,31,0],"gold":35,"neow_bonus":"THREE_ENEMY_KILL","is_prod":false,"is_daily":false,"chose_seed":false,"campfire_upgraded":0,"win_rate":0,"timestamp":1547012478,"path_taken":["M","?","?","?","?","E","R","?","T","M","?","?","M","?","R","BOSS","M","$","?","?","M","R","?","R","T","E","$","M","?","M","R","BOSS"],"build_version":"2019-01-07","purchased_purges":1,"victory":false,"max_hp_per_floor":[80,80,80,80,80,80,80,80,80,80,80,80,80,80,80,80,80,80,80,80,80,80,80,80,80,80,80,80,80,80,80,80,80],"card_choices":[{"not_picked":["Havoc","Sword Boomerang"],"picked":"Armaments","floor":1},{"not_picked":["Sentinel","Wild Strike"],"picked":"Shockwave","floor":2},{"not_picked":["Cleave","Flex"],"picked":"Carnage","floor":4},{"not_picked":["Pummel","Brutality"],"picked":"Clothesline","floor":6},{"not_picked":["Thunderclap","Clash"],"picked":"Inflame","floor":10},{"not_picked":["Heavy Blade","Body Slam"],"picked":"Battle Trance","floor":11},{"not_picked":["Dual Wield","Hemokinesis"],"picked":"Pommel Strike","floor":13},{"not_picked":["Juggernaut","Immolate"],"picked":"Demon Form","floor":16},{"not_picked":["Twin Strike+1","Wild Strike+1"],"picked":"Disarm+1","floor":18},{"not_picked":["Havoc","Corruption"],"picked":"Armaments+1","floor":22},{"not_picked":["Combust","Armaments"],"picked":"Whirlwind","floor":24},{"not_picked":["Ghostly Armor","Perfected Strike+1"],"picked":"Juggernaut","floor":27},{"not_picked":["Spot Weakness","Sever Soul"],"picked":"Heavy Blade","floor":29},{"not_picked":["Searing Blow","Sword Boomerang"],"picked":"Burning Pact+1","floor":31}],"player_experience":313692,"relics_obtained":[{"floor":6,"key":"Ancient Tea Set"},{"floor":14,"key":"Bottled Lightning"},{"floor":26,"key":"Self Forming Clay"},{"floor":27,"key":"Matryoshka"},{"floor":30,"key":"Nilry\u0027s Codex"}],"event_choices":[{"damage_healed":0,"gold_gain":0,"player_choice":"1 cards matched","damage_taken":0,"max_hp_gain":0,"max_hp_loss":0,"event_name":"Match and Keep!","floor":3,"gold_loss":0,"cards_obtained":["Enlightenment"]},{"damage_healed":0,"gold_gain":0,"player_choice":"1 cards matched","damage_taken":0,"max_hp_gain":0,"max_hp_loss":0,"event_name":"Match and Keep!","floor":3,"gold_loss":0,"cards_obtained":["Enlightenment"]},{"damage_healed":0,"gold_gain":175,"player_choice":"AGREE","damage_taken":0,"max_hp_gain":0,"max_hp_loss":0,"event_name":"Liars Game","floor":5,"gold_loss":0,"cards_obtained":["Doubt"]},{"cards_removed":["Zap"],"damage_healed":0,"gold_gain":0,"player_choice":"Took Card","damage_taken":0,"max_hp_gain":0,"max_hp_loss":0,"event_name":"NoteForYourself","floor":8,"gold_loss":0,"cards_obtained":["Zap"]},{"damage_healed":0,"gold_gain":0,"player_choice":"Entered Light","damage_taken":16,"max_hp_gain":0,"max_hp_loss":0,"event_name":"Shining Light","floor":12,"gold_loss":0,"cards_upgraded":["Defend_R","Defend_R"]},{"damage_healed":0,"gold_gain":0,"player_choice":"Joined the Cult","damage_taken":6,"max_hp_gain":0,"max_hp_loss":0,"event_name":"Nest","floor":20,"gold_loss":0,"cards_obtained":["RitualDagger"]},{"damage_healed":0,"gold_gain":0,"player_choice":"Rummage","damage_taken":0,"relics_obtained":["WarpedTongs"],"max_hp_gain":0,"max_hp_loss":0,"event_name":"Accursed Blacksmith","floor":21,"gold_loss":0,"cards_obtained":["Pain"]},{"damage_healed":0,"gold_gain":0,"player_choice":"Obtained Book","damage_taken":16,"max_hp_gain":0,"max_hp_loss":0,"event_name":"Cursed Tome","floor":30,"gold_loss":0}],"is_beta":true,"boss_relics":[{"not_picked":["Philosopher\u0027s Stone","White Beast Statue"],"picked":"Fusion Hammer"}],"items_purged_floors":[28],"is_endless":false,"potions_floor_spawned":[6,10,11,13,22,24,31],"killed_by":"Automaton","ascension_level":0}