{"gold_per_floor":[113,113,113,130,130,160,174,188,188,206,206,238,250,260,260,359,359,324,171,171,171,191,191,204,229,254,254,282,294,164,179,179,284,284,304,304,57,77,77,77,77,77,100,100,128,128,128],"floor_reached":47,"playtime":1815,"items_purged":["Strike_G","Strike_G","Defend_G"],"score":737,"play_id":"cbf1f06a-e720-4c39-9283-a0384445ec37","local_time":"20190424230128","is_ascension_mode":true,"campfire_choices":[{"floor":11,"key":"REST"},{"floor":15,"key":"REST"},{"data":"Envenom","floor":23,"key":"SMITH"},{"floor":27,"key":"REST"},{"floor":32,"key":"REST"},{"data":"Envenom","floor":40,"key":"SMITH"},{"data":"Footwork","floor":44,"key":"SMITH"}],"neow_cost":"NONE","seed_source_timestamp":712456512391794,"circlet_count":0,"master_deck":["Defend_G","Defend_G","Defend_G","Strike_G+1","Survivor","Neutralize+1","Noxious Fumes","Cloak And Dagger","PiercingWail","Dodge and Roll","Crippling Poison","Dash","Deadly Poison","Escape Plan","Envenom+1","Poisoned Stab","Noxious Fumes","Footwork+1","Envenom+1","Blur","Footwork","Well Laid Plans"],"relics":["Ring of the Snake","NeowsBlessing","StoneCalendar","Gremlin Horn","Ninja Scroll","Busted Crown","Enchiridion","Smiling Mask","Regal Pillow","Ancient Tea Set","White Beast Statue","ClockworkSouvenir","Centennial Puzzle","Juzu Bracelet"],"potions_floor_usage":[8,12,12,16,24,28,31,33,33,45],"damage_taken":[{"damage":0,"enemies":"Jaw Worm","floor":1,"turns":1},{"damage":0,"enemies":"Small Slimes","floor":4,"turns":1},{"damage":0,"enemies":"Gremlin Nob","floor":6,"turns":1},{"damage":0,"enemies":"2 Louse","floor":7,"turns":2},{"damage":1,"enemies":"Exordium Thugs","floor":8,"turns":4},{"damage":0,"enemies":"2 Fungi Beasts","floor":10,"turns":4},{"damage":15,"enemies":"3 Sentries","floor":12,"turns":7},{"damage":10,"enemies":"Large Slime","floor":13,"turns":5},{"damage":0,"enemies":"Red Slaver","floor":14,"turns":3},{"damage":11,"enemies":"Slime Boss","floor":16,"turns":7},{"damage":2,"enemies":"2 Thieves","floor":18,"turns":5},{"damage":5,"enemies":"Shell Parasite","floor":22,"turns":5},{"damage":25,"enemies":"Cultist and Chosen","floor":24,"turns":7},{"damage":16,"enemies":"Slavers","floor":28,"turns":5},{"damage":18,"enemies":"Shelled Parasite and Fungi","floor":29,"turns":7},{"damage":0,"enemies":"Snake Plant","floor":31,"turns":4},{"damage":7,"enemies":"Automaton","floor":33,"turns":9},{"damage":11,"enemies":"3 Darklings","floor":35,"turns":6},{"damage":0,"enemies":"3 Shapes","floor":38,"turns":6},{"damage":18,"enemies":"Giant Head","floor":45,"turns":8},{"damage":41,"enemies":"Sphere and 2 Shapes","floor":47,"turns":3}],"seed_played":"-2410698569057020031","potions_obtained":[{"floor":1,"key":"Explosive Potion"},{"floor":7,"key":"SkillPotion"},{"floor":8,"key":"Fire Potion"},{"floor":12,"key":"SteroidPotion"},{"floor":13,"key":"Block Potion"},{"floor":16,"key":"LiquidBronze"},{"floor":22,"key":"SkillPotion"},{"floor":28,"key":"FearPotion"},{"floor":29,"key":"Poison Potion"},{"floor":31,"key":"Weak Potion"},{"floor":35,"key":"GamblersBrew"},{"floor":38,"key":"Swift Potion"},{"floor":45,"key":"LiquidBronze"}],"is_trial":false,"path_per_floor":["?","?","?","?","?","T","$","?","M","?","?","?","?"],"character_chosen":"THE_SILENT","items_purchased":["Noxious Fumes","Footwork","ClockworkSouvenir"],"campfire_rested":4,"item_purchase_floors":[19,30,37],"current_hp_per_floor":[63,49,49,49,7,7,7,6,6,6,27,12,2,2,23,12,56,54,54,54,38,33,33,8,8,8,44,28,10,10,10,46,39,62,51,51,51,51,51,51,51,51,51,51,33,33,0],"gold":128,"neow_bonus":"THREE_ENEMY_KILL","is_prod":false,"is_daily":false,"chose_seed":false,"campfire_upgraded":3,"win_rate":0,"timestamp":1556121688,"path_taken":["M","?","?","M","?","E","M","M","T","M","R","E","M","M","R","BOSS","M","$","?","?","M","R","M","?","T","R","E","M","?","M","R","BOSS","M","?","$","?","?","R","?","?","T","R","E","?","M"],"build_version":"2019-01-23","purchased_purges":3,"victory":false,"max_hp_per_floor":[70,70,70,70,70,70,70,70,70,70,70,70,70,70,70,70,70,70,70,70,70,70,70,70,70,70,70,70,70,70,70,70,70,70,70,70,70,70,70,70,70,70,70,70,70,70,70],"card_choices":[{"not_picked":["Expertise","Dodge and Roll"],"picked":"Noxious Fumes","floor":1},{"not_picked":["Sucker Punch","Underhanded Strike"],"picked":"Flying Knee","floor":4},{"not_picked":["Concentrate","Riddle With Holes"],"picked":"Cloak And Dagger","floor":6},{"not_picked":["Predator","Terror"],"picked":"PiercingWail","floor":7},{"not_picked":["Dagger Throw","Deflect"],"picked":"Dodge and Roll","floor":8},{"not_picked":["Cloak And Dagger","Riddle With Holes"],"picked":"Crippling Poison","floor":10},{"not_picked":["Choke","Outmaneuver"],"picked":"Dash","floor":12},{"not_picked":["Bane","Concentrate"],"picked":"Deadly Poison","floor":13},{"not_picked":["Poisoned Stab","A Thousand Cuts"],"picked":"Escape Plan","floor":14},{"not_picked":["Storm of Steel","Grand Finale"],"picked":"Envenom","floor":16},{"not_picked":[],"picked":"Poisoned Stab","floor":18},{"not_picked":["Dagger Throw"],"picked":"SKIP","floor":22},{"not_picked":["Setup+1"],"picked":"SKIP","floor":24},{"not_picked":[],"picked":"Blur","floor":28},{"not_picked":["Dagger Throw+1"],"picked":"SKIP","floor":29},{"not_picked":[],"picked":"Well Laid Plans","floor":31},{"not_picked":["Sucker Punch+1"],"picked":"SKIP","floor":35},{"not_picked":["Flying Knee"],"picked":"SKIP","floor":38},{"not_picked":["Concentrate"],"picked":"SKIP","floor":45}],"player_experience":304309,"relics_obtained":[{"floor":6,"key":"StoneCalendar"},{"floor":9,"key":"Gremlin Horn"},{"floor":12,"key":"Ninja Scroll"},{"floor":21,"key":"Enchiridion"},{"floor":25,"key":"Smiling Mask"},{"floor":26,"key":"Regal Pillow"},{"floor":28,"key":"Ancient Tea Set"},{"floor":43,"key":"Centennial Puzzle"},{"floor":45,"key":"Juzu Bracelet"}],"event_choices":[{"damage_healed":0,"gold_gain":0,"player_choice":"Entered Light","damage_taken":14,"max_hp_gain":0,"max_hp_loss":0,"event_name":"Shining Light","floor":2,"gold_loss":0,"cards_upgraded":["Strike_G","Strike_G"]},{"damage_healed":0,"gold_gain":0,"player_choice":"Grow","damage_taken":0,"max_hp_gain":0,"max_hp_loss":0,"event_name":"Living Wall","floor":3,"gold_loss":0,"cards_upgraded":["Neutralize"]},{"damage_healed":0,"gold_gain":0,"player_choice":"Fled","damage_taken":42,"max_hp_gain":0,"max_hp_loss":0,"event_name":"Scrap Ooze","floor":5,"gold_loss":0},{"damage_healed":0,"gold_gain":0,"cards_transformed":["Strike_G","Defend_G"],"player_choice":"Became Test Subject","damage_taken":0,"max_hp_gain":0,"max_hp_loss":0,"event_name":"Drug Dealer","floor":20,"gold_loss":0,"cards_obtained":["Footwork","Envenom"]},{"damage_healed":0,"gold_gain":0,"player_choice":"Obtained Book","damage_taken":16,"max_hp_gain":0,"max_hp_loss":0,"event_name":"Cursed Tome","floor":21,"gold_loss":0},{"cards_removed":["Strike_G"],"damage_healed":0,"gold_gain":0,"player_choice":"Purged","damage_taken":0,"max_hp_gain":0,"max_hp_loss":0,"event_name":"Purifier","floor":36,"gold_loss":0},{"cards_removed":["Flying Knee"],"damage_healed":0,"gold_gain":0,"player_choice":"Removed Attack","damage_taken":0,"max_hp_gain":0,"max_hp_loss":0,"event_name":"Falling","floor":39,"gold_loss":0},{"damage_healed":0,"gold_gain":0,"player_choice":"Memory 1","damage_taken":0,"max_hp_gain":0,"max_hp_loss":0,"event_name":"SensoryStone","floor":41,"gold_loss":0},{"damage_healed":0,"gold_gain":0,"player_choice":"Ignored","damage_taken":0,"max_hp_gain":0,"max_hp_loss":0,"event_name":"Mysterious Sphere","floor":42,"gold_loss":0},{"damage_healed":0,"gold_gain":0,"player_choice":"Bought 0 Potions","damage_taken":0,"max_hp_gain":0,"max_hp_loss":0,"event_name":"The Woman in Blue","floor":46,"gold_loss":0}],"is_beta":false,"boss_relics":[{"not_picked":["Orrery","Runic Pyramid"],"picked":"Busted Crown"},{"not_picked":["Black Star","HoveringKite"],"picked":"White Beast Statue"}],"items_purged_floors":[19,30,37],"is_endless":false,"potions_floor_spawned":[1,7,8,12,13,16,22,28,29,31,35,38,45],"killed_by":"Sphere and 2 Shapes","ascension_level":9}