{"gold_per_floor":[114,189,200,200,200,200,225,244,244,263,263,280,25,60,60,60],"floor_reached":16,"playtime":624,"items_purged":["Strike_B"],"score":190,"play_id":"ffee5fdd-a02b-485b-8c9d-4efad338fab6","local_time":"20190417032554","is_ascension_mode":true,"campfire_choices":[{"data":"Zap","floor":6,"key":"SMITH"},{"data":"Hologram","floor":15,"key":"SMITH"}],"neow_cost":"NONE","seed_source_timestamp":43293451556324,"circlet_count":0,"master_deck":["AscendersBane","Strike_B","Strike_B","Strike_B","Defend_B+1","Defend_B","Defend_B+1","Defend_B","Zap+1","Dualcast","Compile Driver","Gash","Hologram+1","Steam","Reprogram","All For One","Conserve Battery"],"relics":["Cracked Core","Pear","War Paint","Matryoshka","Bronze Scales"],"potions_floor_usage":[7,14,16],"damage_taken":[{"damage":7,"enemies":"Jaw Worm","floor":1,"turns":3},{"damage":1,"enemies":"2 Louse","floor":3,"turns":2},{"damage":25,"enemies":"Gremlin Nob","floor":7,"turns":4},{"damage":2,"enemies":"Small Slimes","floor":8,"turns":3},{"damage":14,"enemies":"Gremlin Gang","floor":10,"turns":4},{"damage":3,"enemies":"Blue Slaver","floor":12,"turns":3},{"damage":4,"enemies":"3 Sentries","floor":14,"turns":7},{"damage":17,"enemies":"Slime Boss","floor":16,"turns":5}],"seed_played":"6186153990214653737","potions_obtained":[{"floor":3,"key":"Weak Potion"},{"floor":12,"key":"Dexterity Potion"},{"floor":14,"key":"FocusPotion"}],"is_trial":false,"path_per_floor":["M","?","M","?","?","R","E","M","T","M","$","M","$","E","R","B"],"character_chosen":"DEFECT","items_purchased":["All For One","Conserve Battery","Fire Potion"],"campfire_rested":0,"item_purchase_floors":[13,13,13],"current_hp_per_floor":[68,57,56,59,64,64,39,37,37,23,23,20,20,16,16,0],"gold":60,"neow_bonus":"TEN_PERCENT_HP_BONUS","is_prod":false,"is_daily":false,"chose_seed":false,"campfire_upgraded":2,"win_rate":0,"timestamp":1555482354,"path_taken":["M","?","M","?","?","R","E","M","T","M","$","M","$","E","R","BOSS"],"build_version":"2019-01-23","purchased_purges":1,"victory":false,"max_hp_per_floor":[82,82,82,92,97,97,97,97,97,97,97,97,97,97,97,97],"card_choices":[{"not_picked":["Go for the Eyes","Steam Power"],"picked":"Compile Driver","floor":1},{"not_picked":["Conserve Battery","Redo"],"picked":"Gash","floor":3},{"not_picked":["Biased Cognition","Recycle"],"picked":"Hologram","floor":7},{"not_picked":["Doom and Gloom","Rebound","Beam Cell"],"picked":"SKIP","floor":8},{"not_picked":["Streamline","Redo"],"picked":"Steam","floor":10},{"not_picked":["Doom and Gloom","Steam"],"picked":"Reprogram","floor":12},{"not_picked":["Double Energy","Heatsinks","Chaos"],"picked":"SKIP","floor":14}],"player_experience":647069,"relics_obtained":[{"floor":7,"key":"War Paint"},{"floor":9,"key":"Matryoshka"},{"floor":14,"key":"Bronze Scales"}],"event_choices":[{"damage_healed":0,"gold_gain":75,"player_choice":"Gather Gold","damage_taken":11,"max_hp_gain":0,"max_hp_loss":0,"event_name":"World of Goop","floor":2,"gold_loss":0},{"damage_healed":0,"gold_gain":0,"player_choice":"Success","damage_taken":7,"relics_obtained":["Pear"],"max_hp_gain":0,"max_hp_loss":0,"event_name":"Scrap Ooze","floor":4,"gold_loss":0},{"damage_healed":0,"gold_gain":0,"player_choice":"Donut","damage_taken":0,"max_hp_gain":5,"max_hp_loss":0,"event_name":"Big Fish","floor":5,"gold_loss":0}],"is_beta":false,"boss_relics":[],"items_purged_floors":[13],"is_endless":false,"potions_floor_spawned":[3,12,14],"killed_by":"Slime Boss","ascension_level":10}