{"gold_per_floor":[360,360,360,373,386,386,403,403,403,423,49,83,101,1,1,106,106,118,136,67,83,103,103,133,143,143,178,178,178,178,178,178,281,281,298,344,85,85,95,95,105,105,105,29,29,42,4,30,30,30],"floor_reached":50,"playtime":2099,"items_purged":["Pain"],"score":560,"play_id":"fbbcd402-199c-44b8-a82c-11e8dc6b7909","local_time":"20190324040624","is_ascension_mode":false,"campfire_choices":[{"data":"Bash","floor":6,"key":"SMITH"},{"data":"Hemokinesis","floor":8,"key":"SMITH"},{"data":"Clothesline","floor":15,"key":"SMITH"},{"data":"Limit Break","floor":23,"key":"SMITH"},{"data":"Spot Weakness","floor":29,"key":"SMITH"},{"data":"J.A.X.","floor":32,"key":"SMITH"},{"data":"Rupture","floor":40,"key":"SMITH"},{"data":"Battle Trance","floor":42,"key":"SMITH"},{"floor":49,"key":"RECALL"}],"neow_cost":"CURSE","seed_source_timestamp":36797790264599,"circlet_count":0,"master_deck":["Defend_R+1","Defend_R+1","Defend_R","Defend_R","Bash+1","Hemokinesis+1","Spot Weakness+1","Anger","Clothesline+1","Limit Break+1","Warcry+1","Ghostly Armor+1","Shockwave+1","Battle Trance+1","Sword Boomerang+1","Bite","Bite","Bite","Bite","Bite","J.A.X.+1","Headbutt","Heavy Blade+1","Rupture+1","Shrug It Off","Hemokinesis+1","Hemokinesis","Shrug It Off+1","Inflame"],"relics":["Burning Blood","Singing Bowl","Sling","Art of War","Astrolabe","Blue Candle","Letter Opener","Juzu Bracelet","Orrery","Ginger","Bottled Tornado","War Paint"],"potions_floor_usage":[7,16,18,33,36,48,50,50],"damage_taken":[{"damage":3,"enemies":"Small Slimes","floor":1,"turns":3},{"damage":12,"enemies":"Cultist","floor":4,"turns":3},{"damage":9,"enemies":"Jaw Worm","floor":5,"turns":3},{"damage":28,"enemies":"Large Slime","floor":7,"turns":5},{"damage":26,"enemies":"Exordium Wildlife","floor":10,"turns":6},{"damage":19,"enemies":"Gremlin Nob","floor":12,"turns":3},{"damage":3,"enemies":"3 Louse","floor":13,"turns":3},{"damage":27,"enemies":"Hexaghost","floor":16,"turns":8},{"damage":23,"enemies":"Chosen","floor":18,"turns":5},{"damage":8,"enemies":"Shell Parasite","floor":19,"turns":6},{"damage":12,"enemies":"Snecko","floor":21,"turns":4},{"damage":10,"enemies":"Centurion and Healer","floor":22,"turns":8},{"damage":17,"enemies":"Book of Stabbing","floor":24,"turns":5},{"damage":14,"enemies":"Snake Plant","floor":25,"turns":4},{"damage":28,"enemies":"Slavers","floor":27,"turns":5},{"damage":49,"enemies":"Champ","floor":33,"turns":9},{"damage":23,"enemies":"Orb Walker","floor":35,"turns":5},{"damage":93,"enemies":"2 Orb Walkers","floor":36,"turns":5},{"damage":21,"enemies":"3 Darklings","floor":39,"turns":5},{"damage":38,"enemies":"Transient","floor":41,"turns":5},{"damage":36,"enemies":"Spire Growth","floor":46,"turns":4},{"damage":34,"enemies":"Reptomancer","floor":48,"turns":6},{"damage":16,"enemies":"Time Eater","floor":50,"turns":2}],"seed_played":"1505812719541375624","potions_obtained":[{"floor":3,"key":"SneckoOil"},{"floor":3,"key":"Regen Potion"},{"floor":3,"key":"FearPotion"},{"floor":10,"key":"PowerPotion"},{"floor":21,"key":"SteroidPotion"},{"floor":24,"key":"FearPotion"},{"floor":27,"key":"PowerPotion"},{"floor":33,"key":"Strength Potion"},{"floor":36,"key":"SkillPotion"},{"floor":46,"key":"Block Potion"}],"is_trial":false,"path_per_floor":["M","$","?","M","M","R","M","R","T","M","$","E","M","$","R","B",null,"M","M","$","M","M","R","E","M","T","E","?","R","?","?","R","B",null,"M","?","$","?","M","R","M","R","T","$","?","M","$","E","R","B"],"character_chosen":"IRONCLAD","items_purchased":["Sling","Art of War","Anger","Clothesline","Battle Trance","Bottled Tornado","Hemokinesis","Inflame"],"campfire_rested":0,"item_purchase_floors":[11,11,11,14,20,37,44,47],"current_hp_per_floor":[80,80,80,74,71,71,49,49,49,31,31,20,27,27,27,17,86,71,73,73,71,71,71,62,58,58,40,40,40,40,40,40,11,102,95,16,16,93,82,82,60,60,60,60,60,34,34,12,12,0],"gold":30,"neow_bonus":"TWO_FIFTY_GOLD","is_prod":false,"is_daily":false,"chose_seed":false,"campfire_upgraded":8,"win_rate":0,"timestamp":1553411184,"path_taken":["M","$","?","M","M","R","M","R","T","M","$","E","?","$","R","BOSS","M","M","$","M","M","R","E","M","T","E","?","R","?","?","R","BOSS","M","?","$","?","M","R","M","R","T","$","?","M","$","E","R","BOSS"],"build_version":"2019-01-23","purchased_purges":1,"victory":false,"max_hp_per_floor":[80,80,80,80,80,80,80,80,80,82,82,84,86,86,86,86,86,88,90,90,92,94,94,94,96,96,98,98,98,98,98,98,100,102,104,106,106,93,93,93,95,95,95,95,90,90,90,92,92,92],"card_choices":[{"not_picked":["Blood for Blood","Sword Boomerang"],"picked":"Hemokinesis","floor":1},{"not_picked":["Cleave","Body Slam","Perfected Strike"],"picked":"SKIP","floor":4},{"not_picked":["Perfected Strike","Metallicize","Power Through"],"picked":"SKIP","floor":5},{"not_picked":["Body Slam","Combust"],"picked":"Spot Weakness","floor":7},{"not_picked":["Iron Wave","Sever Soul","Thunderclap"],"picked":"Singing Bowl","floor":10},{"not_picked":["Pummel","Power Through","Juggernaut"],"picked":"Singing Bowl","floor":12},{"not_picked":["Cleave","Twin Strike","Thunderclap"],"picked":"Singing Bowl","floor":13},{"not_picked":["Berserk","Demon Form"],"picked":"Limit Break","floor":16},{"not_picked":["Fire Breathing+1","Flex","Perfected Strike"],"picked":"Singing Bowl","floor":18},{"not_picked":["Clothesline","Heavy Blade","Sword Boomerang"],"picked":"Singing Bowl","floor":19},{"not_picked":["Intimidate+1","Fire Breathing+1","Clothesline"],"picked":"Singing Bowl","floor":21},{"not_picked":["Heavy Blade","Wild Strike","Havoc"],"picked":"Singing Bowl","floor":22},{"not_picked":["Limit Break","Body Slam"],"picked":"Sword Boomerang+1","floor":24},{"not_picked":["Rage","Body Slam","Armaments"],"picked":"Singing Bowl","floor":25},{"not_picked":["Clothesline","Sentinel","Corruption+1"],"picked":"Singing Bowl","floor":27},{"not_picked":["Bludgeon","Exhume","Fiend Fire"],"picked":"Singing Bowl","floor":33},{"not_picked":["Pommel Strike","Anger"],"picked":"Headbutt","floor":34},{"not_picked":["Thunderclap","Dark Embrace"],"picked":"Heavy Blade+1","floor":34},{"not_picked":["Clash","Feel No Pain","Ghostly Armor"],"picked":"Singing Bowl","floor":34},{"not_picked":["Hemokinesis","Sword Boomerang"],"picked":"Rupture","floor":34},{"not_picked":["Twin Strike","Cleave"],"picked":"Shrug It Off","floor":34},{"not_picked":["Body Slam+1","Corruption","Metallicize+1"],"picked":"Singing Bowl","floor":35},{"not_picked":["Havoc","Warcry","Thunderclap"],"picked":"Singing Bowl","floor":36},{"not_picked":["Fire Breathing+1","Feel No Pain"],"picked":"Hemokinesis+1","floor":39},{"not_picked":["Uppercut","Ghostly Armor","Pommel Strike"],"picked":"Singing Bowl","floor":41},{"not_picked":["Dual Wield","Pummel+1"],"picked":"Shrug It Off+1","floor":46},{"not_picked":["Blood for Blood+1","Barricade","Wild Strike+1"],"picked":"Singing Bowl","floor":48}],"player_experience":365723,"relics_obtained":[{"floor":9,"key":"Singing Bowl"},{"floor":12,"key":"Blood Vial"},{"floor":24,"key":"Blue Candle"},{"floor":26,"key":"Letter Opener"},{"floor":27,"key":"Juzu Bracelet"},{"floor":36,"key":"Ginger"},{"floor":48,"key":"War Paint"}],"event_choices":[{"damage_healed":0,"gold_gain":0,"player_choice":"Got Potions","damage_taken":0,"max_hp_gain":0,"max_hp_loss":0,"event_name":"Lab","floor":3,"gold_loss":0},{"damage_healed":0,"gold_gain":0,"player_choice":"Became a vampire (Vial)","damage_taken":0,"max_hp_gain":0,"max_hp_loss":0,"event_name":"Vampires","floor":28,"relics_lost":["Blood Vial"],"gold_loss":0,"cards_obtained":["Bite","Bite","Bite","Bite","Bite"]},{"damage_healed":0,"gold_gain":0,"player_choice":"Obtain J.A.X.","damage_taken":0,"max_hp_gain":0,"max_hp_loss":0,"event_name":"Drug Dealer","floor":30,"gold_loss":0,"cards_obtained":["J.A.X."]},{"damage_healed":0,"gold_gain":0,"player_choice":"Ignored","damage_taken":0,"max_hp_gain":0,"max_hp_loss":0,"event_name":"The Mausoleum","floor":31,"gold_loss":0},{"damage_healed":0,"gold_gain":0,"player_choice":"Fight","damage_taken":0,"max_hp_gain":0,"max_hp_loss":0,"event_name":"Mysterious Sphere","floor":36,"gold_loss":0},{"damage_healed":93,"gold_gain":0,"player_choice":"Heal","damage_taken":0,"max_hp_gain":0,"max_hp_loss":13,"event_name":"The Moai Head","floor":38,"gold_loss":0},{"damage_healed":0,"gold_gain":0,"player_choice":"Max HP","damage_taken":0,"max_hp_gain":0,"max_hp_loss":5,"event_name":"Winding Halls","floor":45,"gold_loss":0}],"is_beta":false,"boss_relics":[{"not_picked":["Runic Cube","Coffee Dripper"],"picked":"Astrolabe"},{"not_picked":["Black Blood","Philosopher\u0027s Stone"],"picked":"Orrery"}],"items_purged_floors":[14],"is_endless":false,"potions_floor_spawned":[10,12,13,21,24,27,33,36,46],"killed_by":"Time Eater","ascension_level":0}