{"gold_per_floor":[116,116,41,59,83,114,114,134,213,248,268,268],"floor_reached":12,"playtime":527,"items_purged":["Injury"],"score":126,"play_id":"2121b074-1ae7-47a8-a60a-d9ac1565d179","local_time":"20180907125952","is_ascension_mode":true,"campfire_choices":[{"data":"Berserk","floor":7,"key":"SMITH"}],"neow_cost":"NONE","seed_source_timestamp":237547895490214,"circlet_count":0,"master_deck":["Strike_R","Strike_R","Strike_R","Strike_R","Strike_R","Defend_R","Defend_R","Defend_R","Defend_R","Bash","Berserk+1","Flex","Shockwave","Shockwave","Cleave","Uppercut","Spot Weakness","Clothesline"],"relics":["Burning Blood","Golden Idol","Gambling Chip","Ornamental Fan","Art of War"],"potions_floor_usage":[6,6,11],"damage_taken":[{"damage":6,"enemies":"Small Slimes","floor":1,"turns":4},{"damage":3,"enemies":"2 Louse","floor":4,"turns":4},{"damage":1,"enemies":"Cultist","floor":5,"turns":3},{"damage":24,"enemies":"Gremlin Nob","floor":6,"turns":5},{"damage":28,"enemies":"Large Slime","floor":8,"turns":6},{"damage":36,"enemies":"3 Sentries","floor":10,"turns":7},{"damage":8,"enemies":"3 Louse","floor":11,"turns":3},{"damage":9,"enemies":"Blue Slaver","floor":12,"turns":1}],"seed_played":"-8888773360930665479","potions_obtained":[{"floor":1,"key":"SkillPotion"},{"floor":5,"key":"Block Potion"},{"floor":10,"key":"Fire Potion"}],"is_trial":false,"path_per_floor":["M","?","$","M","M","E","R","M","T","E","M"],"character_chosen":"IRONCLAD","items_purchased":[],"campfire_rested":0,"item_purchase_floors":[],"current_hp_per_floor":[72,72,72,75,80,62,62,40,40,10,8,0],"gold":268,"neow_bonus":"ONE_RANDOM_RARE_CARD","is_prod":false,"is_daily":false,"chose_seed":false,"campfire_upgraded":1,"win_rate":0,"timestamp":1536317992,"path_taken":["M","?","$","M","?","E","R","M","T","E","M","M"],"build_version":"2018-08-30","purchased_purges":1,"victory":false,"max_hp_per_floor":[80,80,80,80,80,80,80,80,80,80,80,80],"card_choices":[{"not_picked":["Carnage","Wild Strike"],"picked":"Flex","floor":1},{"not_picked":["Armaments","Body Slam"],"picked":"Shockwave","floor":4},{"not_picked":["Warcry","Twin Strike"],"picked":"Shockwave","floor":5},{"not_picked":["Iron Wave","Infernal Blade"],"picked":"Cleave","floor":6},{"not_picked":["Whirlwind","Warcry"],"picked":"Uppercut","floor":8},{"not_picked":["True Grit","Burning Pact"],"picked":"Spot Weakness","floor":10},{"not_picked":["Havoc","Heavy Blade"],"picked":"Clothesline","floor":11}],"player_experience":318259,"relics_obtained":[{"floor":6,"key":"Gambling Chip"},{"floor":9,"key":"Ornamental Fan"},{"floor":10,"key":"Art of War"}],"event_choices":[{"event_name":"Golden Idol","player_choice":"Take Wound","floor":2,"damage_taken":0}],"is_beta":false,"boss_relics":[],"items_purged_floors":[3],"is_endless":false,"potions_floor_spawned":[1,5,10],"killed_by":"Blue Slaver","ascension_level":8}