{"gold_per_floor":[112,127,139,36,211,238,238,238,238,267,282,293,293,310,310,413,413,433,247,257,270,270,296,296,59,59,59,69,89,115,132,132,233,233,250,250,250,550,550,584,599,599,599,646,656,656,683,702,702,798,798,808,808,173,188,201,236,256,256,256,256,256,256,269,289,289,390,390,400,400,315,329,97,97,107,107,142,142,45,58,58,76,76,172,172,182,202,113,113,124,124,151,165,195,210,220,274,274,286,286,286],"floor_reached":101,"playtime":6914,"items_purged":["Regret"],"score":2683,"play_id":"01436ab5-4c89-45a2-9a70-f2a0b630daa4","local_time":"20180701154137","is_ascension_mode":false,"campfire_choices":[{"data":"Zap","floor":7,"key":"SMITH"},{"floor":15,"key":"REST"},{"data":"Buffer","floor":27,"key":"SMITH"},{"data":"Aggregate","floor":32,"key":"SMITH"},{"data":"Buffer","floor":42,"key":"SMITH"},{"data":"Tempest","floor":46,"key":"SMITH"},{"data":"Defragment","floor":49,"key":"SMITH"},{"data":"1","floor":59,"key":"LIFT"},{"data":"2","floor":61,"key":"LIFT"},{"data":"3","floor":63,"key":"LIFT"},{"data":"Echo Form","floor":66,"key":"SMITH"},{"data":"Machine Learning","floor":74,"key":"SMITH"},{"data":"Hologram","floor":83,"key":"SMITH"},{"data":"Seek","floor":91,"key":"SMITH"},{"data":"Storm","floor":100,"key":"SMITH"}],"neow_cost":"","seed_source_timestamp":0,"circlet_count":0,"master_deck":["Defend_B+1","Defend_B+1","Defend_B+1","Defend_B+1","Zap+1","Chill","Cold Snap","Go for the Eyes","Defragment+1","Hologram","Glacier","Go for the Eyes","Sunder","Static Discharge","Compile Driver","Buffer+1","Reinforced Body+1","Storm","Bandage Up","Conserve Battery","Rip and Tear+1","Necronomicurse","Self Repair","Self Repair","Aggregate+1","White Noise+1","Self Repair","Rebound+1","Buffer+1","Clumsy","Tempest+1","Buffer+1","Genetic Algorithm","Barrage+1","Sunder","Storm+1","Compile Driver","Chill+1","Heatsinks+1","Echo Form+1","Coolheaded","Glacier","Heatsinks","Compile Driver","Hologram","Machine Learning+1","Seek+1","Reinforced Body","Go for the Eyes","White Noise+1","Bite","Bite","Bite","Bite","Bite","Loop","Loop","Hologram+1","White Noise+1","Creative AI","Cold Snap+1","Compile Driver+1","Storm","Hologram","Coolheaded","Stack+1","Turbo","Force Field+1","Storm","Hello World+1","Skim+1","Mind Blast","Magnetism","Panache","Loop"],"relics":["Cracked Core","Sundial","Calipers","Gremlin Horn","Mummified Hand","Coffee Dripper","Necronomicon","Kunai","DataDisk","Shuriken","Turnip","Calling Bell","Bag of Marbles","Ornamental Fan","Emotion Chip","Old Coin","Pear","Centennial Puzzle","Mango","Symbiotic Virus","Sozu","Girya","Cables","Question Card","Bronze Scales","Happy Flower","Lantern","Ginger"],"potions_floor_usage":[3,6,10,16,21,21,23,31,33,38,38,40,40,40,40,45,47],"damage_taken":[{"damage":0,"enemies":"Cultist","floor":1,"turns":3},{"damage":0,"enemies":"Small Slimes","floor":2,"turns":3},{"damage":0,"enemies":"2 Louse","floor":3,"turns":1},{"damage":11,"enemies":"3 Sentries","floor":6,"turns":10},{"damage":1,"enemies":"Lagavulin","floor":10,"turns":9},{"damage":8,"enemies":"Blue Slaver","floor":11,"turns":3},{"damage":6,"enemies":"Exordium Wildlife","floor":12,"turns":4},{"damage":0,"enemies":"Lots of Slimes","floor":14,"turns":2},{"damage":0,"enemies":"Slime Boss","floor":16,"turns":12},{"damage":1,"enemies":"3 Byrds","floor":18,"turns":6},{"damage":0,"enemies":"Spheric Guardian","floor":20,"turns":3},{"damage":1,"enemies":"Slaver and Parasite","floor":21,"turns":7},{"damage":0,"enemies":"Gremlin Leader","floor":23,"turns":10},{"damage":0,"enemies":"Chosen and Byrds","floor":28,"turns":5},{"damage":11,"enemies":"Centurion and Healer","floor":29,"turns":6},{"damage":2,"enemies":"Book of Stabbing","floor":30,"turns":5},{"damage":3,"enemies":"Snecko","floor":31,"turns":4},{"damage":0,"enemies":"Collector","floor":33,"turns":13},{"damage":4,"enemies":"Orb Walker","floor":35,"turns":4},{"damage":0,"floor":38,"turns":7},{"damage":33,"enemies":"2 Orb Walkers","floor":40,"turns":7},{"damage":1,"enemies":"3 Shapes","floor":41,"turns":3},{"damage":13,"floor":44,"turns":4},{"damage":0,"enemies":"Spire Growth","floor":45,"turns":4},{"damage":15,"enemies":"Nemesis","floor":47,"turns":9},{"damage":0,"enemies":"Sphere and 2 Shapes","floor":48,"turns":8},{"damage":52,"enemies":"Awakened One","floor":50,"turns":12},{"damage":0,"enemies":"Jaw Worm","floor":52,"turns":1},{"damage":0,"enemies":"2 Louse","floor":55,"turns":1},{"damage":0,"enemies":"Small Slimes","floor":56,"turns":4},{"damage":0,"enemies":"Lagavulin","floor":57,"turns":3},{"damage":0,"enemies":"Gremlin Gang","floor":58,"turns":3},{"damage":0,"enemies":"Looter","floor":64,"turns":1},{"damage":20,"enemies":"2 Fungi Beasts","floor":65,"turns":2},{"damage":50,"enemies":"Hexaghost","floor":67,"turns":4},{"damage":0,"enemies":"Spheric Guardian","floor":69,"turns":3},{"damage":0,"enemies":"3 Byrds","floor":72,"turns":3},{"damage":0,"enemies":"Snecko","floor":75,"turns":4},{"damage":30,"enemies":"Gremlin Leader","floor":77,"turns":5},{"damage":31,"enemies":"Snake Plant","floor":80,"turns":3},{"damage":0,"enemies":"Sentry and Sphere","floor":82,"turns":4},{"damage":34,"enemies":"Automaton","floor":84,"turns":6},{"damage":0,"enemies":"Flame Bruiser 1 Orb","floor":86,"turns":4},{"damage":0,"enemies":"3 Darklings","floor":87,"turns":7},{"damage":0,"enemies":"Maw","floor":90,"turns":6},{"damage":16,"enemies":"Nemesis","floor":92,"turns":7},{"damage":0,"enemies":"Sphere and 2 Shapes","floor":93,"turns":4},{"damage":23,"enemies":"Giant Head","floor":94,"turns":7},{"damage":3,"enemies":"Flame Bruiser 2 Orb","floor":95,"turns":3},{"damage":12,"enemies":"4 Shapes","floor":96,"turns":3},{"damage":17,"floor":97,"turns":5},{"damage":24,"enemies":"Sphere and 2 Shapes","floor":99,"turns":3},{"damage":52,"enemies":"Donu and Deca","floor":101,"turns":3}],"seed_played":"7898886617971655583","potions_obtained":[{"floor":1,"key":"Explosive Potion"},{"floor":2,"key":"FocusPotion"},{"floor":6,"key":"SkillPotion"},{"floor":10,"key":"FocusPotion"},{"floor":16,"key":"EntropicBrew"},{"floor":18,"key":"LiquidBronze"},{"floor":21,"key":"Block Potion"},{"floor":33,"key":"Swift Potion"},{"floor":35,"key":"FocusPotion"},{"floor":39,"key":"EntropicBrew"},{"floor":39,"key":"EssenceOfSteel"},{"floor":39,"key":"FairyPotion"},{"floor":44,"key":"Poison Potion"},{"floor":45,"key":"Ancient Potion"},{"floor":47,"key":"SteroidPotion"},{"floor":50,"key":"Strength Potion"}],"is_trial":true,"path_per_floor":["M","M","M","$","?","E","R","?","T","E","M","M","T","M","R","B",null,"M","$","M","M","?","E","?","$","T","R","M","M","E","M","R","B",null,"M","?","?","?","?","E","M","R","T","?","M","R","E","M","R","B",null,"M","?","$","M","M","E","M","R","T","R","?","R","M","M","R","B",null,"M","?","?","M","$","R","M","?","E","?","$","M","?","M","R","B",null,"M","M","$","?","M","R","E","M","E","M","M","?","?","M","R"],"character_chosen":"DEFECT","items_purchased":["Defragment","Hologram","Storm","Bandage Up","DataDisk","Self Repair","Girya","Cables","Glacier","Heatsinks","Happy Flower","Loop","Hologram","Storm","Hologram"],"campfire_rested":1,"item_purchase_floors":[4,4,19,19,25,25,54,54,54,54,73,79,79,88,88],"current_hp_per_floor":[75,75,75,75,75,64,64,64,64,63,55,49,49,49,71,71,75,74,74,75,75,59,63,63,63,63,63,74,75,75,75,75,75,75,75,75,75,75,75,73,83,83,83,99,99,99,99,99,99,72,99,99,92,92,99,99,99,99,99,99,99,99,99,99,79,79,47,99,99,99,99,99,99,99,99,69,65,53,53,37,37,48,48,43,74,74,74,74,67,74,74,74,74,74,74,74,61,51,31,31,0],"gold":286,"neow_bonus":"","is_prod":false,"is_daily":false,"chose_seed":false,"campfire_upgraded":11,"win_rate":0,"timestamp":1530484897,"path_taken":["M","M","?","$","?","E","R","?","T","E","?","M","?","M","R","BOSS","M","$","M","?","?","E","?","?","T","R","M","?","E","M","R","BOSS","M","?","?","?","?","E","M","R","T","?","M","R","E","?","R","BOSS","M","?","$","M","?","E","M","R","T","R","?","R","?","M","R","BOSS","M","?","?","M","$","R","M","?","E","?","?","?","?","M","R","BOSS","M","M","$","?","?","R","E","?","E","M","?","?","?","M","R","BOSS"],"build_version":"2018-06-29","purchased_purges":1,"victory":false,"max_hp_per_floor":[75,75,75,75,75,75,75,75,75,75,75,75,75,75,75,75,75,75,75,75,75,75,75,75,75,75,75,75,75,75,75,75,75,75,75,75,75,75,75,85,85,85,85,99,99,99,99,99,99,99,99,99,99,99,99,99,99,99,99,99,99,99,99,99,99,99,99,99,99,99,99,99,99,99,99,69,69,74,74,74,74,74,74,74,74,74,74,74,74,74,74,74,74,74,74,74,74,74,74,74,74],"card_choices":[{"not_picked":["Beam Cell","Streamline"],"picked":"Chill","floor":1},{"not_picked":["Stack","BootSequence"],"picked":"Cold Snap","floor":2},{"not_picked":["Storm","Double Energy"],"picked":"Go for the Eyes","floor":3},{"not_picked":["Static Discharge","Rip and Tear"],"picked":"Glacier","floor":6},{"not_picked":["Force Field","Consume"],"picked":"Go for the Eyes","floor":10},{"not_picked":["Sweeping Beam","Undo"],"picked":"Sunder","floor":11},{"not_picked":["Barrage","Redo"],"picked":"Static Discharge","floor":12},{"not_picked":["Recycle","Fusion"],"picked":"Compile Driver","floor":14},{"not_picked":["Machine Learning","Core Surge"],"picked":"Buffer","floor":16},{"not_picked":["FTL","Sunder"],"picked":"Reinforced Body+1","floor":18},{"not_picked":["Leap","Auto Shields"],"picked":"Conserve Battery","floor":20},{"not_picked":["Compile Driver","Sweeping Beam+1"],"picked":"Rip and Tear+1","floor":21},{"not_picked":["Reprogram","Chaos"],"picked":"Self Repair","floor":23},{"not_picked":["Sweeping Beam","Rebound"],"picked":"Aggregate","floor":28},{"not_picked":["Blizzard","Cold Snap"],"picked":"White Noise+1","floor":29},{"not_picked":["Hyperbeam","Steam"],"picked":"Self Repair","floor":30},{"not_picked":["Steam","Skim"],"picked":"Rebound+1","floor":31},{"not_picked":["Core Surge","Machine Learning"],"picked":"Buffer","floor":33},{"not_picked":["Barrage","White Noise"],"picked":"Tempest","floor":35},{"not_picked":["Go for the Eyes","Redo"],"picked":"Genetic Algorithm","floor":38},{"not_picked":["Rainbow","Cold Snap"],"picked":"Barrage+1","floor":40},{"not_picked":["Sweeping Beam+1","Rebound+1"],"picked":"Sunder","floor":41},{"not_picked":["Coolheaded","Rebound"],"picked":"Storm","floor":44},{"not_picked":["Recycle","Rebound"],"picked":"Compile Driver","floor":45},{"not_picked":["Chaos","Redo+1"],"picked":"Chill+1","floor":47},{"not_picked":["Consume+1","Barrage+1"],"picked":"Heatsinks+1","floor":48},{"not_picked":["Buffer","Amplify"],"picked":"Echo Form","floor":50},{"not_picked":["Turbo","Go for the Eyes"],"picked":"Coolheaded","floor":52},{"not_picked":["Barrage","Stack"],"picked":"Compile Driver","floor":55},{"not_picked":["Go for the Eyes","Beam Cell","Conserve Battery"],"picked":"SKIP","floor":56},{"not_picked":["Cold Snap","Reinforced Body"],"picked":"Hologram","floor":57},{"not_picked":["Doom and Gloom","Sweeping Beam","Steam"],"picked":"SKIP","floor":58},{"not_picked":["Ball Lightning","Turbo","Compile Driver"],"picked":"Machine Learning","floor":64},{"not_picked":["Cold Snap","Compile Driver","Streamline","Scrape"],"picked":"SKIP","floor":65},{"not_picked":["Rainbow","All For One","Biased Cognition"],"picked":"Seek","floor":67},{"not_picked":["Skim","Gash+1","Scrape"],"picked":"Reinforced Body","floor":69},{"not_picked":["Scrape","Rip and Tear","Ball Lightning"],"picked":"Go for the Eyes","floor":72},{"not_picked":["FTL+1","Gash","Cold Snap"],"picked":"White Noise+1","floor":75},{"not_picked":["Sunder","Rebound","Compile Driver"],"picked":"Loop","floor":77},{"not_picked":["Force Field","Consume","Rip and Tear"],"picked":"White Noise+1","floor":80},{"not_picked":["Double Energy","Redo","Gash+1","Leap"],"picked":"SKIP","floor":82},{"not_picked":["Amplify","Echo Form","Seek"],"picked":"Creative AI","floor":84},{"not_picked":["Hello World","Doom and Gloom+1","BootSequence"],"picked":"Cold Snap+1","floor":86},{"not_picked":["Steam","Leap","Go for the Eyes+1"],"picked":"Compile Driver+1","floor":87},{"not_picked":["FTL","Redo+1","Cold Snap+1"],"picked":"Coolheaded","floor":90},{"not_picked":["Streamline+1","Steam Power","Go for the Eyes"],"picked":"Stack+1","floor":92},{"not_picked":["Cold Snap+1","Sweeping Beam","Multi-Cast"],"picked":"Turbo","floor":93},{"not_picked":["Go for the Eyes","Reprogram","Steam Power"],"picked":"Force Field+1","floor":94},{"not_picked":["Go for the Eyes+1","Coolheaded","Redo+1"],"picked":"Storm","floor":95},{"not_picked":["Beam Cell","Rip and Tear+1","Cold Snap+1"],"picked":"Hello World+1","floor":96},{"not_picked":["Leap","Turbo","Rebound+1"],"picked":"Skim+1","floor":97},{"not_picked":["Purity","Transmutation","Good Instincts"],"picked":"Mind Blast","floor":98},{"not_picked":["Transmutation","Deep Breath","Swift Strike"],"picked":"Magnetism","floor":98},{"not_picked":["Finesse","Swift Strike","Madness"],"picked":"Panache","floor":98},{"not_picked":["Redo","Rebound+1","Barrage"],"picked":"Loop","floor":99}],"player_experience":253985,"relics_obtained":[{"floor":6,"key":"Sundial"},{"floor":9,"key":"Calipers"},{"floor":10,"key":"Gremlin Horn"},{"floor":13,"key":"Mummified Hand"},{"floor":22,"key":"Necronomicon"},{"floor":23,"key":"Kunai"},{"floor":26,"key":"Shuriken"},{"floor":30,"key":"Turnip"},{"floor":34,"key":"Bag of Marbles"},{"floor":34,"key":"Ornamental Fan"},{"floor":34,"key":"Emotion Chip"},{"floor":38,"key":"Old Coin"},{"floor":40,"key":"Pear"},{"floor":43,"key":"Centennial Puzzle"},{"floor":44,"key":"Mango"},{"floor":47,"key":"Symbiotic Virus"},{"floor":60,"key":"Question Card"},{"floor":97,"key":"Ginger"}],"event_choices":[{"event_name":"Liars Game","player_choice":"agreed","floor":5,"damage_taken":0},{"event_name":"Living Wall","player_choice":"Forget","floor":8,"damage_taken":0},{"event_name":"Cursed Tome","player_choice":"Obtained Book","floor":22,"damage_taken":0},{"event_name":"Back to Basics","player_choice":"Simplicity","floor":24,"damage_taken":0},{"event_name":"Duplicator","player_choice":"One dupe","floor":36,"damage_taken":0},{"event_name":"Falling","player_choice":"Removed Skill","floor":37,"damage_taken":0},{"event_name":"MindBloom","player_choice":"Fight","floor":38,"damage_taken":0},{"event_name":"The Lab","player_choice":"Got Potions","floor":39,"damage_taken":0},{"event_name":"Mysterious Sphere","player_choice":"Fight","floor":44,"damage_taken":0},{"event_name":"Golden Wing","player_choice":"Card Removal","floor":53,"damage_taken":0},{"event_name":"The Lab","player_choice":"Got Potions","floor":62,"damage_taken":0},{"event_name":"Ghosts","player_choice":"Ignored","floor":70,"damage_taken":0},{"event_name":"Addict","player_choice":"Obtained Relic","floor":71,"damage_taken":0},{"event_name":"Vampires","player_choice":"Became a vampire","floor":76,"damage_taken":0},{"event_name":"Forgotten Altar","player_choice":"Shed Blood","floor":78,"damage_taken":0},{"event_name":"Wheel of Change","player_choice":"Relic","floor":81,"damage_taken":0},{"event_name":"Wheel of Change","player_choice":"Damage","floor":89,"damage_taken":0},{"event_name":"Mysterious Sphere","player_choice":"Fight","floor":97,"damage_taken":0},{"event_name":"SensoryStone","player_choice":"Memory 3","floor":98,"damage_taken":0}],"boss_relics":[{"not_picked":["White Beast Statue","Velvet Choker"],"picked":"Coffee Dripper"},{"not_picked":["Astrolabe","Eternal Feather"],"picked":"Calling Bell"},{"not_picked":["Snecko Eye","Nuclear Battery"],"picked":"Sozu"},{"not_picked":["MetallicRebirth"],"picked":"Scatterbrain"},{"not_picked":["BlightedDurian"],"picked":"TwistingMind"}],"items_purged_floors":[73],"is_endless":true,"potions_floor_spawned":[1,2,6,10,16,18,21,33,35,44,45,47,50,52,56,58,67,69,75,77,90,92,93,95,99],"killed_by":"Donu and Deca","ascension_level":0}