{"path_per_floor":["M","M","M","?","$","R","?","E","T","M","E","M","E","?","R","B",null,"M","?","?","?","M","R","$","E","T","R","M","M"],"character_chosen":"IRONCLAD","items_purchased":["True Grit"],"gold_per_floor":[117,137,149,149,48,48,48,75,98,118,150,166,195,270,270,371,371,385,385,308,308,328,328,228,259,284,284,300,315,315],"floor_reached":30,"campfire_rested":2,"playtime":4630,"current_hp_per_floor":[80,80,80,80,80,80,80,50,50,55,48,55,41,30,54,20,80,58,58,58,42,42,42,42,7,7,31,14,12,0],"items_purged":["Strike_R","Strike_R"],"gold":315,"score":281,"play_id":"ea1bc001-2744-4299-a75d-b6386013d2aa","local_time":"20180515162726","is_prod":false,"is_daily":false,"chose_seed":false,"is_ascension_mode":true,"campfire_upgraded":2,"timestamp":1526426846,"path_taken":["M","M","M","?","$","R","?","E","T","M","E","?","E","?","R","BOSS","M","?","?","?","M","R","$","E","T","R","M","M","M"],"build_version":"2018-05-10","seed_source_timestamp":0,"purchased_purges":2,"victory":false,"master_deck":["Strike_R","Strike_R","Strike_R","Defend_R","Defend_R+1","Defend_R","Defend_R","Bash","Rage+1","Inflame","Second Wind","True Grit+1","Heavy Blade","Second Wind+1","Searing Blow+1","Evolve","Limit Break+1","Armaments+1","J.A.X.","Whirlwind+1","Inflame+1","Fiend Fire+1"],"max_hp_per_floor":[80,80,80,80,80,80,80,80,80,80,80,80,80,80,80,80,80,80,80,80,80,80,80,80,80,80,80,80,80,80],"relics":["Burning Blood","Art of War","Blood Vial","Molten Egg 2","Mercury Hourglass","Mark of Pain","Nilry\u0027s Codex","Juzu Bracelet","War Paint"],"card_choices":[{"not_picked":["Thunderclap","Clash"],"picked":"Rage","floor":0.0},{"not_picked":["True Grit","Clash"],"picked":"Inflame","floor":1.0},{"not_picked":["Warcry","Anger"],"picked":"Second Wind","floor":3.0},{"not_picked":["Second Wind","Flex"],"picked":"Heavy Blade","floor":8.0},{"not_picked":["Clothesline","Headbutt"],"picked":"Second Wind","floor":10.0},{"not_picked":["Bloodletting","Infernal Blade"],"picked":"Searing Blow","floor":11.0},{"not_picked":["Anger","Dropkick"],"picked":"Evolve","floor":12.0},{"not_picked":["Bludgeon","Impervious"],"picked":"Limit Break","floor":16.0},{"not_picked":["Reckless Charge","Cleave"],"picked":"Armaments","floor":18.0},{"not_picked":["Clash","Rampage"],"picked":"Whirlwind","floor":22.0},{"not_picked":["Perfected Strike","Intimidate"],"picked":"Inflame","floor":25.0},{"not_picked":["Heavy Blade","Twin Strike"],"picked":"Fiend Fire","floor":28.0}],"player_experience":376198,"potions_floor_usage":[],"damage_taken":[{"damage":4.0,"enemies":"Jaw Worm","floor":1.0,"turns":4.0},{"damage":5.0,"enemies":"Cultist","floor":2.0,"turns":5.0},{"damage":4.0,"enemies":"2 Louse","floor":3.0,"turns":2.0},{"damage":36.0,"enemies":"3 Sentries","floor":8.0,"turns":15.0},{"damage":3.0,"enemies":"2 Fungi Beasts","floor":10.0,"turns":4.0},{"damage":15.0,"enemies":"Gremlin Nob","floor":11.0,"turns":4.0},{"damage":1.0,"enemies":"Looter","floor":12.0,"turns":4.0},{"damage":22.0,"enemies":"Lagavulin","floor":13.0,"turns":8.0},{"damage":42.0,"enemies":"The Guardian","floor":16.0,"turns":12.0},{"damage":28.0,"enemies":"Chosen","floor":18.0,"turns":5.0},{"damage":8.0,"enemies":"Spheric Guardian","floor":22.0,"turns":3.0},{"damage":43.0,"enemies":"Book of Stabbing","floor":25.0,"turns":6.0},{"damage":25.0,"enemies":"Chosen and Byrds","floor":28.0,"turns":6.0},{"damage":10,"enemies":"Centurion and Healer","floor":29,"turns":5},{"damage":32,"enemies":"Cultist and Chosen","floor":30,"turns":3}],"event_choices":[{"event_name":"Upgrade Shrine","player_choice":"Upgraded","floor":4.0,"damage_taken":0.0},{"event_name":"Liars Game","player_choice":"disagreed","floor":7.0,"damage_taken":0.0},{"event_name":"World of Goop","player_choice":"Gather Gold","floor":14.0,"damage_taken":0.0},{"event_name":"Upgrade Shrine","player_choice":"Upgraded","floor":19.0,"damage_taken":0.0},{"event_name":"Drug Dealer","player_choice":"Got JAXXED","floor":20.0,"damage_taken":0.0},{"event_name":"Cursed Tome","player_choice":"Obtained Book","floor":21.0,"damage_taken":0.0}],"boss_relics":[],"potions_floor_spawned":[3,10,12,25],"seed_played":"-2887817228973437266","killed_by":"Cultist and Chosen","ascension_level":1,"is_trial":false}