{"gold_per_floor":[113,18,34,34,54,87,104,131,186,186,186,198,198,209,209,307,307,326,344,357,374,374,405,89,124,124,124,142,157,186,200,200,299,299,318,318,335,335,347,347,373,33,59,0,0,0,15,28,28,28],"floor_reached":51,"playtime":8371,"items_purged":["Perfected Strike","Defend_R"],"score":1026,"play_id":"98aa02af-eecb-46f9-9e38-f0939f825d2c","local_time":"20190424193449","is_ascension_mode":true,"campfire_choices":[{"data":"Bash","floor":10.0,"key":"SMITH"},{"data":"Inflame","floor":15.0,"key":"SMITH"},{"floor":27.0,"key":"REST"},{"floor":32.0,"key":"REST"},{"data":"Metallicize","floor":40,"key":"SMITH"},{"data":"Barricade","floor":45,"key":"SMITH"},{"data":"Bludgeon","floor":49,"key":"SMITH"}],"neow_cost":"NONE","seed_source_timestamp":0,"circlet_count":0,"master_deck":["Strike_R","Defend_R","Defend_R","Defend_R","Bash+1","Shrug It Off","Shockwave+1","Headbutt","Anger","Ghostly Armor","Impervious","Cleave","Inflame+1","Shrug It Off","Barricade+1","Body Slam+1","Whirlwind","Limit Break+1","Metallicize+1","Bludgeon+1","Demon Form+1","Uppercut","Dark Shackles","Corruption+1","Feed","Spot Weakness+1","Offering","Headbutt+1","Dramatic Entrance","Inflame+1","Parasite","Noxious Fumes+1"],"special_seed":0,"relics":["Burning Blood","GremlinMask","Ornamental Fan","Question Card","Art of War","Centennial Puzzle","Runic Pyramid","Juzu Bracelet","Membership Card","Frozen Egg 2","Mummified Hand","Meat on the Bone","Busted Crown","Unceasing Top","Oddly Smooth Stone","Anchor","PrismaticShard","War Paint","Red Mask"],"potions_floor_usage":[50,50],"damage_taken":[{"damage":6.0,"enemies":"Cultist","floor":1.0,"turns":3.0},{"damage":1.0,"enemies":"2 Louse","floor":3.0,"turns":3.0},{"damage":10.0,"enemies":"Small Slimes","floor":5.0,"turns":4.0},{"damage":41.0,"enemies":"Gremlin Nob","floor":6.0,"turns":6.0},{"damage":4.0,"enemies":"Red Slaver","floor":7.0,"turns":3.0},{"damage":19.0,"enemies":"3 Sentries","floor":8.0,"turns":12.0},{"damage":3.0,"enemies":"Large Slime","floor":12.0,"turns":7.0},{"damage":0.0,"enemies":"3 Louse","floor":14.0,"turns":4.0},{"damage":20.0,"enemies":"Slime Boss","floor":16.0,"turns":6.0},{"damage":4.0,"enemies":"3 Byrds","floor":18.0,"turns":6.0},{"damage":3.0,"enemies":"Shell Parasite","floor":19.0,"turns":3.0},{"damage":5.0,"enemies":"Centurion and Healer","floor":20.0,"turns":6.0},{"damage":13.0,"enemies":"Snake Plant","floor":21.0,"turns":3.0},{"damage":40.0,"enemies":"Book of Stabbing","floor":23.0,"turns":7.0},{"damage":21.0,"enemies":"Gremlin Leader","floor":25.0,"turns":6.0},{"damage":6.0,"enemies":"3 Cultists","floor":28.0,"turns":5.0},{"damage":10.0,"enemies":"Centurion and Healer","floor":29.0,"turns":6.0},{"damage":34.0,"enemies":"Slavers","floor":30.0,"turns":4.0},{"damage":8.0,"enemies":"Cultist and Chosen","floor":31.0,"turns":5.0},{"damage":43.0,"enemies":"Automaton","floor":33.0,"turns":7.0},{"damage":7.0,"enemies":"3 Darklings","floor":35.0,"turns":4.0},{"damage":3,"enemies":"Orb Walker","floor":37,"turns":2},{"damage":7,"enemies":"4 Shapes","floor":39,"turns":3},{"damage":6,"enemies":"Giant Head","floor":41,"turns":5},{"damage":9,"enemies":"Maw","floor":47,"turns":5},{"damage":0,"enemies":"Writhing Mass","floor":48,"turns":4},{"damage":6,"enemies":"Donu and Deca","floor":50,"turns":6}],"seed_played":"-4912557599668550427","potions_obtained":[{"floor":5.0,"key":"Explosive Potion"},{"floor":7.0,"key":"FearPotion"},{"floor":8.0,"key":"SkillPotion"},{"floor":14.0,"key":"SteroidPotion"},{"floor":16.0,"key":"Explosive Potion"},{"floor":18.0,"key":"FearPotion"},{"floor":20.0,"key":"Dexterity Potion"},{"floor":29.0,"key":"PowerPotion"},{"floor":30.0,"key":"SkillPotion"},{"floor":31.0,"key":"Strength Potion"},{"floor":35,"key":"Regen Potion"},{"floor":47,"key":"Block Potion"}],"is_trial":false,"path_per_floor":["M","$","M","?","M","E","M","E","T","R","?","M","?","M","R","B",null,"M","M","M","M","?","E","$","E","T","R","M","M","E","M","R","B",null,"M","?","M","?","M","R","E","$","T","?","R","?","M","M","R","B",null],"character_chosen":"IRONCLAD","items_purchased":["Shrug It Off","Shockwave","Membership Card","Uppercut","Dark Shackles","Oddly Smooth Stone","Anchor","Inflame+1","PrismaticShard"],"campfire_rested":2,"item_purchase_floors":[2,2,24,24,24,42,42,42,42],"current_hp_per_floor":[88,88,88,88,84,49,51,38,38,38,38,41,41,47,47,33,74,76,79,80,73,73,39,39,24,24,50,50,49,24,37,66,41,83,82,82,85,85,84,84,87,87,87,87,87,87,84,90,90,93],"gold":28,"neow_bonus":"TEN_PERCENT_HP_BONUS","is_prod":false,"is_daily":false,"chose_seed":false,"campfire_upgraded":5,"win_rate":0,"timestamp":1556148889,"path_taken":["M","?","M","?","M","E","?","E","T","R","?","?","?","M","R","BOSS","M","M","?","M","?","E","$","E","T","R","M","M","E","M","R","BOSS","M","?","M","?","M","R","E","$","T","?","R","?","M","M","R","BOSS"],"build_version":"2019-01-23","purchased_purges":2,"victory":true,"max_hp_per_floor":[88,88,88,88,88,88,88,88,88,88,88,88,88,88,88,88,88,88,88,88,88,88,88,88,88,88,88,88,91,94,97,97,97,97,97,97,97,97,97,97,100,100,100,100,100,100,100,100,100,103],"card_choices":[{"not_picked":["Cleave","Evolve"],"picked":"True Grit","floor":1.0},{"not_picked":["Perfected Strike","Evolve"],"picked":"Headbutt","floor":3.0},{"not_picked":["Entrench","Dual Wield","Seeing Red"],"picked":"SKIP","floor":5.0},{"not_picked":["Burning Pact","Havoc"],"picked":"Anger","floor":6.0},{"not_picked":["Perfected Strike","Clothesline"],"picked":"Ghostly Armor","floor":7.0},{"not_picked":["Pummel","Shockwave"],"picked":"Impervious","floor":8.0},{"not_picked":["Evolve","Havoc","Sentinel"],"picked":"Inflame","floor":12.0},{"not_picked":["Thunderclap","Warcry","True Grit"],"picked":"Shrug It Off","floor":14.0},{"not_picked":["Immolate","Reaper","Fiend Fire"],"picked":"Barricade","floor":16.0},{"not_picked":["Headbutt","Iron Wave","Rampage"],"picked":"Body Slam+1","floor":18.0},{"not_picked":["Shrug It Off","Thunderclap+1","Second Wind"],"picked":"Whirlwind","floor":19.0},{"not_picked":["Perfected Strike","Fire Breathing+1","Body Slam+1"],"picked":"Limit Break","floor":20.0},{"not_picked":["Armaments+1","True Grit+1","Seeing Red"],"picked":"Metallicize","floor":21.0},{"not_picked":["Flex","Reckless Charge","Heavy Blade"],"picked":"Demon Form","floor":23.0},{"not_picked":["Pommel Strike+1","Havoc","Heavy Blade"],"picked":"Corruption+1","floor":25.0},{"not_picked":["Clothesline","Cleave+1","Twin Strike+1"],"picked":"Feed","floor":28.0},{"not_picked":["Sword Boomerang","Sever Soul","Sentinel+1"],"picked":"Spot Weakness+1","floor":29.0},{"not_picked":["Cleave","Iron Wave+1","Battle Trance","True Grit"],"picked":"SKIP","floor":30.0},{"not_picked":["Whirlwind","Wild Strike","Twin Strike","Cleave"],"picked":"SKIP","floor":31.0},{"not_picked":["Berserk+1","Barricade+1","Impervious"],"picked":"Offering","floor":33.0},{"not_picked":["Sword Boomerang"],"picked":"Headbutt+1","floor":35},{"not_picked":["Twin Strike+1","Armaments"],"picked":"SKIP","floor":37},{"not_picked":["Violence"],"picked":"Dramatic Entrance","floor":38},{"not_picked":["Pummel","Warcry+1"],"picked":"SKIP","floor":39},{"not_picked":["Evolve+1","Warcry+1"],"picked":"SKIP","floor":41},{"not_picked":["Finisher+1","Hologram"],"picked":"SKIP","floor":47},{"not_picked":["Clash+1"],"picked":"Noxious Fumes+1","floor":48}],"player_experience":158619,"relics_obtained":[{"floor":6.0,"key":"Ornamental Fan"},{"floor":8.0,"key":"Question Card"},{"floor":9.0,"key":"Art of War"},{"floor":23.0,"key":"Juzu Bracelet"},{"floor":25.0,"key":"Frozen Egg 2"},{"floor":26.0,"key":"Mummified Hand"},{"floor":30.0,"key":"Meat on the Bone"},{"floor":41,"key":"Unceasing Top"},{"floor":43,"key":"War Paint"}],"event_choices":[{"damage_healed":0.0,"max_hp_gain":0.0,"max_hp_loss":0.0,"gold_gain":0.0,"event_name":"FaceTrader","player_choice":"Trade","floor":4.0,"gold_loss":0.0,"damage_taken":0.0,"relics_obtained":["GremlinMask"]},{"damage_healed":0.0,"max_hp_gain":0.0,"max_hp_loss":0.0,"gold_gain":0.0,"cards_transformed":["Strike_R"],"event_name":"Transmorgrifier","player_choice":"Transformed","floor":11.0,"gold_loss":0.0,"damage_taken":0.0,"cards_obtained":["Cleave"]},{"cards_removed":["True Grit"],"damage_healed":0.0,"max_hp_gain":0.0,"max_hp_loss":0.0,"gold_gain":0.0,"event_name":"WeMeetAgain","player_choice":"Gave Card","floor":13.0,"gold_loss":0.0,"damage_taken":0.0,"relics_obtained":["Centennial Puzzle"]},{"damage_healed":0.0,"max_hp_gain":0.0,"max_hp_loss":0.0,"gold_gain":0.0,"cards_transformed":["Strike_R","Strike_R"],"event_name":"Drug Dealer","player_choice":"Became Test Subject","floor":22.0,"gold_loss":0.0,"damage_taken":0.0,"cards_obtained":["Bludgeon","Perfected Strike"]},{"cards_removed":["Strike_R"],"damage_healed":0,"gold_gain":0,"player_choice":"Offered Basic","damage_taken":0,"max_hp_gain":0,"max_hp_loss":0,"event_name":"Bonfire Elementals","floor":36,"gold_loss":0},{"damage_healed":0,"gold_gain":0,"player_choice":"Memory 1","damage_taken":0,"max_hp_gain":0,"max_hp_loss":0,"event_name":"SensoryStone","floor":38,"gold_loss":0},{"damage_healed":0,"gold_gain":0,"player_choice":"Paid","damage_taken":0,"relics_obtained":["Red Mask"],"max_hp_gain":0,"max_hp_loss":0,"event_name":"Tomb of Lord Red Mask","floor":44,"gold_loss":59},{"damage_healed":0,"gold_gain":0,"player_choice":"Forge","damage_taken":0,"max_hp_gain":0,"max_hp_loss":0,"event_name":"Accursed Blacksmith","floor":46,"gold_loss":0,"cards_upgraded":["Demon Form"]}],"is_beta":false,"boss_relics":[{"not_picked":["Calling Bell","Empty Cage"],"picked":"Runic Pyramid"},{"not_picked":["Lizard Tail","Runic Cube"],"picked":"Busted Crown"}],"items_purged_floors":[24,42],"is_endless":false,"potions_floor_spawned":[5,7,8,14,16,18,20,29,30,31,35,41,47],"ascension_level":5}