{"path_per_floor":["M","?","M","M","T","R","E","?","T","$","E","?","?","M","R","B",null,"M","$","M","?","?","E","R","E","T","?","R","M","M","$","R","B",null,"M","$","?","?","T","M","?","R","T","$","R","?","?","M","R","B"],"character_chosen":"IRONCLAD","items_purchased":["Bandage Up","Anchor","Corruption"],"gold_per_floor":[119,69,79,90,90,90,117,117,142,53,85,85,105,125,125,228,228,246,14,25,25,25,50,50,76,76,76,76,94,104,33,33,133,133,149,49,49,49,49,62,113,113,113,113,113,113,113,127,127,127],"floor_reached":51,"campfire_rested":3,"playtime":6784,"current_hp_per_floor":[80,80,80,80,80,80,50,50,50,50,47,52,34,20,45,27,85,85,85,85,85,85,85,85,24,24,24,64,76,53,53,85,85,85,85,85,85,74,74,85,85,85,85,85,85,85,75,85,85,30],"items_purged":["Strike_R","Normality"],"gold":127,"score":737,"play_id":"8fc58e09-1045-45e5-ad63-d498abb3854d","local_time":"20180429101757","is_prod":false,"is_daily":false,"chose_seed":false,"is_ascension_mode":false,"campfire_upgraded":5,"timestamp":1525022277,"path_taken":["M","?","M","M","?","R","E","?","T","$","E","?","?","M","R","BOSS","M","$","M","?","?","E","R","E","T","?","R","M","M","?","R","BOSS","M","$","?","?","?","M","?","R","T","?","R","?","?","M","R","BOSS"],"build_version":"2018-04-27v3","seed_source_timestamp":1065222669482937,"purchased_purges":2,"victory":true,"master_deck":["Strike_R","Strike_R+1","Strike_R+1","Defend_R","Defend_R","Defend_R","Defend_R","Entrench+1","Iron Wave","Barricade+1","Bandage Up","Body Slam+1","Rampage","Impervious+1","Iron Wave","Body Slam+1","Entrench+1","Shrug It Off+1","Impervious+1","Armaments+1","Madness","Madness","Apotheosis+1","Secret Technique","Apotheosis","Feel No Pain"],"max_hp_per_floor":[80,80,80,80,80,80,80,80,80,80,80,85,85,85,85,85,85,85,85,85,85,85,85,85,85,85,85,85,85,85,85,85,85,85,85,85,85,85,85,85,85,85,85,85,85,85,85,85,85,85],"relics":["Burning Blood","Juzu Bracelet","Blood Vial","Bag of Preparation","Whetstone","Odd Mushroom","Lizard Tail","Anchor","Vajra","Regal Pillow","Pen Nib","Lantern","Sozu","Paper Frog","Calipers","Question Card"],"card_choices":[{"not_picked":["True Grit","Sword Boomerang"],"picked":"Entrench","floor":1.0},{"not_picked":["Uppercut","Power Through"],"picked":"Iron Wave","floor":3.0},{"not_picked":["Headbutt","Demon Form"],"picked":"Barricade","floor":7.0},{"not_picked":["Perfected Strike","Shrug It Off"],"picked":"Body Slam","floor":11.0},{"not_picked":["Uppercut","Flex"],"picked":"Rampage","floor":13.0},{"not_picked":["Feed","Reaper"],"picked":"Impervious","floor":16.0},{"not_picked":["Ghostly Armor","Warcry"],"picked":"Iron Wave","floor":18},{"not_picked":["Sword Boomerang","Blood for Blood"],"picked":"Body Slam","floor":20},{"not_picked":["Reckless Charge","Twin Strike"],"picked":"Shrug It Off","floor":25},{"not_picked":["Feed","Double Tap"],"picked":"Impervious","floor":33},{"not_picked":["Shrug It Off","Warcry"],"picked":"Armaments","floor":35},{"not_picked":["Dark Shackles","Secret Technique","Finesse"],"picked":"Apotheosis","floor":47},{"not_picked":["Dramatic Entrance","Magnetism","Sadistic Nature"],"picked":"Secret Technique","floor":47},{"not_picked":["Panacea","Finesse","Good Instincts"],"picked":"Apotheosis","floor":47},{"not_picked":["Cleave","Clothesline","Sword Boomerang"],"picked":"Feel No Pain","floor":48}],"player_experience":0,"potions_floor_usage":[23,25,25,25,50],"damage_taken":[{"damage":1.0,"enemies":"Cultist","floor":1.0,"turns":4.0},{"damage":2.0,"enemies":"Small Slimes","floor":3.0,"turns":4.0},{"damage":1.0,"enemies":"Jaw Worm","floor":4.0,"turns":4.0},{"damage":36.0,"enemies":"Gremlin Nob","floor":7.0,"turns":5.0},{"damage":30.0,"enemies":"3 Sentries","floor":11.0,"turns":15.0},{"damage":30.0,"enemies":"The Mushroom Lair","floor":13.0,"turns":8.0},{"damage":26.0,"enemies":"Lots of Slimes","floor":14.0,"turns":6.0},{"damage":30.0,"enemies":"The Guardian","floor":16.0,"turns":15.0},{"damage":10,"enemies":"Shell Parasite","floor":18,"turns":6},{"damage":0,"enemies":"Chosen","floor":20,"turns":5},{"damage":6,"enemies":"Slavers","floor":23,"turns":7},{"damage":127,"enemies":"Book of Stabbing","floor":25,"turns":11},{"damage":0,"enemies":"Centurion and Healer","floor":29,"turns":4},{"damage":35,"enemies":"Slaver and Parasite","floor":30,"turns":8},{"damage":0,"enemies":"Champ","floor":33,"turns":8},{"damage":0,"enemies":"Orb Walker","floor":35,"turns":2},{"damage":0,"enemies":"Flame Bruiser 1 Orb","floor":40,"turns":4},{"damage":8,"enemies":"Mysterious Sphere","floor":41,"turns":11},{"damage":0,"enemies":"Spire Growth","floor":48,"turns":4},{"damage":67,"enemies":"Awakened One","floor":50,"turns":11}],"event_choices":[{"event_name":"The Cleric","player_choice":"Card Removal","floor":2.0,"damage_taken":0.0},{"event_name":"Upgrade Shrine","player_choice":"Upgraded","floor":8.0,"damage_taken":0.0},{"event_name":"Big Fish","player_choice":"Donut","floor":12.0,"damage_taken":0.0},{"event_name":"Mushrooms","player_choice":"Fought Mushrooms","floor":13.0,"damage_taken":0.0},{"event_name":"Duplicator","player_choice":"One dupe","floor":21,"damage_taken":0},{"event_name":"Accursed Blacksmith","player_choice":"Rummage","floor":22,"damage_taken":0},{"event_name":"Drug Dealer","player_choice":"Ignored","floor":27,"damage_taken":0},{"event_name":"Winding Halls","player_choice":"Embrace Madness","floor":38,"damage_taken":0},{"event_name":"Mysterious Sphere","player_choice":"Fight","floor":41,"damage_taken":0},{"event_name":"Bonfire Elementals","player_choice":"UNCOMMON","floor":46,"damage_taken":0},{"event_name":"SensoryStone","player_choice":"Memory 3","floor":47,"damage_taken":0}],"boss_relics":[{"not_picked":["Philosopher\u0027s Stone","Orrery"],"picked":"Lizard Tail"},{"not_picked":["Black Star","Calling Bell"],"picked":"Sozu"}],"potions_floor_spawned":[1,4,7,16,18,20,23,33,41,48],"seed_played":"-5188778439719016927","ascension_level":0,"is_trial":false}