{"gold_per_floor":[116,116,116,136,149,149,182,182,205,74,108,127,51,51],"floor_reached":14,"playtime":487,"items_purged":[],"score":196,"play_id":"c24d0a8a-a5e6-4d40-b939-77d4650b1427","local_time":"20190128143711","is_ascension_mode":true,"campfire_choices":[{"data":"Skewer","floor":6,"key":"SMITH"},{"data":"Bouncing Flask","floor":8,"key":"SMITH"}],"neow_cost":"NONE","seed_source_timestamp":1636199677165547,"circlet_count":0,"master_deck":["AscendersBane","Defend_G","Defend_G","Defend_G","Defend_G","Defend_G","Strike_G","Strike_G","Strike_G","Strike_G","Survivor","Neutralize","Skewer+1","Deadly Poison","Bouncing Flask+1","Footwork","Deflect","PiercingWail","Well Laid Plans"],"relics":["Ring of the Snake","CultistMask","Orichalcum","Juzu Bracelet","Pantograph"],"potions_floor_usage":[7,12,12],"damage_taken":[{"damage":5,"enemies":"Cultist","floor":1,"turns":5},{"damage":16,"enemies":"Small Slimes","floor":4,"turns":4},{"damage":4,"enemies":"Jaw Worm","floor":5,"turns":3},{"damage":3,"enemies":"Gremlin Nob","floor":7,"turns":3},{"damage":21,"enemies":"Lagavulin","floor":11,"turns":5},{"damage":2,"enemies":"Lots of Slimes","floor":12,"turns":4},{"damage":27,"enemies":"Gremlin Gang","floor":14,"turns":3}],"seed_played":"2916478109795854881","potions_obtained":[{"floor":4,"key":"Strength Potion"},{"floor":5,"key":"Fire Potion"},{"floor":7,"key":"GamblersBrew"}],"is_trial":false,"path_per_floor":["M","?","?","M","M","R","E","R","T","$","E","M","$","M"],"character_chosen":"THE_SILENT","items_purchased":["Footwork","Deflect","Well Laid Plans"],"campfire_rested":0,"item_purchase_floors":[10,10,13],"current_hp_per_floor":[54,47,47,31,27,27,24,24,24,24,3,1,1,0],"gold":51,"neow_bonus":"THREE_CARDS","is_prod":false,"is_daily":false,"chose_seed":false,"campfire_upgraded":2,"win_rate":0,"timestamp":1548682631,"path_taken":["M","?","?","M","?","R","E","R","T","$","E","M","?","M"],"build_version":"2019-01-23","purchased_purges":0,"victory":false,"max_hp_per_floor":[66,66,66,66,66,66,66,66,66,66,66,66,66,66],"card_choices":[{"not_picked":["Reflex","Dagger Spray"],"picked":"Skewer","floor":0},{"not_picked":["Cloak And Dagger","Escape Plan"],"picked":"Deadly Poison","floor":1},{"not_picked":["Sucker Punch","Blur"],"picked":"Bouncing Flask","floor":4},{"not_picked":["Poisoned Stab","Acrobatics","Dagger Throw"],"picked":"SKIP","floor":5},{"not_picked":["Outmaneuver","Slice","Cloak And Dagger"],"picked":"SKIP","floor":7},{"not_picked":["Infinite Blades","Acrobatics"],"picked":"PiercingWail","floor":11},{"not_picked":["Underhanded Strike","Expertise","Quick Slash"],"picked":"SKIP","floor":12}],"player_experience":1261151,"relics_obtained":[{"floor":7,"key":"Orichalcum"},{"floor":9,"key":"Juzu Bracelet"},{"floor":11,"key":"Pantograph"}],"event_choices":[{"cards_removed":["Strike_G"],"damage_healed":0,"gold_gain":0,"player_choice":"Card Removal","damage_taken":7,"max_hp_gain":0,"max_hp_loss":0,"event_name":"Golden Wing","floor":2,"gold_loss":0},{"damage_healed":0,"gold_gain":0,"player_choice":"Trade","damage_taken":0,"relics_obtained":["CultistMask"],"max_hp_gain":0,"max_hp_loss":0,"event_name":"FaceTrader","floor":3,"gold_loss":0}],"is_beta":false,"boss_relics":[],"items_purged_floors":[],"is_endless":false,"potions_floor_spawned":[4,5,7],"killed_by":"Gremlin Gang","ascension_level":20}