{"gold_per_floor":[360,1,1,20,20,50,69,69,122,152,168,183,183,193,193,268,268,268,268,193,193,193,193,193,193,193,5,5,5,5,5,5,5,5,5,5,5,0,0,0],"floor_reached":40,"playtime":1788,"items_purged":["Regret"],"score":809,"play_id":"f4a80499-caf6-4e20-a294-f6a897452062","local_time":"20190421024752","is_ascension_mode":true,"campfire_choices":[{"floor":8,"key":"REST"},{"data":"Blade Dance","floor":13,"key":"SMITH"},{"floor":15,"key":"REST"},{"data":"Cloak And Dagger","floor":23,"key":"SMITH"},{"floor":32,"key":"REST"}],"neow_cost":"CURSE","seed_source_timestamp":46095003750166,"circlet_count":0,"master_deck":["AscendersBane","Defend_G","Defend_G+1","Defend_G","Defend_G","Defend_G+1","Strike_G","Strike_G","Strike_G","Survivor","Neutralize","Dagger Spray","Dagger Throw","Sucker Punch","Finisher","Finisher","Cloak And Dagger+1","Blade Dance+1","Finisher","Glass Knife","Quick Slash","Quick Slash","Cloak And Dagger+1","Blade Dance","Die Die Die","Cloak And Dagger","Quick Slash","A Thousand Cuts","Backflip","Flying Knee","PiercingWail+1"],"relics":["Ring of the Serpent","Chemical X","Lantern","Boot","War Paint","Ectoplasm","Bottled Lightning","Oddly Smooth Stone","Happy Flower","Red Mask"],"potions_floor_usage":[5,5,28,33,33,40],"damage_taken":[{"damage":8,"enemies":"Small Slimes","floor":1,"turns":5},{"damage":0,"enemies":"Cultist","floor":4,"turns":4},{"damage":47,"enemies":"Lagavulin","floor":6,"turns":9},{"damage":1,"enemies":"Jaw Worm","floor":7,"turns":2},{"damage":14,"enemies":"Gremlin Nob","floor":10,"turns":4},{"damage":2,"enemies":"Gremlin Gang","floor":11,"turns":5},{"damage":0,"enemies":"Blue Slaver","floor":12,"turns":3},{"damage":7,"enemies":"Exordium Wildlife","floor":14,"turns":5},{"damage":41,"enemies":"The Guardian","floor":16,"turns":16},{"damage":0,"enemies":"3 Byrds","floor":18,"turns":2},{"damage":2,"enemies":"Chosen","floor":19,"turns":3},{"damage":0,"enemies":"Centurion and Healer","floor":21,"turns":3},{"damage":0,"enemies":"Gremlin Leader","floor":24,"turns":3},{"damage":7,"enemies":"Snake Plant","floor":25,"turns":2},{"damage":5,"enemies":"Shelled Parasite and Fungi","floor":28,"turns":4},{"damage":0,"enemies":"Slavers","floor":30,"turns":4},{"damage":3,"enemies":"3 Cultists","floor":31,"turns":4},{"damage":48,"enemies":"Collector","floor":33,"turns":9},{"damage":24,"enemies":"3 Darklings","floor":35,"turns":3},{"damage":0,"enemies":"3 Shapes","floor":37,"turns":2},{"damage":13,"enemies":"Jaw Worm Horde","floor":39,"turns":3},{"damage":47,"enemies":"Transient","floor":40,"turns":4}],"seed_played":"6157198844907749649","potions_obtained":[{"floor":4,"key":"Block Potion"},{"floor":5,"key":"Fruit Juice"},{"floor":5,"key":"Fruit Juice"},{"floor":5,"key":"FairyPotion"},{"floor":11,"key":"Strength Potion"},{"floor":28,"key":"GhostInAJar"},{"floor":35,"key":"SneckoOil"}],"is_trial":false,"path_per_floor":["M","$","?","M","?","E","M","R","T","E","M","M","R","M","R","B",null,"M","M","?","M","?","R","E","M","T","$","M","?","E","M","R","B",null,"M","?","M","?","M","M"],"character_chosen":"THE_SILENT","items_purchased":["Chemical X","Dagger Throw","Sucker Punch","Die Die Die","Cloak And Dagger"],"campfire_rested":3,"item_purchase_floors":[2,2,2,27,27],"current_hp_per_floor":[55,55,55,55,65,18,17,41,41,27,25,25,25,18,42,1,60,60,58,58,58,58,58,58,51,51,51,46,46,46,43,67,19,65,41,41,41,41,28,0],"gold":0,"neow_bonus":"TWO_FIFTY_GOLD","is_prod":false,"is_daily":false,"chose_seed":false,"campfire_upgraded":2,"win_rate":0,"timestamp":1555825672,"path_taken":["M","$","?","M","?","E","M","R","T","E","M","M","R","M","R","BOSS","M","M","?","M","?","R","E","M","T","$","M","?","E","?","R","BOSS","M","?","M","?","M","?"],"build_version":"2019-01-23","purchased_purges":1,"victory":false,"max_hp_per_floor":[70,70,70,70,80,80,80,80,80,80,80,80,80,80,80,80,80,80,80,80,80,80,80,80,80,80,80,80,80,80,80,80,80,80,80,76,76,76,76,76],"card_choices":[{"not_picked":["Calculated Gamble","Escape Plan"],"picked":"Dagger Spray","floor":1},{"not_picked":["Prepared","Concentrate"],"picked":"Finisher","floor":4},{"not_picked":["Dagger Spray","Expertise","Doppelganger"],"picked":"SKIP","floor":6},{"not_picked":["Blade Dance","Bane","Choke"],"picked":"SKIP","floor":7},{"not_picked":["Backstab","Terror"],"picked":"Finisher","floor":10},{"not_picked":["Dodge and Roll","Dagger Spray"],"picked":"Cloak And Dagger","floor":11},{"not_picked":["Flying Knee","Caltrops"],"picked":"Blade Dance","floor":12},{"not_picked":["Prepared","Deadly Poison"],"picked":"Finisher","floor":14},{"not_picked":["Doppelganger","Venomology"],"picked":"Glass Knife","floor":16},{"not_picked":["Outmaneuver","Poisoned Stab"],"picked":"Quick Slash","floor":18},{"not_picked":["Sucker Punch","Acrobatics"],"picked":"Quick Slash","floor":19},{"not_picked":["Bouncing Flask","Prepared"],"picked":"Cloak And Dagger+1","floor":21},{"not_picked":["Slice","Reflex","Eviscerate"],"picked":"SKIP","floor":24},{"not_picked":["Slice","Flechettes+1"],"picked":"Blade Dance","floor":25},{"not_picked":["Outmaneuver","Catalyst","Night Terror"],"picked":"SKIP","floor":28},{"not_picked":["Dagger Spray","Acrobatics"],"picked":"Quick Slash","floor":30},{"not_picked":["Eviscerate","Choke","Doppelganger"],"picked":"SKIP","floor":31},{"not_picked":["Tools of the Trade","Die Die Die"],"picked":"A Thousand Cuts","floor":33},{"not_picked":["Outmaneuver","Acrobatics+1"],"picked":"Backflip","floor":35},{"not_picked":["Catalyst","Crippling Poison+1"],"picked":"Flying Knee","floor":37},{"not_picked":["Backflip","Deflect+1"],"picked":"PiercingWail+1","floor":39}],"player_experience":709111,"relics_obtained":[{"floor":6,"key":"Lantern"},{"floor":9,"key":"Boot"},{"floor":10,"key":"War Paint"},{"floor":24,"key":"Bottled Lightning"},{"floor":26,"key":"Oddly Smooth Stone"},{"floor":30,"key":"Happy Flower"}],"event_choices":[{"damage_healed":0,"gold_gain":0,"player_choice":"Ignored","damage_taken":0,"max_hp_gain":0,"max_hp_loss":0,"event_name":"Liars Game","floor":3,"gold_loss":0},{"damage_healed":0,"gold_gain":0,"player_choice":"Got Potions","damage_taken":0,"max_hp_gain":0,"max_hp_loss":0,"event_name":"Lab","floor":5,"gold_loss":0},{"cards_removed":["Strike_G"],"damage_healed":0,"gold_gain":0,"player_choice":"Gave Gold","damage_taken":0,"max_hp_gain":0,"max_hp_loss":0,"event_name":"Beggar","floor":20,"gold_loss":75},{"damage_healed":0,"gold_gain":0,"player_choice":"Ignored","damage_taken":0,"max_hp_gain":0,"max_hp_loss":0,"event_name":"Vampires","floor":22,"gold_loss":0},{"cards_removed":["Strike_G"],"damage_healed":0,"gold_gain":0,"player_choice":"Offered Basic","damage_taken":0,"max_hp_gain":0,"max_hp_loss":0,"event_name":"Bonfire Elementals","floor":29,"gold_loss":0},{"damage_healed":0,"gold_gain":0,"player_choice":"Max HP","damage_taken":0,"max_hp_gain":0,"max_hp_loss":4,"event_name":"Winding Halls","floor":36,"gold_loss":0},{"damage_healed":0,"gold_gain":0,"player_choice":"Paid","damage_taken":0,"relics_obtained":["Red Mask"],"max_hp_gain":0,"max_hp_loss":0,"event_name":"Tomb of Lord Red Mask","floor":38,"gold_loss":5}],"is_beta":false,"boss_relics":[{"not_picked":["Velvet Choker","Lizard Tail"],"picked":"Ectoplasm"},{"not_picked":["Black Star","HoveringKite"],"picked":"Ring of the Serpent"}],"items_purged_floors":[2],"is_endless":false,"potions_floor_spawned":[4,7,11,12,14,18,21,25,28,35],"killed_by":"Transient","ascension_level":13}