{"gold_per_floor":[111,129,8,8,19,46,46,66,66,66,77,96,131,143,155,270,332,355,367,391,417,446,458,470],"floor_reached":24,"playtime":1146,"items_purged":["Pain"],"score":210,"play_id":"95b18796-b699-42e4-8b78-ef5dbfb24c26","local_time":"20181105133025","is_ascension_mode":false,"campfire_choices":[{"data":"Zap","floor":7,"key":"SMITH"},{"floor":10,"key":"REST"},{"floor":15,"key":"REST"},{"data":"Storm","floor":23,"key":"SMITH"}],"neow_cost":"CURSE","seed_source_timestamp":1026872612969168,"circlet_count":0,"master_deck":["Strike_B+1","Strike_B","Strike_B","Defend_B","Defend_B","Defend_B","Defend_B","Zap+1","Dualcast","Seek","Compile Driver","Skim","Cold Snap","Cold Snap","FTL","Echo Form","Storm+1","Coolheaded","Echo Form","Conserve Battery","Storm","Leap+1","Compile Driver+1"],"relics":["Cracked Core","Matryoshka","Centennial Puzzle","Mummified Hand","Blue Candle","MawBank","Tiny House"],"potions_floor_usage":[13,16,16,20,22,24],"damage_taken":[{"damage":10,"enemies":"2 Louse","floor":1,"turns":2},{"damage":4,"enemies":"Cultist","floor":2,"turns":3},{"damage":0,"enemies":"Small Slimes","floor":5,"turns":2},{"damage":30,"enemies":"3 Sentries","floor":6,"turns":9},{"damage":13,"enemies":"3 Louse","floor":8,"turns":3},{"damage":0,"enemies":"2 Fungi Beasts","floor":11,"turns":3},{"damage":12,"enemies":"Exordium Wildlife","floor":12,"turns":5},{"damage":4,"enemies":"Lagavulin","floor":13,"turns":6},{"damage":45,"enemies":"The Guardian","floor":16,"turns":13},{"damage":3,"enemies":"Chosen","floor":18,"turns":6},{"damage":15,"enemies":"2 Thieves","floor":20,"turns":3},{"damage":15,"enemies":"3 Cultists","floor":21,"turns":7},{"damage":10,"enemies":"Chosen and Byrds","floor":22,"turns":4},{"damage":39,"enemies":"Gremlin Leader","floor":24,"turns":3}],"seed_played":"-1999095244390127916","potions_obtained":[{"floor":5,"key":"Swift Potion"},{"floor":8,"key":"Weak Potion"},{"floor":12,"key":"Swift Potion"},{"floor":16,"key":"LiquidBronze"},{"floor":17,"key":"Explosive Potion"},{"floor":18,"key":"Strength Potion"},{"floor":21,"key":"Explosive Potion"}],"is_trial":false,"path_per_floor":["M","M","$","?","M","E","R","M","T","R","M","M","E","$","R","B",null,"M","?","M","M","M","R","E"],"character_chosen":"DEFECT","items_purchased":["Leap"],"campfire_rested":2,"item_purchase_floors":[3],"current_hp_per_floor":[65,61,61,61,61,31,31,18,18,40,40,28,24,24,46,1,80,77,77,62,47,37,37,0],"gold":470,"neow_bonus":"THREE_RARE_CARDS","is_prod":false,"is_daily":false,"chose_seed":false,"campfire_upgraded":2,"win_rate":0,"timestamp":1541421025,"path_taken":["M","M","$","?","?","E","R","M","T","R","M","M","E","?","R","BOSS","M","?","?","M","M","R","E"],"build_version":"2018-11-02","purchased_purges":1,"victory":false,"max_hp_per_floor":[75,75,75,75,75,75,75,75,75,75,75,75,75,75,75,75,80,80,80,80,80,80,80,80],"card_choices":[{"not_picked":["Creative AI","Buffer"],"picked":"Seek","floor":0},{"not_picked":["Streamline","Stack"],"picked":"Compile Driver","floor":1},{"not_picked":["Streamline","Capacitor"],"picked":"Skim","floor":2},{"not_picked":["Hologram","Streamline"],"picked":"Cold Snap","floor":5},{"not_picked":["Fusion","Barrage"],"picked":"Cold Snap","floor":6},{"not_picked":["Steam","Coolheaded"],"picked":"FTL","floor":8},{"not_picked":["Go for the Eyes","Conserve Battery"],"picked":"Echo Form","floor":11},{"not_picked":["Stack","Coolheaded"],"picked":"Storm","floor":12},{"not_picked":["Rebound","Skim"],"picked":"Coolheaded","floor":13},{"not_picked":["All For One","Multi-Cast"],"picked":"Echo Form","floor":16},{"not_picked":["Streamline","Leap"],"picked":"Conserve Battery","floor":17},{"not_picked":["Compile Driver","Steam"],"picked":"Storm","floor":18},{"not_picked":["Aggregate","Chaos"],"picked":"Leap+1","floor":20},{"not_picked":["Lockon+1","Heatsinks","Stack+1"],"picked":"SKIP","floor":21},{"not_picked":["Conserve Battery+1","Auto Shields"],"picked":"Compile Driver+1","floor":22}],"player_experience":715214,"relics_obtained":[{"floor":6,"key":"Centennial Puzzle"},{"floor":9,"key":"Mummified Hand"},{"floor":9,"key":"Blue Candle"},{"floor":13,"key":"MawBank"}],"event_choices":[{"cards_removed":["Leap"],"damage_healed":0,"gold_gain":0,"player_choice":"Gave Card","damage_taken":0,"relics_obtained":["Matryoshka"],"max_hp_gain":0,"max_hp_loss":0,"event_name":"WeMeetAgain","floor":4,"gold_loss":0},{"cards_removed":["Strike_B"],"damage_healed":0,"gold_gain":0,"player_choice":"Offered Basic","damage_taken":0,"max_hp_gain":0,"max_hp_loss":0,"event_name":"Bonfire Elementals","floor":19,"gold_loss":0}],"is_beta":true,"boss_relics":[{"not_picked":["Black Star","FrozenCore"],"picked":"Tiny House"}],"items_purged_floors":[3],"is_endless":false,"potions_floor_spawned":[5,8,12,16,18,21],"killed_by":"Gremlin Leader","ascension_level":0}