{"gold_per_floor":[119,129,19,19,36,71,71,87,87,87,52,90,22,52,52,183,183,203,218,24,24,44,85,85,124,124,124,32,32,32,66,66,167,167,186,196,196,32,0,0,33,45,45,62,62,62,72,106,106,106,106,106,34,34],"floor_reached":54,"playtime":3930,"items_purged":[],"score":999,"play_id":"5089b169-2b66-4bff-b257-37b0fbc8d81d","local_time":"20190310173826","is_ascension_mode":true,"campfire_choices":[{"floor":7,"key":"REST"},{"floor":15,"key":"REST"},{"floor":24,"key":"REST"},{"floor":27,"key":"REST"},{"data":"Neutralize","floor":32,"key":"SMITH"},{"data":"Terror","floor":40,"key":"SMITH"},{"floor":46,"key":"RECALL"},{"data":"Dash","floor":49,"key":"SMITH"},{"data":"Finesse","floor":52,"key":"SMITH"}],"neow_cost":"NONE","seed_source_timestamp":1090230520966300,"circlet_count":0,"master_deck":["Defend_G","Defend_G","Defend_G","Defend_G","Strike_G","Survivor","Neutralize+1","Dash+1","Dagger Throw","Dodge and Roll","Trip","Dodge and Roll","Accuracy","Caltrops","Leg Sweep","Adrenaline","Noxious Fumes+1","Backstab","Accuracy+1","Terror+1","Poisoned Stab","Footwork+1","Infinite Blades+1","Deflect","Outmaneuver","Noxious Fumes+1","Adrenaline","Calculated Gamble+1","Flying Knee+1","Setup+1","Footwork+1","Infinite Blades+1","Footwork+1","Mayhem+1","Well Laid Plans+1","Envenom+1","Accuracy+1","Backflip+1","Deflect+1","Finesse+1","Magnetism+1","Blade Dance+1","Distraction+1","Accuracy+1"],"relics":["Sozu","Bag of Preparation","Frozen Egg 2","Bloody Idol","Nunchaku","Tiny Chest","Eternal Feather","Oddly Smooth Stone","The Specimen","Ninja Scroll","Gambling Chip","Prayer Wheel","Astrolabe","Red Mask","Thread and Needle","Ginger"],"potions_floor_usage":[],"damage_taken":[{"damage":0,"enemies":"2 Louse","floor":1,"turns":3},{"damage":7,"enemies":"Small Slimes","floor":2,"turns":2},{"damage":0,"enemies":"Cultist","floor":5,"turns":3},{"damage":32,"enemies":"Gremlin Nob","floor":6,"turns":5},{"damage":19,"enemies":"Exordium Thugs","floor":8,"turns":4},{"damage":21,"enemies":"Lagavulin","floor":12,"turns":6},{"damage":4,"enemies":"The Guardian","floor":16,"turns":15},{"damage":3,"enemies":"Shell Parasite","floor":18,"turns":8},{"damage":0,"enemies":"Spheric Guardian","floor":19,"turns":6},{"damage":19,"enemies":"Centurion and Healer","floor":22,"turns":9},{"damage":36,"enemies":"Slavers","floor":23,"turns":8},{"damage":13,"enemies":"Book of Stabbing","floor":25,"turns":7},{"damage":10,"enemies":"Gremlin Leader","floor":31,"turns":7},{"damage":52,"enemies":"Automaton","floor":33,"turns":9},{"damage":3,"enemies":"Orb Walker","floor":35,"turns":2},{"damage":23,"enemies":"3 Darklings","floor":36,"turns":5},{"damage":9,"enemies":"Reptomancer","floor":41,"turns":7},{"damage":0,"enemies":"Maw","floor":42,"turns":7},{"damage":29,"enemies":"Writhing Mass","floor":44,"turns":5},{"damage":0,"enemies":"3 Darklings","floor":47,"turns":6},{"damage":0,"enemies":"Giant Head","floor":48,"turns":6},{"damage":34,"enemies":"Awakened One","floor":50,"turns":16},{"damage":92,"enemies":"Shield and Spear","floor":54,"turns":3}],"seed_played":"3486373357188248117","potions_obtained":[],"is_trial":false,"path_per_floor":["M","M","$","?","M","E","R","M","T","?","?","E","$","?","R","B",null,"M","M","$","?","M","E","R","E","T","R","$","?","?","E","R","B",null,"M","M","?","$","?","R","E","M","T","M","?","R","M","E","R","B",null,"R","$","E"],"character_chosen":"THE_SILENT","items_purchased":["Dodge and Roll","Trip","Leg Sweep","Accuracy+1","Oddly Smooth Stone","Infinite Blades+1","Deflect","Mayhem+1","Accuracy+1"],"campfire_rested":4,"item_purchase_floors":[3,3,13,20,20,28,28,38,53],"current_hp_per_floor":[70,63,63,63,63,31,52,33,33,33,49,28,28,28,47,43,60,57,57,57,57,38,2,36,23,23,57,57,57,57,52,65,18,53,55,37,37,37,37,55,51,56,56,32,27,51,56,61,65,31,57,65,65,0],"gold":34,"neow_bonus":"BOSS_RELIC","is_prod":false,"is_daily":false,"chose_seed":false,"campfire_upgraded":4,"win_rate":0,"timestamp":1552264706,"path_taken":["M","M","$","?","M","E","R","M","T","?","?","E","$","?","R","BOSS","M","?","$","?","M","E","R","E","T","R","$","?","?","E","R","BOSS","M","?","?","$","?","R","E","M","T","M","?","R","M","E","R","BOSS","R","$","E"],"build_version":"2019-02-06","purchased_purges":0,"victory":false,"max_hp_per_floor":[70,70,70,70,70,70,70,70,70,65,65,65,65,65,65,65,65,65,65,65,65,65,65,65,65,65,65,65,65,65,65,65,65,65,65,65,65,65,65,65,65,65,65,65,65,65,65,65,65,65,65,65,65,65],"card_choices":[{"not_picked":["PiercingWail","Slice"],"picked":"Dash","floor":1},{"not_picked":["Deadly Poison","Poisoned Stab"],"picked":"Dagger Throw","floor":2},{"not_picked":["Acrobatics","Deadly Poison"],"picked":"Dodge and Roll","floor":5},{"not_picked":["Concentrate","Dodge and Roll"],"picked":"Accuracy","floor":6},{"not_picked":["Blade Dance","Outmaneuver"],"picked":"Caltrops","floor":8},{"not_picked":["Dagger Spray","Choke"],"picked":"Well Laid Plans+1","floor":12},{"not_picked":["Unload","Glass Knife"],"picked":"Adrenaline","floor":16},{"not_picked":["Flying Knee","Slice"],"picked":"Noxious Fumes+1","floor":18},{"not_picked":["PiercingWail","Deadly Poison"],"picked":"Backstab","floor":19},{"not_picked":["Bane","Outmaneuver"],"picked":"Terror","floor":22},{"not_picked":["Dagger Throw","All Out Attack"],"picked":"Poisoned Stab","floor":23},{"not_picked":["Tools of the Trade+1","Flying Knee"],"picked":"Footwork+1","floor":25},{"not_picked":["Bane","Deadly Poison"],"picked":"Noxious Fumes+1","floor":31},{"not_picked":["A Thousand Cuts+1","Burst"],"picked":"Adrenaline","floor":33},{"not_picked":["Flying Knee+1","Outmaneuver+1"],"picked":"Footwork+1","floor":35},{"not_picked":["Bane+1","Poisoned Stab","Flying Knee"],"picked":"SKIP","floor":35},{"not_picked":["Endless Agony","Predator+1"],"picked":"Infinite Blades+1","floor":36},{"not_picked":["Predator","Skewer+1"],"picked":"Footwork+1","floor":36},{"not_picked":["Distraction","Quick Slash"],"picked":"Well Laid Plans+1","floor":41},{"not_picked":["Underhanded Strike+1","Crippling Poison+1"],"picked":"Envenom+1","floor":42},{"not_picked":["Quick Slash+1","Poisoned Stab+1"],"picked":"Accuracy+1","floor":42},{"not_picked":["Outmaneuver","Cloak And Dagger"],"picked":"Backflip+1","floor":44},{"not_picked":["Outmaneuver+1","Slice+1"],"picked":"Deflect+1","floor":44},{"not_picked":["The Bomb","Good Instincts"],"picked":"Finesse","floor":45},{"not_picked":["Metamorphosis","Impatience"],"picked":"Magnetism+1","floor":45},{"not_picked":["Acrobatics+1","Dagger Spray+1"],"picked":"Blade Dance+1","floor":47},{"not_picked":["Flying Knee","Finisher+1","Outmaneuver"],"picked":"SKIP","floor":47},{"not_picked":["Backstab","Backflip+1"],"picked":"Distraction+1","floor":48}],"player_experience":622540,"relics_obtained":[{"floor":6,"key":"Bag of Preparation"},{"floor":9,"key":"Frozen Egg 2"},{"floor":12,"key":"Nunchaku"},{"floor":23,"key":"The Specimen"},{"floor":25,"key":"Ninja Scroll"},{"floor":26,"key":"Gambling Chip"},{"floor":31,"key":"Prayer Wheel"},{"floor":41,"key":"Thread and Needle"},{"floor":48,"key":"Ginger"}],"event_choices":[{"damage_healed":0,"gold_gain":0,"player_choice":"Fled","damage_taken":0,"max_hp_gain":0,"max_hp_loss":0,"event_name":"Scrap Ooze","floor":4,"gold_loss":0},{"damage_healed":0,"gold_gain":0,"player_choice":"Lose Max HP","damage_taken":0,"relics_obtained":["Golden Idol"],"max_hp_gain":0,"max_hp_loss":5,"event_name":"Golden Idol","floor":10,"gold_loss":0},{"damage_healed":16,"gold_gain":0,"player_choice":"Healed","damage_taken":0,"max_hp_gain":0,"max_hp_loss":0,"event_name":"The Cleric","floor":11,"gold_loss":35},{"cards_removed":["Well Laid Plans"],"damage_healed":0,"gold_gain":0,"player_choice":"Gave Card","damage_taken":0,"relics_obtained":["Tiny Chest"],"max_hp_gain":0,"max_hp_loss":0,"event_name":"WeMeetAgain","floor":14,"gold_loss":0},{"damage_healed":0,"gold_gain":0,"player_choice":"Ignored","damage_taken":0,"max_hp_gain":0,"max_hp_loss":0,"event_name":"Vampires","floor":21,"gold_loss":0},{"damage_healed":0,"gold_gain":0,"player_choice":"Gave Idol","damage_taken":0,"relics_obtained":["Bloody Idol"],"max_hp_gain":0,"max_hp_loss":0,"event_name":"Forgotten Altar","floor":29,"relics_lost":["Golden Idol"],"gold_loss":0},{"damage_healed":0,"gold_gain":0,"cards_transformed":["Strike_G"],"player_choice":"Transformed","damage_taken":0,"max_hp_gain":0,"max_hp_loss":0,"event_name":"Transmorgrifier","floor":30,"gold_loss":0,"cards_obtained":["Outmaneuver"]},{"cards_removed":["Strike_G"],"damage_healed":0,"gold_gain":0,"player_choice":"Removed Attack","damage_taken":0,"max_hp_gain":0,"max_hp_loss":0,"event_name":"Falling","floor":37,"gold_loss":0},{"damage_healed":0,"gold_gain":0,"player_choice":"Paid","damage_taken":0,"relics_obtained":["Red Mask"],"max_hp_gain":0,"max_hp_loss":0,"event_name":"Tomb of Lord Red Mask","floor":39,"gold_loss":32},{"damage_healed":0,"gold_gain":0,"player_choice":"Memory 2","damage_taken":5,"max_hp_gain":0,"max_hp_loss":0,"event_name":"SensoryStone","floor":45,"gold_loss":0}],"is_beta":true,"boss_relics":[{"not_picked":["Empty Cage","Ectoplasm"],"picked":"Eternal Feather"},{"not_picked":["Black Star","Calling Bell"],"picked":"Astrolabe"}],"items_purged_floors":[],"is_endless":false,"potions_floor_spawned":[1,2,6,19,23,33,35,36,44],"killed_by":"Shield and Spear","ascension_level":5}