{"gold_per_floor":[119,11,186,57,75,110,110,142,220,254,264,318,335,300,300,401,401,420,4,4,22,48,89,68,102,179,189,219,238,238,238],"floor_reached":31,"playtime":2273,"items_purged":["Doubt"],"score":540,"play_id":"af97b099-906f-413c-9ce2-abfe479009f1","local_time":"20190310130121","is_ascension_mode":true,"campfire_choices":[{"data":"Genetic Algorithm","floor":7,"key":"SMITH"},{"data":"Creative AI","floor":15,"key":"SMITH"}],"neow_cost":"NONE","seed_source_timestamp":1075265726981899,"circlet_count":0,"master_deck":["Strike_B","Strike_B","Strike_B","Strike_B","Defend_B","Defend_B","Defend_B","Defend_B","Zap","Dualcast","Coolheaded","Genetic Algorithm+1","Undo","Cold Snap","BootSequence","Coolheaded","Genetic Algorithm+1","Creative AI+1","Stack+1","Glacier+1","Core Surge","Conserve Battery+1","Coolheaded+1","Aggregate+1","Sunder","Conserve Battery+1","Turbo+1","White Noise+1","Hologram+1","Forethought+1","Capacitor","Scrape+1","Coolheaded+1","White Noise+1","Loop","Hologram+1","Conserve Battery+1","Turbo+1"],"relics":["Cracked Core","NeowsBlessing","PreservedInsect","Toxic Egg 2","Tiny Chest","Ancient Tea Set","Orrery","Lantern","Nilry\u0027s Codex","MawBank","Bronze Scales","Gremlin Horn","Symbiotic Virus","Pen Nib"],"potions_floor_usage":[16,25,25,28,30],"damage_taken":[{"damage":0,"enemies":"Cultist","floor":1,"turns":1},{"damage":0,"enemies":"Jaw Worm","floor":5,"turns":1},{"damage":0,"enemies":"3 Sentries","floor":6,"turns":1},{"damage":3,"enemies":"Lagavulin","floor":8,"turns":7},{"damage":14,"enemies":"3 Sentries","floor":10,"turns":9},{"damage":0,"enemies":"2 Louse","floor":11,"turns":3},{"damage":8,"enemies":"Exordium Wildlife","floor":13,"turns":7},{"damage":11,"enemies":"The Guardian","floor":16,"turns":13},{"damage":1,"enemies":"Spheric Guardian","floor":18,"turns":14},{"damage":4,"enemies":"Shell Parasite","floor":21,"turns":5},{"damage":5,"enemies":"Slavers","floor":23,"turns":7},{"damage":54,"enemies":"Gremlin Leader","floor":25,"turns":10},{"damage":0,"enemies":"Cultist and Chosen","floor":27,"turns":7},{"damage":1,"enemies":"Slavers","floor":28,"turns":4},{"damage":0,"enemies":"Snecko","floor":29,"turns":6},{"damage":0,"enemies":"Centurion and Healer","floor":30,"turns":2},{"damage":12,"enemies":"Sentry and Sphere","floor":31,"turns":3}],"seed_played":"-5382259277431951988","potions_obtained":[{"floor":5,"key":"Block Potion"},{"floor":8,"key":"Poison Potion"},{"floor":10,"key":"FairyPotion"},{"floor":16,"key":"Block Potion"},{"floor":25,"key":"SpeedPotion"},{"floor":28,"key":"SmokeBomb"}],"is_trial":false,"path_per_floor":["M","$","?","$","M","E","R","E","T","E","M","T","M","?","R","B",null,"M","$","?","M","T","E","$","E","T","M","E","M","M","M"],"character_chosen":"DEFECT","items_purchased":["Genetic Algorithm","Undo","Cold Snap","White Noise+1","Lantern","Hologram+1","Forethought+1","Capacitor","White Noise+1"],"campfire_rested":0,"item_purchase_floors":[2,2,4,19,19,19,19,19,24],"current_hp_per_floor":[68,68,68,68,68,68,68,65,65,51,51,51,43,61,61,50,69,68,68,52,48,48,43,43,7,7,7,6,6,6,0],"gold":238,"neow_bonus":"THREE_ENEMY_KILL","is_prod":false,"is_daily":false,"chose_seed":false,"campfire_upgraded":2,"win_rate":0,"timestamp":1552248081,"path_taken":["M","$","?","$","M","E","R","E","T","E","M","?","?","?","R","BOSS","M","$","?","M","?","E","?","E","T","M","E","M","M","M"],"build_version":"2019-02-06","purchased_purges":1,"victory":false,"max_hp_per_floor":[75,75,75,75,75,75,75,75,75,75,75,75,75,75,75,75,75,75,75,75,75,75,75,75,75,75,75,75,75,75,75],"card_choices":[{"not_picked":["Steam","Stack"],"picked":"Coolheaded","floor":1},{"not_picked":["Conserve Battery","Beam Cell"],"picked":"BootSequence","floor":5},{"not_picked":["Fission","Cold Snap"],"picked":"Coolheaded","floor":6},{"not_picked":["Leap","Lockon"],"picked":"Genetic Algorithm","floor":8},{"not_picked":["Barrage","Defragment"],"picked":"Creative AI","floor":10},{"not_picked":["Barrage","Beam Cell"],"picked":"Stack+1","floor":11},{"not_picked":["Hologram+1","Aggregate+1"],"picked":"Glacier+1","floor":13},{"not_picked":["Buffer","Rainbow+1"],"picked":"Core Surge","floor":16},{"not_picked":["Recycle+1","Rebound"],"picked":"Conserve Battery+1","floor":17},{"not_picked":["Steam+1","Conserve Battery+1"],"picked":"Coolheaded+1","floor":17},{"not_picked":["Steam+1","Beam Cell"],"picked":"Aggregate+1","floor":17},{"not_picked":["Melter","Cold Snap"],"picked":"Sunder","floor":17},{"not_picked":["Chaos+1","Cold Snap"],"picked":"Conserve Battery+1","floor":17},{"not_picked":["Coolheaded+1","Go for the Eyes"],"picked":"Turbo+1","floor":18},{"not_picked":["Lockon+1","Gash"],"picked":"Scrape+1","floor":21},{"not_picked":["Cold Snap","Gash"],"picked":"Coolheaded+1","floor":23},{"not_picked":["Double Energy+1","Ball Lightning+1"],"picked":"Loop","floor":25},{"not_picked":["Meteor Strike","Gash"],"picked":"Hologram+1","floor":27},{"not_picked":["Gash+1","Fusion+1"],"picked":"Conserve Battery+1","floor":28},{"not_picked":["Steam+1","Sweeping Beam"],"picked":"Turbo+1","floor":29}],"player_experience":609869,"relics_obtained":[{"floor":6,"key":"PreservedInsect"},{"floor":8,"key":"Toxic Egg 2"},{"floor":9,"key":"Tiny Chest"},{"floor":10,"key":"Ancient Tea Set"},{"floor":20,"key":"Nilry\u0027s Codex"},{"floor":22,"key":"MawBank"},{"floor":23,"key":"Bronze Scales"},{"floor":25,"key":"Gremlin Horn"},{"floor":26,"key":"Symbiotic Virus"},{"floor":28,"key":"Pen Nib"}],"event_choices":[{"damage_healed":0,"gold_gain":175,"player_choice":"AGREE","damage_taken":0,"max_hp_gain":0,"max_hp_loss":0,"event_name":"Liars Game","floor":3,"gold_loss":0,"cards_obtained":["Doubt"]},{"damage_healed":18,"gold_gain":0,"player_choice":"Healed","damage_taken":0,"max_hp_gain":0,"max_hp_loss":0,"event_name":"The Cleric","floor":14,"gold_loss":35},{"damage_healed":0,"gold_gain":0,"player_choice":"Obtained Book","damage_taken":16,"max_hp_gain":0,"max_hp_loss":0,"event_name":"Cursed Tome","floor":20,"gold_loss":0}],"is_beta":true,"boss_relics":[{"not_picked":["Philosopher\u0027s Stone","Lizard Tail"],"picked":"Orrery"}],"items_purged_floors":[4],"is_endless":false,"potions_floor_spawned":[5,8,10,13,16,21,25,28,30],"killed_by":"Sentry and Sphere","ascension_level":9}