{"gold_per_floor":[139,149,74,149,163,163,190,190,243,263,263,277,277,277,277,408,408,427,445,466,466,484,484,484,484,484,500,518,167,167,187,187,288,288,299,299,317,317,342,342,359,359,434,444,369,17,33,51,51,51],"floor_reached":50,"playtime":1364,"items_purged":["Strike_R","Writhe"],"score":471,"play_id":"ec5a5858-4838-49bc-bbab-71e1edee0363","local_time":"20190415135922","is_ascension_mode":false,"campfire_choices":[{"data":"Body Slam","floor":6,"key":"SMITH"},{"floor":11,"key":"REST"},{"data":"Armaments","floor":13,"key":"SMITH"},{"data":"Bash","floor":15,"key":"SMITH"},{"data":"Body Slam","floor":23,"key":"SMITH"},{"data":"Clothesline","floor":25,"key":"SMITH"},{"floor":32,"key":"REST"},{"data":"Shrug It Off","floor":40,"key":"SMITH"},{"data":"Perfected Strike","floor":42,"key":"SMITH"},{"data":"True Grit","floor":49,"key":"SMITH"}],"neow_cost":"NONE","seed_source_timestamp":329932467895000,"circlet_count":0,"master_deck":["Strike_R+1","Strike_R+1","Strike_R+1","Strike_R+1","Defend_R+1","Defend_R+1","Defend_R+1","Bash+1","Body Slam+1","Cleave","Pommel Strike","Armaments+1","Perfected Strike+1","Clothesline+1","Body Slam+1","Anger+1","Shrug It Off+1","Perfected Strike+1","Perfected Strike","Thunderclap","True Grit+1","Perfected Strike","Shrug It Off+1"],"relics":["Burning Blood","Tiny Chest","Vajra","Bloody Idol","War Paint","Philosopher\u0027s Stone","Shuriken","Bird Faced Urn","Kunai","Sozu","Omamori","Sundial","Lantern","DollysMirror"],"potions_floor_usage":[7,16,28,33,33,33,33,33],"damage_taken":[{"damage":6,"enemies":"Cultist","floor":1,"turns":3},{"damage":0,"enemies":"Small Slimes","floor":2,"turns":3},{"damage":2,"enemies":"2 Louse","floor":5,"turns":3},{"damage":46,"enemies":"Lagavulin","floor":7,"turns":8},{"damage":10,"enemies":"Looter","floor":10,"turns":2},{"damage":0,"enemies":"Blue Slaver","floor":12,"turns":3},{"damage":30,"enemies":"Slime Boss","floor":16,"turns":6},{"damage":17,"enemies":"2 Thieves","floor":18,"turns":4},{"damage":0,"enemies":"Chosen","floor":19,"turns":3},{"damage":13,"enemies":"Sentry and Sphere","floor":20,"turns":4},{"damage":10,"enemies":"Centurion and Healer","floor":22,"turns":5},{"damage":21,"enemies":"3 Cultists","floor":27,"turns":5},{"damage":18,"enemies":"Snake Plant","floor":28,"turns":3},{"damage":0,"enemies":"Cultist and Chosen","floor":31,"turns":3},{"damage":48,"enemies":"Champ","floor":33,"turns":10},{"damage":9,"enemies":"3 Darklings","floor":35,"turns":3},{"damage":1,"enemies":"Orb Walker","floor":37,"turns":3},{"damage":2,"enemies":"Jaw Worm Horde","floor":41,"turns":3},{"damage":1,"enemies":"3 Darklings","floor":44,"turns":4},{"damage":5,"enemies":"Maw","floor":47,"turns":5},{"damage":15,"enemies":"4 Shapes","floor":48,"turns":4},{"damage":86,"enemies":"Donu and Deca","floor":50,"turns":5}],"seed_played":"5383508484209095915","potions_obtained":[{"floor":2,"key":"Regen Potion"},{"floor":5,"key":"FairyPotion"},{"floor":7,"key":"Fire Potion"},{"floor":18,"key":"Block Potion"},{"floor":19,"key":"EntropicBrew"},{"floor":27,"key":"AttackPotion"},{"floor":28,"key":"Poison Potion"}],"is_trial":false,"path_per_floor":["M","M","$","?","M","R","E","?","T","M","R","M","R","?","R","B",null,"M","M","M","?","M","R","?","R","T","M","M","$","?","M","R","B",null,"M","?","M","?","T","R","M","R","T","M","$","$","M","M","R","B"],"character_chosen":"IRONCLAD","items_purchased":["Kunai","True Grit","Perfected Strike","Lantern","DollysMirror"],"campfire_rested":2,"item_purchase_floors":[29,45,45,46,46],"current_hp_per_floor":[80,80,80,69,73,73,48,28,28,24,48,54,54,54,54,30,80,69,75,68,68,69,69,69,69,69,59,52,52,52,63,80,43,80,80,80,80,76,76,76,76,76,76,76,76,76,76,72,72,0],"gold":51,"neow_bonus":"RANDOM_COMMON_RELIC","is_prod":false,"is_daily":false,"chose_seed":false,"campfire_upgraded":8,"win_rate":0,"timestamp":1555329562,"path_taken":["M","M","?","?","M","R","E","?","T","M","R","M","R","?","R","BOSS","M","M","M","?","M","R","?","R","T","M","M","$","?","M","R","BOSS","M","?","M","?","?","R","M","R","T","M","?","$","M","M","R","BOSS"],"build_version":"2019-01-23","purchased_purges":2,"victory":false,"max_hp_per_floor":[80,80,80,80,80,80,80,80,80,80,80,80,80,80,80,80,80,80,80,80,80,80,80,80,80,80,80,80,80,80,80,80,80,80,80,80,80,76,76,76,76,76,76,76,76,76,76,76,76,76],"card_choices":[{"not_picked":["Twin Strike","Sword Boomerang","Armaments"],"picked":"SKIP","floor":1},{"not_picked":["Thunderclap","True Grit"],"picked":"Body Slam","floor":2},{"not_picked":["Wild Strike","Sever Soul"],"picked":"Cleave","floor":5},{"not_picked":["Iron Wave","Warcry"],"picked":"Pommel Strike","floor":7},{"not_picked":["Corruption","Rampage"],"picked":"Armaments","floor":10},{"not_picked":["Intimidate","Shockwave","Warcry"],"picked":"SKIP","floor":12},{"not_picked":["Blood for Blood","Wild Strike"],"picked":"Perfected Strike+1","floor":18},{"not_picked":["Clash","Heavy Blade+1"],"picked":"Clothesline","floor":19},{"not_picked":["Disarm+1","Intimidate"],"picked":"Body Slam","floor":20},{"not_picked":["Flex+1","Metallicize","Anger"],"picked":"SKIP","floor":22},{"not_picked":["Body Slam+1","Dropkick"],"picked":"Anger+1","floor":27},{"not_picked":["Spot Weakness+1","Iron Wave"],"picked":"Shrug It Off","floor":28},{"not_picked":["Corruption+1","Fire Breathing+1"],"picked":"Perfected Strike","floor":31},{"not_picked":["Rampage","Seeing Red+1"],"picked":"Perfected Strike","floor":35},{"not_picked":["Flex+1","Corruption","Rampage+1"],"picked":"SKIP","floor":37},{"not_picked":["Heavy Blade","Combust","Thunderclap"],"picked":"SKIP","floor":41},{"not_picked":["Heavy Blade","Combust"],"picked":"Thunderclap","floor":41},{"not_picked":["Anger","Flex+1","Rupture"],"picked":"SKIP","floor":44},{"not_picked":["Evolve","Sever Soul","Clash+1"],"picked":"SKIP","floor":47},{"not_picked":["Twin Strike","Feed","Corruption"],"picked":"SKIP","floor":48}],"player_experience":583969,"relics_obtained":[{"floor":7,"key":"Vajra"},{"floor":9,"key":"War Paint"},{"floor":26,"key":"Bird Faced Urn"},{"floor":39,"key":"Omamori"},{"floor":43,"key":"Sundial"}],"event_choices":[{"damage_healed":0,"gold_gain":75,"player_choice":"Gather Gold","damage_taken":11,"max_hp_gain":0,"max_hp_loss":0,"event_name":"World of Goop","floor":4,"gold_loss":0},{"damage_healed":0,"gold_gain":0,"player_choice":"Take Damage","damage_taken":20,"relics_obtained":["Golden Idol"],"max_hp_gain":0,"max_hp_loss":0,"event_name":"Golden Idol","floor":8,"gold_loss":0},{"damage_healed":0,"gold_gain":0,"player_choice":"Ignored","damage_taken":0,"max_hp_gain":0,"max_hp_loss":0,"event_name":"Liars Game","floor":14,"gold_loss":0},{"damage_healed":0,"gold_gain":0,"player_choice":"Gave Idol","damage_taken":0,"relics_obtained":["Bloody Idol"],"max_hp_gain":0,"max_hp_loss":0,"event_name":"Forgotten Altar","floor":21,"relics_lost":["Golden Idol"],"gold_loss":0},{"damage_healed":0,"gold_gain":0,"player_choice":"Opened","damage_taken":0,"relics_obtained":["Shuriken"],"max_hp_gain":0,"max_hp_loss":0,"event_name":"The Mausoleum","floor":24,"gold_loss":0,"cards_obtained":["Writhe"]},{"damage_healed":0,"gold_gain":0,"player_choice":"Simplicity","damage_taken":0,"max_hp_gain":0,"max_hp_loss":0,"event_name":"Back to Basics","floor":30,"gold_loss":0,"cards_upgraded":["Strike_R","Strike_R","Strike_R","Strike_R","Defend_R","Defend_R"]},{"cards_removed":["Defend_R"],"damage_healed":0,"gold_gain":0,"player_choice":"Removed Skill","damage_taken":0,"max_hp_gain":0,"max_hp_loss":0,"event_name":"Falling","floor":36,"gold_loss":0},{"damage_healed":0,"gold_gain":0,"player_choice":"Max HP","damage_taken":0,"max_hp_gain":0,"max_hp_loss":4,"event_name":"Winding Halls","floor":38,"gold_loss":0}],"is_beta":false,"boss_relics":[{"not_picked":["Eternal Feather","Mark of Pain"],"picked":"Philosopher\u0027s Stone"},{"not_picked":["Pandora\u0027s Box","Runic Dome"],"picked":"Sozu"}],"items_purged_floors":[3,29],"is_endless":false,"potions_floor_spawned":[2,5,7,18,19,27,28,37,44,48],"killed_by":"Donu and Deca","ascension_level":0}