{"gold_per_floor":[116,4,4,17,17,17,48,9,35,62,62,137,137,57,57,156,156,166,166,166,98,114,149,168,198,270,56,56,56,66,82,82,181,181,200,200,200,252,252,252,305,321,321,334,359,379,392,404,404,404],"floor_reached":50,"playtime":2515,"items_purged":["Strike_R","Defend_R"],"score":791,"play_id":"3306e05b-2168-44b8-b1a1-9b7c3c732da7","local_time":"20190129225313","is_ascension_mode":false,"campfire_choices":[{"data":"Uppercut","floor":6,"key":"SMITH"},{"data":"Shockwave","floor":11,"key":"SMITH"},{"floor":13,"key":"REST"},{"data":"Blood for Blood","floor":15,"key":"SMITH"},{"data":"Armaments","floor":28,"key":"SMITH"},{"data":"Mind Blast","floor":32,"key":"SMITH"},{"data":"Metallicize","floor":40,"key":"SMITH"},{"data":"Battle Trance","floor":49,"key":"SMITH"}],"neow_cost":"","seed_source_timestamp":0,"circlet_count":0,"master_deck":["Defend_R","Defend_R","Defend_R","Bash+1","Uppercut+1","Battle Trance+1","Corruption","Shockwave+1","Blood for Blood+1","Dropkick","Inflame","Juggernaut","Metallicize+1","Bite","Bite","Bite","Bite","Bite","Feel No Pain","Armaments+1","Pummel","Power Through","Spot Weakness","Seeing Red","Mind Blast+1","Body Slam+1","Shrug It Off","Dark Embrace","Madness","Madness","Metallicize+1","Havoc+1","Rage+1","Disarm+1","Seeing Red+1","Metallicize","Fire Breathing"],"relics":["Burning Blood","Mummified Hand","Vajra","Whetstone","Philosopher\u0027s Stone","Dodecahedron","Ice Cream","Happy Flower","Ornamental Fan","Mark of Pain","Calipers","Dream Catcher","Bottled Lightning","Pantograph"],"potions_floor_usage":[10,16,18,24,25,50],"damage_taken":[{"damage":10,"enemies":"Jaw Worm","floor":1,"turns":5},{"damage":0,"enemies":"Cultist","floor":4,"turns":3},{"damage":35,"enemies":"3 Sentries","floor":7,"turns":11},{"damage":15,"enemies":"Gremlin Nob","floor":10,"turns":4},{"damage":0,"enemies":"Slime Boss","floor":16,"turns":7},{"damage":5,"enemies":"2 Thieves","floor":18,"turns":3},{"damage":0,"enemies":"Shell Parasite","floor":22,"turns":3},{"damage":40,"enemies":"Slavers","floor":23,"turns":5},{"damage":13,"enemies":"Snake Plant","floor":24,"turns":2},{"damage":12,"enemies":"Book of Stabbing","floor":25,"turns":3},{"damage":7,"enemies":"Cultist and Chosen","floor":30,"turns":4},{"damage":1,"enemies":"3 Cultists","floor":31,"turns":4},{"damage":50,"enemies":"Automaton","floor":33,"turns":9},{"damage":16,"enemies":"3 Shapes","floor":35,"turns":2},{"damage":23,"enemies":"2 Orb Walkers","floor":38,"turns":4},{"damage":2,"enemies":"3 Darklings","floor":42,"turns":7},{"damage":37,"enemies":"Writhing Mass","floor":44,"turns":5},{"damage":14,"enemies":"Reptomancer","floor":45,"turns":6},{"damage":8,"enemies":"4 Shapes","floor":46,"turns":5},{"damage":4,"enemies":"Jaw Worm Horde","floor":47,"turns":4},{"damage":22,"enemies":"Spire Growth","floor":48,"turns":4},{"damage":72,"enemies":"Awakened One","floor":50,"turns":4}],"seed_played":"7491798464332805704","potions_obtained":[{"floor":7,"key":"Fruit Juice"},{"floor":10,"key":"PowerPotion"},{"floor":16,"key":"Block Potion"},{"floor":23,"key":"AttackPotion"},{"floor":24,"key":"PowerPotion"},{"floor":38,"key":"Energy Potion"},{"floor":46,"key":"Strength Potion"}],"is_trial":true,"path_per_floor":["M","$","?","M","$","R","E","$","T","E","R","?","R","$","R","B",null,"M","?","?","$","M","E","M","E","T","$","R","?","M","M","R","B",null,"M","?","?","?","$","R","T","M","T","M","E","M","M","M","R","B"],"character_chosen":"IRONCLAD","items_purchased":["Battle Trance","Blood for Blood","Inflame","Feel No Pain","Spot Weakness","Seeing Red"],"campfire_rested":1,"item_purchase_floors":[2,8,14,21,27,27],"current_hp_per_floor":[76,76,76,80,80,80,51,51,51,47,47,36,61,61,61,67,85,85,59,59,59,59,36,31,31,31,31,31,19,24,41,41,23,59,51,44,44,33,33,33,33,49,49,28,37,44,55,43,43,0],"gold":404,"neow_bonus":"","is_prod":false,"is_daily":false,"chose_seed":false,"campfire_upgraded":7,"win_rate":0,"timestamp":1548827593,"path_taken":["M","$","?","?","$","R","E","$","T","E","R","?","R","?","R","BOSS","M","?","?","?","?","E","M","E","T","$","R","?","M","?","R","BOSS","M","?","?","?","$","R","?","?","T","M","E","M","M","?","R","BOSS"],"build_version":"2019-01-23","purchased_purges":2,"victory":false,"max_hp_per_floor":[80,80,80,80,80,80,80,80,80,85,85,85,85,85,85,85,85,85,59,59,59,59,59,59,59,59,59,59,59,59,59,59,59,59,59,59,59,59,59,59,59,59,59,59,59,59,59,59,59,59],"card_choices":[{"not_picked":["Headbutt","Heavy Blade"],"picked":"Uppercut","floor":1},{"not_picked":["Clash","Headbutt"],"picked":"Corruption","floor":4},{"not_picked":["Second Wind","Fiend Fire"],"picked":"Shockwave","floor":7},{"not_picked":["Body Slam","Searing Blow"],"picked":"Dropkick","floor":10},{"not_picked":["Berserk","Reaper"],"picked":"Juggernaut","floor":16},{"not_picked":["True Grit","Clothesline"],"picked":"Metallicize+1","floor":18},{"not_picked":["Rupture","Corruption"],"picked":"Armaments","floor":22},{"not_picked":["Twin Strike","Clash"],"picked":"Pummel","floor":23},{"not_picked":["Sword Boomerang","Anger","Warcry"],"picked":"SKIP","floor":24},{"not_picked":["Berserk","Body Slam"],"picked":"Power Through","floor":25},{"not_picked":["Dual Wield","Reckless Charge"],"picked":"Body Slam+1","floor":30},{"not_picked":["Anger","Searing Blow"],"picked":"Shrug It Off","floor":31},{"not_picked":["Juggernaut","Double Tap"],"picked":"Dark Embrace","floor":33},{"not_picked":["Perfected Strike","Twin Strike","Clothesline"],"picked":"SKIP","floor":35},{"not_picked":["Anger+1","Cleave"],"picked":"Metallicize","floor":38},{"not_picked":["Twin Strike+1","Flex+1"],"picked":"Havoc+1","floor":42},{"not_picked":["Reckless Charge+1","Headbutt"],"picked":"Rage+1","floor":44},{"not_picked":["Perfected Strike+1","Anger"],"picked":"Disarm+1","floor":45},{"not_picked":["Armaments+1","Fire Breathing+1"],"picked":"Seeing Red+1","floor":46},{"not_picked":["Second Wind+1","Cleave"],"picked":"Metallicize","floor":47},{"not_picked":["Cleave+1","Rage+1"],"picked":"Fire Breathing","floor":48}],"player_experience":421874,"relics_obtained":[{"floor":7,"key":"Mummified Hand"},{"floor":9,"key":"Vajra"},{"floor":10,"key":"Whetstone"},{"floor":23,"key":"Ice Cream"},{"floor":25,"key":"Happy Flower"},{"floor":26,"key":"Ornamental Fan"},{"floor":38,"key":"Calipers"},{"floor":41,"key":"Dream Catcher"},{"floor":43,"key":"Bottled Lightning"},{"floor":45,"key":"Pantograph"}],"event_choices":[{"cards_removed":["Strike_R"],"damage_healed":0,"gold_gain":0,"player_choice":"Purged","damage_taken":0,"max_hp_gain":0,"max_hp_loss":0,"event_name":"Purifier","floor":3,"gold_loss":0},{"damage_healed":0,"gold_gain":75,"player_choice":"Gather Gold","damage_taken":11,"max_hp_gain":0,"max_hp_loss":0,"event_name":"World of Goop","floor":12,"gold_loss":0},{"damage_healed":0,"gold_gain":0,"player_choice":"Became a vampire","damage_taken":0,"max_hp_gain":0,"max_hp_loss":26,"event_name":"Vampires","floor":19,"gold_loss":0,"cards_obtained":["Bite","Bite","Bite","Bite","Bite"]},{"damage_healed":0,"gold_gain":0,"player_choice":"Opened","damage_taken":0,"relics_obtained":["Dodecahedron"],"max_hp_gain":0,"max_hp_loss":0,"event_name":"The Mausoleum","floor":20,"gold_loss":0},{"damage_healed":0,"gold_gain":0,"player_choice":"CARD ","damage_taken":12,"max_hp_gain":0,"max_hp_loss":0,"event_name":"Knowing Skull","floor":29,"potions_obtained":[],"gold_loss":0,"cards_obtained":["Mind Blast"]},{"damage_healed":0,"gold_gain":0,"player_choice":"Embrace Madness","damage_taken":7,"max_hp_gain":0,"max_hp_loss":0,"event_name":"Winding Halls","floor":36,"gold_loss":0,"cards_obtained":["Madness","Madness"]},{"damage_healed":0,"gold_gain":0,"player_choice":"Ignored","damage_taken":0,"max_hp_gain":0,"max_hp_loss":0,"event_name":"Tomb of Lord Red Mask","floor":37,"gold_loss":0},{"damage_healed":0,"gold_gain":0,"player_choice":"Fight","damage_taken":0,"max_hp_gain":0,"max_hp_loss":0,"event_name":"Mysterious Sphere","floor":38,"gold_loss":0}],"is_beta":true,"boss_relics":[{"not_picked":["Velvet Choker","White Beast Statue"],"picked":"Philosopher\u0027s Stone"},{"not_picked":["Lizard Tail","Empty Cage"],"picked":"Mark of Pain"}],"items_purged_floors":[2,27],"is_endless":true,"potions_floor_spawned":[7,10,16,23,24,38,46],"killed_by":"Awakened One","ascension_level":0}