{"gold_per_floor":[116,36,36,0,175,175,194,225,225,225,246,267,303,318,318,448,448,462,587,502,35,51,85,85,85],"floor_reached":25,"playtime":2223,"items_purged":["Doubt"],"score":431,"play_id":"1b8b66f0-bf7a-4457-b43a-0ad843bb6f9f","local_time":"20190412202807","is_ascension_mode":true,"campfire_choices":[{"data":"Conserve Battery","floor":6,"key":"SMITH"},{"floor":15,"key":"REST"},{"floor":24,"key":"REST"}],"neow_cost":"NONE","seed_source_timestamp":2231592068009700,"circlet_count":0,"master_deck":["AscendersBane","Strike_B","Strike_B","Strike_B+1","Strike_B","Defend_B","Defend_B+1","Defend_B","Defend_B","Zap","Dualcast","Conserve Battery+1","Hologram","Leap","BootSequence","Coolheaded","Electrodynamics","Self Repair","Steam","Seek","Sweeping Beam+1","Recycle","Cold Snap"],"relics":["Cracked Core","NeowsBlessing","Ancient Tea Set","Strawberry","Golden Idol","Singing Bowl","Black Star","Girya","Mummified Hand","Anchor","Dead Branch","Matryoshka","PreservedInsect"],"potions_floor_usage":[11,13,16,18,19],"damage_taken":[{"damage":0,"enemies":"Cultist","floor":1,"turns":1},{"damage":0,"enemies":"2 Louse","floor":7,"turns":1},{"damage":0,"enemies":"Lagavulin","floor":8,"turns":1},{"damage":0,"enemies":"Small Slimes","floor":11,"turns":3},{"damage":0,"enemies":"2 Fungi Beasts","floor":12,"turns":4},{"damage":2,"enemies":"3 Sentries","floor":13,"turns":5},{"damage":0,"enemies":"3 Louse","floor":14,"turns":3},{"damage":55,"enemies":"The Guardian","floor":16,"turns":22},{"damage":25,"enemies":"Chosen","floor":18,"turns":7},{"damage":12,"enemies":"Colosseum Slavers","floor":19,"turns":6},{"damage":50,"enemies":"Colosseum Nobs","floor":19,"turns":5},{"damage":5,"enemies":"Shell Parasite","floor":22,"turns":17},{"damage":25,"enemies":"Gremlin Leader","floor":23,"turns":9},{"damage":43,"enemies":"Book of Stabbing","floor":25,"turns":5}],"seed_played":"-5510720102930474026","potions_obtained":[{"floor":8,"key":"EssenceOfSteel"},{"floor":11,"key":"Fruit Juice"},{"floor":12,"key":"FairyPotion"},{"floor":14,"key":"Dexterity Potion"},{"floor":16,"key":"Ancient Potion"},{"floor":18,"key":"Energy Potion"}],"is_trial":false,"path_per_floor":["M","$","?","$","?","R","M","E","T","?","M","M","E","M","R","B",null,"M","?","?","$","M","E","R","E"],"character_chosen":"DEFECT","items_purchased":["Hologram","Leap","BootSequence","Dead Branch","Recycle"],"campfire_rested":2,"item_purchase_floors":[2,2,4,21,21],"current_hp_per_floor":[68,68,53,53,53,53,53,53,60,40,45,52,59,61,88,40,78,62,14,14,14,18,11,39,0],"gold":85,"neow_bonus":"THREE_ENEMY_KILL","is_prod":false,"is_daily":false,"chose_seed":false,"campfire_upgraded":1,"win_rate":0,"timestamp":1555126087,"path_taken":["M","$","?","$","?","R","M","E","T","?","M","M","E","M","R","BOSS","M","?","?","?","M","E","R","E"],"build_version":"2019-04-04","purchased_purges":1,"victory":false,"max_hp_per_floor":[75,75,75,75,75,75,75,75,82,82,87,87,89,91,91,91,91,93,93,93,93,95,95,95,95],"card_choices":[{"not_picked":["Streamline","Barrage"],"picked":"Conserve Battery","floor":1},{"not_picked":["Rebound","Turbo"],"picked":"Coolheaded","floor":7},{"not_picked":["Glacier","Recycle"],"picked":"Electrodynamics","floor":8},{"not_picked":["Storm","Gash"],"picked":"Self Repair","floor":11},{"not_picked":["Barrage","Rip and Tear"],"picked":"Steam","floor":12},{"not_picked":["Go for the Eyes","Scrape","All For One"],"picked":"Singing Bowl","floor":13},{"not_picked":["Fusion","Streamline","Aggregate"],"picked":"Singing Bowl","floor":14},{"not_picked":["Reboot","Multi-Cast"],"picked":"Seek","floor":16},{"not_picked":["Reinforced Body","Lockon","Sweeping Beam"],"picked":"Singing Bowl","floor":18},{"not_picked":["Rebound+1","Hologram"],"picked":"Sweeping Beam+1","floor":19},{"not_picked":["Reinforced Body","Stack","Sweeping Beam"],"picked":"Singing Bowl","floor":22},{"not_picked":["Meteor Strike","Fusion"],"picked":"Cold Snap","floor":23}],"player_experience":668037,"relics_obtained":[{"floor":8,"key":"Ancient Tea Set"},{"floor":9,"key":"Strawberry"},{"floor":13,"key":"Singing Bowl"},{"floor":19,"key":"Girya"},{"floor":19,"key":"Mummified Hand"},{"floor":23,"key":"Matryoshka"},{"floor":23,"key":"PreservedInsect"}],"event_choices":[{"damage_healed":0,"gold_gain":0,"player_choice":"Entered Light","damage_taken":15,"max_hp_gain":0,"max_hp_loss":0,"event_name":"Shining Light","floor":3,"gold_loss":0,"cards_upgraded":["Defend_B","Strike_B"]},{"damage_healed":0,"gold_gain":175,"player_choice":"AGREE","damage_taken":0,"max_hp_gain":0,"max_hp_loss":0,"event_name":"Liars Game","floor":5,"gold_loss":0,"cards_obtained":["Doubt"]},{"damage_healed":0,"gold_gain":0,"player_choice":"Take Damage","damage_taken":20,"relics_obtained":["Golden Idol"],"max_hp_gain":0,"max_hp_loss":0,"event_name":"Golden Idol","floor":10,"gold_loss":0},{"damage_healed":0,"gold_gain":0,"player_choice":"Fight","damage_taken":0,"max_hp_gain":0,"max_hp_loss":0,"event_name":"Colosseum","floor":19,"gold_loss":0},{"damage_healed":0,"gold_gain":0,"player_choice":"Fought Nobs","damage_taken":0,"max_hp_gain":0,"max_hp_loss":0,"event_name":"Colosseum","floor":19,"gold_loss":0},{"damage_healed":0,"gold_gain":0,"player_choice":"Obtained Relic","damage_taken":0,"relics_obtained":["Anchor"],"max_hp_gain":0,"max_hp_loss":0,"event_name":"Addict","floor":20,"gold_loss":85}],"is_beta":true,"boss_relics":[{"not_picked":["White Beast Statue","Empty Cage"],"picked":"Black Star"}],"items_purged_floors":[21],"is_endless":false,"potions_floor_spawned":[8,11,12,14,16,18,19],"killed_by":"Book of Stabbing","ascension_level":12}