{"gold_per_floor":[118,44,54,54,16,16,41,55,80,109,109,119,151,171,171,266,266,278,292,302,227,237,237,254,283,283,302,320,29,29,29,29,124,124,140,160,172,172,132,132,146,146,146,99,114,132,0,10,10,10,10,10,10,43,43],"floor_reached":55,"playtime":2580,"items_purged":["Strike_R"],"score":768,"play_id":"411c4879-e447-4954-98f8-7605ca5ac628","local_time":"20181115143733","is_ascension_mode":false,"campfire_choices":[{"data":"True Grit","floor":6.0,"key":"SMITH"},{"data":"Flame Barrier","floor":11.0,"key":"SMITH"},{"data":"Spot Weakness","floor":15.0,"key":"SMITH"},{"floor":23.0,"key":"REST"},{"floor":30.0,"key":"REST"},{"floor":32.0,"key":"RECALL"},{"floor":40.0,"key":"REST"},{"floor":42.0,"key":"REST"},{"floor":49.0,"key":"REST"},{"floor":52.0,"key":"REST"}],"neow_cost":"NONE","seed_source_timestamp":0,"circlet_count":0,"master_deck":["Strike_R","Strike_R","Strike_R","Defend_R","Defend_R","Defend_R","Defend_R","Bash","Spot Weakness+1","Headbutt","True Grit+1","Inflame","Metallicize","Cleave","Heavy Blade","Flame Barrier+1","Pommel Strike","Dual Wield","Juggernaut+1","Battle Trance","Power Through+1","True Grit+1","Sentinel+1","Heavy Blade+1","Body Slam+1","Feed","Shrug It Off+1","Disarm+1","Feel No Pain+1","True Grit+1","Shrug It Off","Rage","Havoc+1","Warcry","Juggernaut","Havoc+1"],"special_seed":0,"relics":["Burning Blood","NeowsBlessing","Lantern","Dream Catcher","Happy Flower","Oddly Smooth Stone","Fusion Hammer","Blue Candle","Sundial","Prayer Wheel","MutagenicStrength","Sozu","Red Mask","Nunchaku"],"potions_floor_usage":[54],"damage_taken":[{"damage":0.0,"enemies":"2 Louse","floor":1.0,"turns":1.0},{"damage":0.0,"enemies":"Cultist","floor":3.0,"turns":1.0},{"damage":0.0,"enemies":"3 Sentries","floor":7.0,"turns":2.0},{"damage":11.0,"enemies":"Jaw Worm","floor":8.0,"turns":3.0},{"damage":23.0,"enemies":"Lagavulin","floor":10.0,"turns":8.0},{"damage":10.0,"enemies":"Exordium Thugs","floor":12.0,"turns":5.0},{"damage":1.0,"enemies":"3 Sentries","floor":13.0,"turns":6.0},{"damage":0.0,"enemies":"Lots of Slimes","floor":14.0,"turns":2.0},{"damage":32.0,"enemies":"Slime Boss","floor":16.0,"turns":9.0},{"damage":16.0,"enemies":"3 Byrds","floor":18.0,"turns":5.0},{"damage":12.0,"enemies":"Shell Parasite","floor":19.0,"turns":6.0},{"damage":2.0,"enemies":"Snecko","floor":20.0,"turns":6.0},{"damage":20.0,"enemies":"Snake Plant","floor":22.0,"turns":4.0},{"damage":13.0,"enemies":"Sentry and Sphere","floor":24.0,"turns":5.0},{"damage":6.0,"enemies":"Slavers","floor":25.0,"turns":5.0},{"damage":9.0,"enemies":"3 Cultists","floor":27.0,"turns":6.0},{"damage":0.0,"enemies":"Snake Plant","floor":28.0,"turns":4.0},{"damage":50.0,"enemies":"Collector","floor":33.0,"turns":9.0},{"damage":0.0,"enemies":"3 Shapes","floor":35.0,"turns":4.0},{"damage":6.0,"enemies":"Orb Walker","floor":36.0,"turns":3.0},{"damage":32.0,"enemies":"Spire Growth","floor":37.0,"turns":5.0},{"damage":0.0,"enemies":"4 Shapes","floor":41.0,"turns":7.0},{"damage":7.0,"enemies":"Maw","floor":45.0,"turns":8.0},{"damage":30.0,"enemies":"Transient","floor":46.0,"turns":5.0},{"damage":21.0,"enemies":"Writhing Mass","floor":48.0,"turns":5.0},{"damage":48.0,"enemies":"Awakened One","floor":50.0,"turns":14.0},{"damage":70,"enemies":"Shield and Spear","floor":54,"turns":6},{"damage":21,"enemies":"The Heart","floor":55,"turns":2}],"seed_played":"-201720347034628778","potions_obtained":[{"floor":7.0,"key":"SpeedPotion"},{"floor":8.0,"key":"GamblersBrew"},{"floor":10.0,"key":"SpeedPotion"},{"floor":12.0,"key":"Strength Potion"},{"floor":14.0,"key":"BloodPotion"},{"floor":22.0,"key":"SkillPotion"},{"floor":27.0,"key":"Explosive Potion"},{"floor":33.0,"key":"PowerPotion"}],"is_trial":false,"path_per_floor":["M","$","M","?","$","R","E","M","T","E","R","M","E","M","R","B",null,"M","M","M","$","M","R","M","E","T","M","M","$","R","?","R","B",null,"M","M","M","$","?","R","M","R","T","$","M","M","?","M","R","B",null,"R","$","E","B"],"character_chosen":"IRONCLAD","items_purchased":["Headbutt","True Grit","Metallicize","Prayer Wheel","Shrug It Off"],"campfire_rested":6,"item_purchase_floors":[2,2,5,29,44],"current_hp_per_floor":[80,80,80,80,80,80,80,75,75,58,58,54,59,65,65,39,80,70,64,68,68,54,78,71,71,71,68,74,74,80,80,80,36,80,80,80,54,54,54,78,80,80,80,80,79,55,55,51,75,33,83,83,83,19,0],"gold":43,"neow_bonus":"THREE_ENEMY_KILL","is_prod":false,"is_daily":false,"chose_seed":false,"campfire_upgraded":3,"win_rate":0,"timestamp":1542289053,"path_taken":["M","$","M","?","$","R","E","M","T","E","R","M","E","M","R","BOSS","M","M","M","$","M","R","M","E","T","M","?","$","R","?","R","BOSS","M","M","M","$","?","R","M","R","T","?","M","?","?","M","R","BOSS","R","$","E","BOSS"],"build_version":"2018-11-14","purchased_purges":1,"victory":false,"max_hp_per_floor":[80,80,80,80,80,80,80,80,80,80,80,80,80,80,80,80,80,80,80,80,80,80,80,80,80,80,80,80,80,80,80,80,80,80,80,80,80,80,80,80,80,80,80,80,80,80,80,83,83,83,83,83,83,83,83],"card_choices":[{"not_picked":["Flex","Twin Strike"],"picked":"Spot Weakness","floor":1.0},{"not_picked":["Perfected Strike","Headbutt"],"picked":"Inflame","floor":3.0},{"not_picked":["Carnage","Armaments"],"picked":"Cleave","floor":7.0},{"not_picked":["Clothesline","Clash"],"picked":"Heavy Blade","floor":8.0},{"not_picked":["Bloodletting","Fiend Fire"],"picked":"Flame Barrier","floor":10.0},{"not_picked":["Spot Weakness","Cleave"],"picked":"Pommel Strike","floor":12.0},{"not_picked":["Shockwave","True Grit"],"picked":"Dual Wield","floor":13.0},{"not_picked":["Thunderclap","Second Wind","Intimidate"],"picked":"SKIP","floor":14.0},{"not_picked":["Offering","Barricade"],"picked":"Juggernaut","floor":16.0},{"not_picked":["Armaments+1","Cleave","Sever Soul+1"],"picked":"SKIP","floor":18.0},{"not_picked":["Thunderclap+1","Ghostly Armor"],"picked":"Battle Trance","floor":19.0},{"not_picked":["Perfected Strike","Havoc","Hemokinesis"],"picked":"SKIP","floor":20.0},{"not_picked":["Armaments","Barricade"],"picked":"Power Through+1","floor":22.0},{"not_picked":["Anger+1","Shockwave+1"],"picked":"True Grit+1","floor":24.0},{"not_picked":["Rupture","Pommel Strike","Bloodletting+1"],"picked":"SKIP","floor":25.0},{"not_picked":["Pommel Strike","Anger"],"picked":"Sentinel+1","floor":27.0},{"not_picked":["Thunderclap","Wild Strike"],"picked":"Heavy Blade+1","floor":28.0},{"not_picked":["Pummel+1","Headbutt"],"picked":"Body Slam+1","floor":30.0},{"not_picked":["Immolate","Brutality"],"picked":"Feed","floor":33.0},{"not_picked":["Thunderclap","Headbutt"],"picked":"Shrug It Off+1","floor":35.0},{"not_picked":["Evolve","Cleave","Pummel"],"picked":"SKIP","floor":35.0},{"not_picked":["Carnage","Sentinel","Clothesline"],"picked":"SKIP","floor":36.0},{"not_picked":["Clash+1","Iron Wave","Body Slam"],"picked":"SKIP","floor":36.0},{"not_picked":["Twin Strike+1","Havoc","Seeing Red"],"picked":"SKIP","floor":37.0},{"not_picked":["Sentinel+1","Reckless Charge+1","Wild Strike+1"],"picked":"SKIP","floor":37.0},{"not_picked":["Reckless Charge","Flex"],"picked":"Disarm+1","floor":40.0},{"not_picked":["Cleave","Wild Strike"],"picked":"Feel No Pain+1","floor":41.0},{"not_picked":["Armaments","Anger","Impervious"],"picked":"SKIP","floor":41.0},{"not_picked":["Battle Trance","Iron Wave"],"picked":"True Grit+1","floor":42.0},{"not_picked":["Pommel Strike","Whirlwind"],"picked":"Rage","floor":45.0},{"not_picked":["Spot Weakness+1","Dropkick","Iron Wave+1"],"picked":"SKIP","floor":45.0},{"not_picked":["Iron Wave+1","Sever Soul+1","Searing Blow"],"picked":"SKIP","floor":46.0},{"not_picked":["Combust+1","Twin Strike+1","Thunderclap"],"picked":"SKIP","floor":46.0},{"not_picked":["Thunderclap+1","Dual Wield"],"picked":"Havoc+1","floor":48.0},{"not_picked":["Twin Strike+1","Blood for Blood","Rupture"],"picked":"SKIP","floor":48.0},{"not_picked":["Carnage","Armaments+1"],"picked":"Warcry","floor":49.0},{"not_picked":["Armaments+1","Pommel Strike+1"],"picked":"Juggernaut","floor":52.0},{"not_picked":["Cleave","Inflame+1"],"picked":"Havoc+1","floor":54}],"player_experience":770690,"relics_obtained":[{"floor":7.0,"key":"Lantern"},{"floor":9.0,"key":"Dream Catcher"},{"floor":10.0,"key":"Happy Flower"},{"floor":13.0,"key":"Oddly Smooth Stone"},{"floor":25.0,"key":"Blue Candle"},{"floor":26.0,"key":"Sundial"},{"floor":54,"key":"Nunchaku"}],"event_choices":[{"cards_removed":["Strike_R"],"damage_healed":0.0,"max_hp_gain":0.0,"max_hp_loss":0.0,"gold_gain":0.0,"event_name":"Purifier","player_choice":"Purged","floor":4.0,"gold_loss":0.0,"damage_taken":0.0},{"damage_healed":0.0,"max_hp_gain":0.0,"max_hp_loss":0.0,"gold_gain":0.0,"event_name":"Drug Dealer","player_choice":"Inject Mutagens","floor":31.0,"gold_loss":0.0,"damage_taken":0.0,"relics_obtained":["MutagenicStrength"]},{"damage_healed":0.0,"max_hp_gain":0.0,"max_hp_loss":0.0,"gold_gain":0.0,"event_name":"Designer","player_choice":"Upgrade","floor":39.0,"gold_loss":40.0,"damage_taken":0.0,"cards_upgraded":["Juggernaut"]},{"damage_healed":0.0,"max_hp_gain":0.0,"max_hp_loss":0.0,"gold_gain":0.0,"event_name":"Tomb of Lord Red Mask","player_choice":"Paid","floor":47.0,"gold_loss":132.0,"damage_taken":0.0,"relics_obtained":["Red Mask"]}],"is_beta":true,"boss_relics":[{"not_picked":["Eternal Feather","Lizard Tail"],"picked":"Fusion Hammer"},{"not_picked":["Empty Cage","Tiny House"],"picked":"Sozu"}],"items_purged_floors":[21],"is_endless":false,"potions_floor_spawned":[7,8,10,12,14,19,22,24,27,33,35,45,46],"killed_by":"The Heart","ascension_level":0}