{"gold_per_floor":[99,99,99,99,99,99,99,99,99,99,99,99,24,24,24,24,24,24,24,24,24,24,24,24],"floor_reached":24,"playtime":536,"items_purged":[],"score":206,"play_id":"392feecc-8f77-4d64-9e3c-a9fc6e6be7bc","local_time":"20190325025713","is_ascension_mode":true,"campfire_choices":[{"data":"Perfected Strike","floor":6,"key":"SMITH"},{"data":"Bash","floor":8,"key":"SMITH"},{"data":"Defend_R","floor":11,"key":"SMITH"},{"floor":15,"key":"REST"},{"floor":23,"key":"REST"}],"neow_cost":"NONE","seed_source_timestamp":538186955208200,"circlet_count":0,"master_deck":["Strike_R","Strike_R","Strike_R+1","Strike_R","Strike_R","Defend_R","Defend_R+1","Defend_R","Defend_R+1","Bash+1","Perfected Strike+1","Dropkick","Impervious","Dropkick"],"relics":["Ectoplasm"],"potions_floor_usage":[19,22],"damage_taken":[{"damage":0,"enemies":"2 Louse","floor":1,"turns":3},{"damage":2,"enemies":"Small Slimes","floor":3,"turns":4},{"damage":1,"enemies":"Cultist","floor":4,"turns":3},{"damage":17,"enemies":"3 Sentries","floor":7,"turns":9},{"damage":4,"enemies":"Gremlin Gang","floor":12,"turns":4},{"damage":8,"enemies":"Lots of Slimes","floor":14,"turns":4},{"damage":16,"enemies":"Slime Boss","floor":16,"turns":7},{"damage":10,"enemies":"Chosen","floor":18,"turns":4},{"damage":12,"enemies":"3 Byrds","floor":19,"turns":6},{"damage":21,"enemies":"Snake Plant","floor":22,"turns":3},{"damage":54,"enemies":"Slavers","floor":24,"turns":5}],"seed_played":"95937122828108806","potions_obtained":[{"floor":4,"key":"Swift Potion"},{"floor":7,"key":"Swift Potion"},{"floor":18,"key":"Poison Potion"},{"floor":19,"key":"SteroidPotion"}],"is_trial":false,"path_per_floor":["M","?","M","M","?","R","E","R","T","?","R","M","$","M","R","B",null,"M","M","?","$","M","R","E"],"character_chosen":"IRONCLAD","items_purchased":["Dropkick"],"campfire_rested":2,"item_purchase_floors":[13],"current_hp_per_floor":[80,69,67,66,66,66,49,49,49,33,33,29,29,21,45,29,80,70,58,50,50,29,53,0],"gold":24,"neow_bonus":"BOSS_RELIC","is_prod":false,"is_daily":false,"chose_seed":false,"campfire_upgraded":3,"win_rate":0,"timestamp":1553507833,"path_taken":["M","?","M","M","?","R","E","R","T","?","R","M","$","M","R","BOSS","M","M","?","$","M","R","E"],"build_version":"2019-01-23","purchased_purges":0,"victory":false,"max_hp_per_floor":[80,80,80,80,80,80,80,80,80,80,80,80,80,80,80,80,80,80,80,80,80,80,80,80],"card_choices":[{"not_picked":["Wild Strike","True Grit","Heavy Blade"],"picked":"SKIP","floor":1},{"not_picked":["True Grit","Havoc","Heavy Blade"],"picked":"SKIP","floor":3},{"not_picked":["Clash","Reaper"],"picked":"Perfected Strike","floor":4},{"not_picked":["Power Through","Rupture","Fiend Fire"],"picked":"SKIP","floor":7},{"not_picked":["Rampage","Rage","Hemokinesis"],"picked":"SKIP","floor":12},{"not_picked":["Armaments","Ghostly Armor","Twin Strike"],"picked":"SKIP","floor":14},{"not_picked":["Brutality","Feed"],"picked":"Impervious","floor":16},{"not_picked":["Inflame","Headbutt+1","Anger"],"picked":"SKIP","floor":18},{"not_picked":["Headbutt","True Grit","Twin Strike+1"],"picked":"SKIP","floor":19},{"not_picked":["Headbutt","True Grit","Twin Strike+1"],"picked":"SKIP","floor":19},{"not_picked":["Warcry+1","Shrug It Off"],"picked":"Dropkick","floor":22}],"player_experience":845533,"relics_obtained":[],"event_choices":[{"damage_healed":0,"gold_gain":75,"player_choice":"Gather Gold","damage_taken":11,"max_hp_gain":0,"max_hp_loss":0,"event_name":"World of Goop","floor":2,"gold_loss":0},{"damage_healed":0,"gold_gain":0,"player_choice":"Fled","damage_taken":0,"max_hp_gain":0,"max_hp_loss":0,"event_name":"Scrap Ooze","floor":5,"gold_loss":0},{"damage_healed":0,"gold_gain":0,"player_choice":"Entered Light","damage_taken":16,"max_hp_gain":0,"max_hp_loss":0,"event_name":"Shining Light","floor":10,"gold_loss":0,"cards_upgraded":["Defend_R","Strike_R"]},{"damage_healed":0,"gold_gain":75,"player_choice":"Touch","damage_taken":8,"max_hp_gain":0,"max_hp_loss":0,"event_name":"FaceTrader","floor":20,"gold_loss":0}],"is_beta":false,"boss_relics":[{"not_picked":["Sozu","Lizard Tail","Tiny House"]}],"items_purged_floors":[],"is_endless":false,"potions_floor_spawned":[4,7,18,19],"killed_by":"Slavers","ascension_level":1}