{"gold_per_floor":[119,131,142,66,78,112,112,139,139,159,190,206,226,261,261,366,366,352,362,14,14,34,34],"floor_reached":23,"playtime":5343,"items_purged":[],"score":304,"play_id":"a8bba93a-8433-4f96-a770-d572dddbfb5e","local_time":"20190429143102","is_ascension_mode":true,"campfire_choices":[{"floor":7,"key":"RECALL"},{"floor":15,"key":"REST"}],"neow_cost":"NONE","seed_source_timestamp":1037043120750620,"circlet_count":0,"master_deck":["Strike_B","Strike_B","Strike_B","Defend_B","Defend_B","Defend_B","Defend_B","Zap","Dualcast","Double Energy","Rebound","Glacier","Self Repair","Reprogram","Static Discharge","Blizzard","Storm","Self Repair","Conserve Battery","Storm","Chill","Echo Form","Streamline","Loop","Self Repair"],"relics":["FrozenCore","NeowsBlessing","Orichalcum","Bottled Flame","Unceasing Top","Turnip","Pantograph","Calipers"],"potions_floor_usage":[6,8,8,16,16],"damage_taken":[{"damage":0,"enemies":"Cultist","floor":1,"turns":1},{"damage":0,"enemies":"2 Louse","floor":2,"turns":1},{"damage":0,"enemies":"Jaw Worm","floor":3,"turns":1},{"damage":7,"enemies":"Looter","floor":5,"turns":4},{"damage":27,"enemies":"Lagavulin","floor":6,"turns":8},{"damage":10,"enemies":"Gremlin Nob","floor":8,"turns":4},{"damage":0,"enemies":"Large Slime","floor":10,"turns":6},{"damage":15,"enemies":"3 Sentries","floor":11,"turns":10},{"damage":12,"enemies":"Red Slaver","floor":12,"turns":3},{"damage":7,"enemies":"Exordium Wildlife","floor":13,"turns":4},{"damage":36,"enemies":"Gremlin Nob","floor":14,"turns":6},{"damage":41,"enemies":"Hexaghost","floor":16,"turns":10},{"damage":16,"enemies":"2 Thieves","floor":18,"turns":5},{"damage":21,"enemies":"Shell Parasite","floor":19,"turns":10},{"damage":34,"enemies":"Snake Plant","floor":22,"turns":4},{"damage":43,"enemies":"Gremlin Leader","floor":23,"turns":4}],"seed_played":"-6040108720835550820","potions_obtained":[{"floor":1,"key":"SmokeBomb"},{"floor":3,"key":"AttackPotion"},{"floor":5,"key":"LiquidBronze"},{"floor":6,"key":"FocusPotion"},{"floor":11,"key":"FocusPotion"},{"floor":12,"key":"FearPotion"},{"floor":16,"key":"Swift Potion"},{"floor":18,"key":"FearPotion"}],"is_trial":false,"path_per_floor":["M","M","M","$","M","E","R","E","T","M","E","M","M","E","R","B",null,"M","M","$","?","M","E"],"character_chosen":"DEFECT","items_purchased":["Self Repair","Calipers","Loop"],"campfire_rested":1,"item_purchase_floors":[4,20,20],"current_hp_per_floor":[68,68,68,68,68,48,48,45,45,52,44,46,53,31,53,48,68,66,59,59,59,39,0],"gold":34,"neow_bonus":"THREE_ENEMY_KILL","is_prod":false,"is_daily":false,"chose_seed":false,"campfire_upgraded":0,"win_rate":0,"timestamp":1556573462,"path_taken":["M","M","M","$","M","E","R","E","T","M","E","M","M","E","R","BOSS","M","M","$","?","M","E"],"build_version":"2019-01-23","purchased_purges":0,"victory":false,"max_hp_per_floor":[75,75,75,75,75,75,75,75,75,75,75,75,75,75,75,75,75,75,75,75,75,75,75],"card_choices":[{"not_picked":["Barrage","Rebound"],"picked":"Double Energy","floor":1},{"not_picked":["Go for the Eyes","White Noise"],"picked":"Rebound","floor":2},{"not_picked":["Leap","Doom and Gloom"],"picked":"Glacier","floor":3},{"not_picked":["Darkness","Beam Cell"],"picked":"Reprogram","floor":5},{"not_picked":["Reprogram","Darkness"],"picked":"Static Discharge","floor":6},{"not_picked":["Rebound","Redo"],"picked":"Blizzard","floor":8},{"not_picked":["White Noise","Rebound"],"picked":"Storm","floor":10},{"not_picked":["Compile Driver","Gash"],"picked":"Self Repair","floor":11},{"not_picked":["Rip and Tear","Heatsinks"],"picked":"Conserve Battery","floor":12},{"not_picked":["Steam","Capacitor"],"picked":"Storm","floor":13},{"not_picked":["Rebound","Fusion"],"picked":"Chill","floor":14},{"not_picked":["Seek","Buffer"],"picked":"Echo Form","floor":16},{"not_picked":["Cold Snap","Redo","Stack"],"picked":"SKIP","floor":18},{"not_picked":["Heatsinks","Go for the Eyes"],"picked":"Streamline","floor":19},{"not_picked":["Coolheaded+1","Compile Driver+1"],"picked":"Self Repair","floor":22}],"player_experience":1216679,"relics_obtained":[{"floor":6,"key":"Orichalcum"},{"floor":8,"key":"Bottled Flame"},{"floor":9,"key":"Unceasing Top"},{"floor":11,"key":"Turnip"},{"floor":14,"key":"Pantograph"}],"event_choices":[{"cards_removed":["Strike_B"],"damage_healed":0,"gold_gain":0,"player_choice":"Purged","damage_taken":0,"max_hp_gain":0,"max_hp_loss":0,"event_name":"Purifier","floor":21,"gold_loss":0}],"is_beta":false,"boss_relics":[{"not_picked":["Snecko Eye","Pandora\u0027s Box"],"picked":"FrozenCore"}],"items_purged_floors":[],"is_endless":false,"potions_floor_spawned":[1,3,5,6,11,12,16,18],"killed_by":"Gremlin Leader","ascension_level":7}