{"gold_per_floor":[111,186,186,136,7,48,48,48,48,22,22,40,60,73,73,199,262,283,382,0,0,24,24,58,58,58,58,58,96,46,62,62,185,185,203,37,62,0,125,125,125,125,149,165,225,225,248,266,266,266],"floor_reached":51,"playtime":2108,"items_purged":["Strike_G"],"score":871,"play_id":"453b52e8-febb-44bb-a0f4-7912f0b0d146","local_time":"20190411011432","is_ascension_mode":true,"campfire_choices":[{"floor":7,"key":"REST"},{"data":"Dagger Spray","floor":11,"key":"SMITH"},{"data":"Dash","floor":15,"key":"SMITH"},{"data":"Envenom","floor":23,"key":"SMITH"},{"floor":25,"key":"REST"},{"data":"Terror","floor":28,"key":"SMITH"},{"floor":32,"key":"REST"},{"data":"Neutralize","floor":40,"key":"SMITH"},{"data":"1","floor":42,"key":"LIFT"},{"data":"2","floor":46,"key":"LIFT"},{"floor":49,"key":"REST"}],"neow_cost":"NONE","seed_source_timestamp":35367323261620,"circlet_count":0,"master_deck":["Defend_G","Defend_G","Defend_G","Defend_G","Strike_G","Strike_G","Strike_G","Survivor","Neutralize+1","Cloak And Dagger","Quick Slash","Deflect","PiercingWail","Endless Agony+1","Parasite","Dagger Spray+1","Dodge and Roll","Dash+1","Envenom+1","PiercingWail","Blur","Blade Dance","Sucker Punch","Backflip","Terror+1","Choke","Escape Plan","After Image","Expertise+1","Expertise","Footwork","Sucker Punch+1","Endless Agony+1","PiercingWail","Footwork","Dodge and Roll+1"],"relics":["Philosopher\u0027s Stone","Golden Idol","Dream Catcher","Matryoshka","Tiny House","Vajra","Centennial Puzzle","Oddly Smooth Stone","Omamori","Smiling Mask","Pear","Kunai","Sozu","Red Mask","Girya","Bronze Scales","Shovel","Regal Pillow"],"potions_floor_usage":[6,16,16,16,22,29,29,48],"damage_taken":[{"damage":8,"enemies":"Jaw Worm","floor":1,"turns":4},{"damage":26,"enemies":"Lagavulin","floor":6,"turns":12},{"damage":0,"enemies":"Small Slimes","floor":12,"turns":3},{"damage":1,"enemies":"2 Louse","floor":13,"turns":2},{"damage":6,"enemies":"Blue Slaver","floor":14,"turns":3},{"damage":21,"enemies":"Hexaghost","floor":16,"turns":14},{"damage":9,"enemies":"Chosen","floor":18,"turns":6},{"damage":0,"enemies":"3 Byrds","floor":22,"turns":5},{"damage":51,"enemies":"Gremlin Leader","floor":24,"turns":10},{"damage":11,"enemies":"Book of Stabbing","floor":29,"turns":7},{"damage":4,"enemies":"Snake Plant","floor":31,"turns":5},{"damage":12,"enemies":"Collector","floor":33,"turns":11},{"damage":8,"enemies":"Orb Walker","floor":35,"turns":3},{"damage":0,"enemies":"3 Shapes","floor":37,"turns":4},{"damage":19,"enemies":"Mind Bloom Boss Battle","floor":39,"turns":6},{"damage":0,"enemies":"3 Darklings","floor":44,"turns":8},{"damage":11,"enemies":"2 Orb Walkers","floor":45,"turns":5},{"damage":32,"enemies":"Sphere and 2 Shapes","floor":48,"turns":4},{"damage":3,"enemies":"Awakened One","floor":50,"turns":18}],"seed_played":"5876686061785557274","potions_obtained":[{"floor":1,"key":"Dexterity Potion"},{"floor":6,"key":"Block Potion"},{"floor":13,"key":"SkillPotion"},{"floor":14,"key":"GamblersBrew"},{"floor":17,"key":"Poison Potion"},{"floor":22,"key":"Dexterity Potion"},{"floor":24,"key":"SteroidPotion"}],"is_trial":false,"path_per_floor":["?","?","?","?","M","?","?","M","T","?","M","?","?","?","?","T"],"character_chosen":"THE_SILENT","items_purchased":["Quick Slash","Deflect","PiercingWail","Dagger Spray","Vajra","Blade Dance","Centennial Puzzle","Fire Potion","Expertise","Footwork"],"campfire_rested":4,"item_purchase_floors":[5,5,5,10,20,20,20,20,36,36],"current_hp_per_floor":[62,51,34,34,34,8,29,46,46,46,46,46,45,39,39,18,75,66,66,66,66,66,66,15,37,37,47,47,36,36,32,57,45,85,77,77,77,77,58,58,58,58,58,58,47,47,47,15,55,52],"gold":266,"neow_bonus":"BOSS_RELIC","is_prod":false,"is_daily":false,"chose_seed":false,"campfire_upgraded":5,"win_rate":0,"timestamp":1554920072,"path_taken":["M","?","?","?","$","E","R","?","T","$","R","M","?","M","R","BOSS","M","?","$","?","?","R","E","R","T","?","R","E","?","?","R","BOSS","M","$","M","?","?","R","?","R","T","M","?","R","?","M","R","BOSS"],"build_version":"2019-01-23","purchased_purges":1,"victory":true,"max_hp_per_floor":[70,70,70,70,70,70,70,70,70,70,70,70,70,70,70,70,75,75,75,75,75,75,75,75,75,75,85,85,85,85,85,85,85,85,85,85,85,85,85,85,85,85,85,85,85,85,85,85,85,85],"card_choices":[{"not_picked":["Infinite Blades","Dodge and Roll"],"picked":"Cloak And Dagger","floor":1},{"not_picked":["Blade Dance","Grand Finale","Prepared"],"picked":"SKIP","floor":6},{"not_picked":["Bane","Prepared"],"picked":"Endless Agony","floor":7},{"not_picked":["Outmaneuver","Tactician"],"picked":"Dodge and Roll","floor":12},{"not_picked":["Deadly Poison","Reflex","Tactician"],"picked":"SKIP","floor":13},{"not_picked":["Deflect","Skewer"],"picked":"Dash","floor":14},{"not_picked":["Grand Finale","Storm of Steel"],"picked":"Envenom","floor":16},{"not_picked":["Acrobatics","Poisoned Stab"],"picked":"PiercingWail","floor":17},{"not_picked":["Flying Knee","Prepared"],"picked":"Blur","floor":18},{"not_picked":["Dagger Throw","Heel Hook"],"picked":"Sucker Punch","floor":22},{"not_picked":["Slice","Well Laid Plans+1"],"picked":"Backflip","floor":24},{"not_picked":["Outmaneuver","PiercingWail+1"],"picked":"Terror","floor":25},{"not_picked":["Concentrate+1","Flechettes+1"],"picked":"Choke","floor":29},{"not_picked":["Venomology","Bane"],"picked":"Escape Plan","floor":31},{"not_picked":["Burst","A Thousand Cuts"],"picked":"After Image","floor":33},{"not_picked":["Slice","Well Laid Plans"],"picked":"Expertise+1","floor":35},{"not_picked":["Dagger Spray+1","Underhanded Strike+1"],"picked":"Sucker Punch+1","floor":37},{"not_picked":["Slice+1","Underhanded Strike+1"],"picked":"Endless Agony+1","floor":39},{"not_picked":["Terror+1","Flying Knee"],"picked":"PiercingWail","floor":44},{"not_picked":["Eviscerate+1","Well Laid Plans"],"picked":"Footwork","floor":45},{"not_picked":["Slice+1","Acrobatics+1"],"picked":"Dodge and Roll+1","floor":48}],"player_experience":191942,"relics_obtained":[{"floor":6,"key":"Dream Catcher"},{"floor":9,"key":"Matryoshka"},{"floor":24,"key":"Oddly Smooth Stone"},{"floor":26,"key":"Omamori"},{"floor":27,"key":"Smiling Mask"},{"floor":27,"key":"Pear"},{"floor":29,"key":"Kunai"},{"floor":39,"key":"Girya"},{"floor":43,"key":"Bronze Scales"},{"floor":45,"key":"Shovel"},{"floor":47,"key":"Regal Pillow"}],"event_choices":[{"damage_healed":0,"gold_gain":75,"player_choice":"Gather Gold","damage_taken":11,"max_hp_gain":0,"max_hp_loss":0,"event_name":"World of Goop","floor":2,"gold_loss":0},{"damage_healed":0,"gold_gain":0,"player_choice":"Take Damage","damage_taken":17,"relics_obtained":["Golden Idol"],"max_hp_gain":0,"max_hp_loss":0,"event_name":"Golden Idol","floor":3,"gold_loss":0},{"cards_removed":["Strike_G"],"damage_healed":0,"gold_gain":0,"player_choice":"Card Removal","damage_taken":0,"max_hp_gain":0,"max_hp_loss":0,"event_name":"The Cleric","floor":4,"gold_loss":50},{"damage_healed":17,"gold_gain":0,"player_choice":"Healed and dodged fight","damage_taken":0,"max_hp_gain":0,"max_hp_loss":0,"event_name":"Mushrooms","floor":8,"gold_loss":0,"cards_obtained":["Parasite"]},{"damage_healed":0,"gold_gain":99,"player_choice":"Stole From Cult","damage_taken":0,"max_hp_gain":0,"max_hp_loss":0,"event_name":"Nest","floor":19,"gold_loss":0},{"cards_removed":["Defend_G"],"damage_healed":0,"gold_gain":0,"player_choice":"Purged","damage_taken":0,"max_hp_gain":0,"max_hp_loss":0,"event_name":"Purifier","floor":21,"gold_loss":0},{"damage_healed":0,"gold_gain":0,"player_choice":"Bet on Murderer","damage_taken":0,"max_hp_gain":0,"max_hp_loss":0,"event_name":"The Joust","floor":30,"gold_loss":50},{"damage_healed":0,"gold_gain":0,"player_choice":"Paid","damage_taken":0,"relics_obtained":["Red Mask"],"max_hp_gain":0,"max_hp_loss":0,"event_name":"Tomb of Lord Red Mask","floor":38,"gold_loss":62},{"damage_healed":0,"gold_gain":0,"player_choice":"Fight","damage_taken":0,"max_hp_gain":0,"max_hp_loss":0,"event_name":"MindBloom","floor":39,"gold_loss":0},{"damage_healed":0,"gold_gain":0,"player_choice":"Memory 1","damage_taken":0,"max_hp_gain":0,"max_hp_loss":0,"event_name":"SensoryStone","floor":41,"gold_loss":0},{"damage_healed":0,"gold_gain":0,"player_choice":"Fight","damage_taken":0,"max_hp_gain":0,"max_hp_loss":0,"event_name":"Mysterious Sphere","floor":45,"gold_loss":0}],"is_beta":false,"boss_relics":[{"not_picked":["Busted Crown","Snecko Eye"],"picked":"Tiny House"},{"not_picked":["Orrery","Black Star"],"picked":"Sozu"}],"items_purged_floors":[36],"is_endless":false,"potions_floor_spawned":[1,6,13,14,22,24,37,44],"ascension_level":3}