{"gold_per_floor":[115,290,310,41,116,146,146,164,233,251,284,284,86,103,103,103],"floor_reached":16,"playtime":886,"items_purged":["Doubt"],"score":138,"play_id":"41902cbd-ed5e-405d-a5b3-d942076ee5a0","local_time":"20180907134100","is_ascension_mode":true,"campfire_choices":[{"floor":7,"key":"REST"},{"data":"Footwork","floor":15,"key":"SMITH"}],"neow_cost":"NONE","seed_source_timestamp":239658777264813,"circlet_count":0,"master_deck":["Defend_G","Defend_G","Defend_G","Defend_G","Strike_G","Strike_G","Strike_G","Strike_G","Strike_G","Survivor","Neutralize","Distraction","Riddle With Holes","Slice","All Out Attack","Footwork+1","Backflip","PiercingWail","PiercingWail","Parasite","Dagger Spray","Prepared","Slice"],"relics":["Ring of the Snake","PreservedInsect","Regal Pillow","Dodecahedron","Orichalcum","Tiny Chest"],"potions_floor_usage":[10,11,16,16],"damage_taken":[{"damage":0,"enemies":"2 Louse","floor":1,"turns":6},{"damage":12,"enemies":"Small Slimes","floor":3,"turns":5},{"damage":27,"enemies":"3 Sentries","floor":6,"turns":7},{"damage":1,"enemies":"Cultist","floor":8,"turns":4},{"damage":3,"enemies":"Blue Slaver","floor":10,"turns":6},{"damage":16,"enemies":"Lagavulin","floor":11,"turns":5},{"damage":10,"enemies":"2 Fungi Beasts","floor":14,"turns":3},{"damage":43,"enemies":"Hexaghost","floor":16,"turns":17}],"seed_played":"6546693177792616406","potions_obtained":[{"floor":1,"key":"Block Potion"},{"floor":3,"key":"GhostInAJar"},{"floor":10,"key":"FearPotion"},{"floor":14,"key":"Block Potion"}],"is_trial":false,"path_per_floor":["M","?","M","$","?","E","R","M","T","M","E","?","$","M","R"],"character_chosen":"THE_SILENT","items_purchased":["PreservedInsect","All Out Attack","Tiny Chest","Dagger Spray","Prepared"],"campfire_rested":1,"item_purchase_floors":[4,4,13,13,13],"current_hp_per_floor":[70,70,58,58,47,20,56,55,55,52,36,53,53,43,43,0],"gold":103,"neow_bonus":"TRANSFORM_CARD","is_prod":false,"is_daily":false,"chose_seed":false,"campfire_upgraded":1,"win_rate":0,"timestamp":1536320460,"path_taken":["M","?","M","$","?","E","R","M","T","?","E","?","$","M","R","BOSS"],"build_version":"2018-09-06","purchased_purges":1,"victory":false,"max_hp_per_floor":[70,70,70,70,70,70,70,70,70,70,70,70,70,70,70,70],"card_choices":[{"not_picked":["Quick Slash","Outmaneuver"],"picked":"Riddle With Holes","floor":1},{"not_picked":["Flechettes","Acrobatics"],"picked":"Slice","floor":3},{"not_picked":["Cloak And Dagger","Expertise"],"picked":"Footwork","floor":6},{"not_picked":["Blade Dance","Deadly Poison"],"picked":"Backflip","floor":8},{"not_picked":["Burst","Underhanded Strike"],"picked":"PiercingWail","floor":10},{"not_picked":["Poisoned Stab","Escape Plan"],"picked":"PiercingWail","floor":11},{"not_picked":["Flechettes","Poisoned Stab"],"picked":"Slice","floor":14}],"player_experience":319268,"relics_obtained":[{"floor":6,"key":"Regal Pillow"},{"floor":9,"key":"Dodecahedron"},{"floor":11,"key":"Orichalcum"}],"event_choices":[{"event_name":"Liars Game","player_choice":"agreed","floor":2,"damage_taken":0},{"event_name":"World of Goop","player_choice":"Gather Gold","floor":5,"damage_taken":0},{"event_name":"Mushrooms","player_choice":"Healed and dodged fight","floor":12,"damage_taken":0}],"is_beta":false,"boss_relics":[],"items_purged_floors":[4],"is_endless":false,"potions_floor_spawned":[1,3,10,14],"killed_by":"Hexaghost","ascension_level":5}