{"gold_per_floor":[111,130,130,130,140,140,90,125,125,125,143,161,161,161,161,263,263,279,290,268,268,288,288,315,315,315,315,315,349,449,468,468,569,569,582,633,312,328,328,328,328,328,328,357,357,390,46,59,59,59],"floor_reached":51,"playtime":1650,"items_purged":["Strike_R","Strike_R"],"score":1337,"play_id":"848cd505-d05c-4481-88f0-33e7a942a9c3","local_time":"20190418041429","is_ascension_mode":true,"campfire_choices":[{"data":"Searing Blow","floor":6,"key":"SMITH"},{"data":"Searing Blow+1","floor":10,"key":"SMITH"},{"data":"Searing Blow+2","floor":13,"key":"SMITH"},{"data":"Searing Blow+3","floor":15,"key":"SMITH"},{"data":"Searing Blow+4","floor":23,"key":"SMITH"},{"data":"Searing Blow+5","floor":25,"key":"SMITH"},{"data":"Searing Blow+7","floor":28,"key":"SMITH"},{"data":"Searing Blow+8","floor":32,"key":"SMITH"},{"data":"Searing Blow+9","floor":40,"key":"SMITH"},{"data":"Brutality","floor":42,"key":"SMITH"},{"floor":49,"key":"REST"}],"neow_cost":"NONE","seed_source_timestamp":126589342882679,"circlet_count":0,"master_deck":["AscendersBane","Strike_R+1","Defend_R","Defend_R","Defend_R","Defend_R+1","Bash","Searing Blow+10","Cleave","Clothesline","Intimidate","Headbutt","Brutality+1","Shrug It Off","Necronomicurse","Uppercut","Armaments","Evolve","Searing Blow+9","Shrug It Off","Metallicize","Pommel Strike","Jack Of All Trades"],"relics":["Burning Blood","NeowsBlessing","Sundial","Self Forming Clay","Letter Opener","Mark of Pain","Necronomicon","Juzu Bracelet","Question Card","Centennial Puzzle","Unceasing Top","Singing Bowl","Sozu","Charon\u0027s Ashes","DollysMirror","Kunai","Pen Nib","Champion Belt","Gremlin Horn"],"potions_floor_usage":[4,8,30,31,46],"damage_taken":[{"damage":0,"enemies":"Cultist","floor":1,"turns":1},{"damage":0,"enemies":"Small Slimes","floor":2,"turns":1},{"damage":0,"enemies":"Jaw Worm","floor":5,"turns":1},{"damage":27,"enemies":"Gremlin Nob","floor":8,"turns":5},{"damage":6,"enemies":"Lots of Slimes","floor":11,"turns":4},{"damage":0,"enemies":"Looter","floor":12,"turns":4},{"damage":26,"enemies":"The Guardian","floor":16,"turns":11},{"damage":3,"enemies":"Chosen","floor":18,"turns":4},{"damage":25,"enemies":"2 Thieves","floor":19,"turns":4},{"damage":13,"enemies":"Shelled Parasite and Fungi","floor":22,"turns":2},{"damage":9,"enemies":"Slavers","floor":24,"turns":4},{"damage":5,"enemies":"Book of Stabbing","floor":29,"turns":2},{"damage":14,"enemies":"Colosseum Slavers","floor":30,"turns":4},{"damage":0,"enemies":"Colosseum Nobs","floor":30,"turns":3},{"damage":5,"enemies":"3 Cultists","floor":31,"turns":5},{"damage":0,"enemies":"Collector","floor":33,"turns":2},{"damage":0,"enemies":"Orb Walker","floor":35,"turns":1},{"damage":26,"enemies":"2 Orb Walkers","floor":36,"turns":4},{"damage":12,"enemies":"3 Shapes","floor":38,"turns":4},{"damage":3,"enemies":"Giant Head","floor":44,"turns":4},{"damage":32,"enemies":"Reptomancer","floor":46,"turns":3},{"damage":8,"enemies":"Sphere and 2 Shapes","floor":48,"turns":3},{"damage":25,"enemies":"Donu and Deca","floor":50,"turns":4}],"seed_played":"-2671174937045307873","potions_obtained":[{"floor":2,"key":"SteroidPotion"},{"floor":4,"key":"Fruit Juice"},{"floor":4,"key":"PowerPotion"},{"floor":4,"key":"Explosive Potion"},{"floor":12,"key":"GamblersBrew"},{"floor":16,"key":"Swift Potion"},{"floor":31,"key":"Fire Potion"}],"is_trial":false,"path_per_floor":["M","?","?","M","?","T","M","?","?","?","?","?","?","?"],"character_chosen":"IRONCLAD","items_purchased":["Shrug It Off","DollysMirror","Shrug It Off","Gremlin Horn"],"campfire_rested":1,"item_purchase_floors":[20,37,37,47],"current_hp_per_floor":[78,80,64,69,75,75,75,54,54,54,54,60,60,60,60,40,74,77,58,58,42,35,35,32,32,32,32,32,33,33,34,34,42,77,85,65,65,59,59,59,59,59,59,62,62,38,38,38,66,47],"gold":59,"neow_bonus":"THREE_ENEMY_KILL","is_prod":false,"is_daily":false,"chose_seed":false,"campfire_upgraded":10,"win_rate":0,"timestamp":1555535669,"path_taken":["M","?","?","?","?","R","?","E","T","R","M","M","R","?","R","BOSS","M","?","$","?","M","R","E","R","T","?","R","E","?","M","R","BOSS","M","?","$","M","?","R","?","R","T","E","?","E","$","M","R","BOSS"],"build_version":"2019-01-23","purchased_purges":2,"victory":true,"max_hp_per_floor":[80,80,80,85,85,85,85,85,85,85,85,85,85,85,85,85,85,85,85,85,85,85,85,85,85,85,85,85,85,87,87,87,89,89,91,91,91,91,91,91,91,91,91,91,91,93,93,95,95,95],"card_choices":[{"not_picked":["Anger","Intimidate"],"picked":"Searing Blow","floor":1},{"not_picked":["Wild Strike","True Grit"],"picked":"Cleave","floor":2},{"not_picked":["Iron Wave","Seeing Red"],"picked":"Clothesline","floor":5},{"not_picked":["Clash","Hemokinesis"],"picked":"Intimidate","floor":8},{"not_picked":["Flex","Anger","Clothesline"],"picked":"SKIP","floor":11},{"not_picked":["Clash","Perfected Strike"],"picked":"Headbutt","floor":12},{"not_picked":["Barricade","Fiend Fire"],"picked":"Brutality","floor":16},{"not_picked":["Warcry","Feel No Pain","Heavy Blade"],"picked":"SKIP","floor":18},{"not_picked":["Havoc","Clash","Reckless Charge"],"picked":"SKIP","floor":19},{"not_picked":["Spot Weakness","Blood for Blood"],"picked":"Iron Wave","floor":22},{"not_picked":["Dark Embrace","Spot Weakness","Perfected Strike+1"],"picked":"SKIP","floor":24},{"not_picked":["Headbutt","Havoc","Pommel Strike"],"picked":"Uppercut","floor":29},{"not_picked":["Ghostly Armor","Clothesline+1","Spot Weakness+1","Bloodletting"],"picked":"Singing Bowl","floor":30},{"not_picked":["Havoc","Clothesline","Flex"],"picked":"Armaments","floor":31},{"not_picked":["Demon Form","Bludgeon","Dark Embrace","Impervious"],"picked":"Singing Bowl","floor":33},{"not_picked":["Hemokinesis+1","Havoc","Heavy Blade","Flex"],"picked":"Singing Bowl","floor":35},{"not_picked":["Perfected Strike+1","Clothesline","Armaments"],"picked":"Evolve","floor":36},{"not_picked":["Thunderclap","Body Slam","Reckless Charge"],"picked":"Metallicize","floor":38},{"not_picked":["Dual Wield","Warcry+1","Fire Breathing+1"],"picked":"Pommel Strike","floor":44},{"not_picked":["Pommel Strike","Uppercut+1","Thunderclap","Reaper"],"picked":"Singing Bowl","floor":46},{"not_picked":["Feel No Pain","Iron Wave+1","Heavy Blade","Thunderclap"],"picked":"Singing Bowl","floor":48}],"player_experience":260509,"relics_obtained":[{"floor":8,"key":"Sundial"},{"floor":9,"key":"Self Forming Clay"},{"floor":14,"key":"Letter Opener"},{"floor":21,"key":"Necronomicon"},{"floor":24,"key":"Juzu Bracelet"},{"floor":26,"key":"Question Card"},{"floor":29,"key":"Centennial Puzzle"},{"floor":30,"key":"Unceasing Top"},{"floor":30,"key":"Singing Bowl"},{"floor":36,"key":"Charon\u0027s Ashes"},{"floor":43,"key":"Kunai"},{"floor":44,"key":"Pen Nib"},{"floor":46,"key":"Champion Belt"}],"event_choices":[{"damage_healed":0,"gold_gain":0,"player_choice":"Entered Light","damage_taken":16,"max_hp_gain":0,"max_hp_loss":0,"event_name":"Shining Light","floor":3,"gold_loss":0,"cards_upgraded":["Defend_R","Strike_R"]},{"damage_healed":0,"gold_gain":0,"player_choice":"Got Potions","damage_taken":0,"max_hp_gain":0,"max_hp_loss":0,"event_name":"Lab","floor":4,"gold_loss":0},{"cards_removed":["Strike_R"],"damage_healed":0,"gold_gain":0,"player_choice":"Card Removal","damage_taken":0,"max_hp_gain":0,"max_hp_loss":0,"event_name":"The Cleric","floor":7,"gold_loss":50},{"damage_healed":0,"gold_gain":0,"player_choice":"Obtained Book","damage_taken":16,"max_hp_gain":0,"max_hp_loss":0,"event_name":"Cursed Tome","floor":21,"gold_loss":0},{"damage_healed":0,"gold_gain":0,"player_choice":"Forge","damage_taken":0,"max_hp_gain":0,"max_hp_loss":0,"event_name":"Accursed Blacksmith","floor":27,"gold_loss":0,"cards_upgraded":["Searing Blow"]},{"damage_healed":0,"gold_gain":0,"player_choice":"Fight","damage_taken":0,"max_hp_gain":0,"max_hp_loss":0,"event_name":"Colosseum","floor":30,"gold_loss":0},{"damage_healed":0,"gold_gain":0,"player_choice":"Fought Nobs","damage_taken":0,"max_hp_gain":0,"max_hp_loss":0,"event_name":"Colosseum","floor":30,"gold_loss":0},{"damage_healed":0,"gold_gain":0,"player_choice":"Fight","damage_taken":0,"max_hp_gain":0,"max_hp_loss":0,"event_name":"Mysterious Sphere","floor":36,"gold_loss":0},{"cards_removed":["Iron Wave"],"damage_healed":0,"gold_gain":0,"player_choice":"Removed Attack","damage_taken":0,"max_hp_gain":0,"max_hp_loss":0,"event_name":"Falling","floor":39,"gold_loss":0},{"cards_removed":["Strike_R"],"damage_healed":0,"gold_gain":0,"player_choice":"Purged","damage_taken":0,"max_hp_gain":0,"max_hp_loss":0,"event_name":"Purifier","floor":41,"gold_loss":0},{"damage_healed":0,"gold_gain":0,"player_choice":"1 cards matched","damage_taken":0,"max_hp_gain":0,"max_hp_loss":0,"event_name":"Match and Keep!","floor":45,"gold_loss":0,"cards_obtained":["Jack Of All Trades"]}],"is_beta":false,"boss_relics":[{"not_picked":["Tiny House","Runic Cube"],"picked":"Mark of Pain"},{"not_picked":["Lizard Tail","Pandora\u0027s Box"],"picked":"Sozu"}],"items_purged_floors":[37,47],"is_endless":false,"potions_floor_spawned":[2,12,16,19,24,31,36,38],"ascension_level":12}