{"gold_per_floor":[110,75,85,85,100,435,435,464,464,483,483,483,483],"floor_reached":13,"playtime":349,"items_purged":[],"score":144,"play_id":"2faaa849-6eaf-4c28-9664-96a24f01c30a","local_time":"20190419141010","is_ascension_mode":true,"campfire_choices":[{"data":"Thunder Strike","floor":7,"key":"SMITH"},{"floor":12,"key":"REST"}],"neow_cost":"NONE","seed_source_timestamp":4588072782908,"circlet_count":0,"master_deck":["AscendersBane","Strike_B","Strike_B","Strike_B","Strike_B","Defend_B","Defend_B","Defend_B","Defend_B","Zap+1","Dualcast","Compile Driver","Ball Lightning","Compile Driver","Thunder Strike+1","Undo","Capacitor"],"relics":["Cracked Core","NeowsBlessing","Old Coin","Dodecahedron","Pantograph","Blood Vial"],"potions_floor_usage":[],"damage_taken":[{"damage":0,"enemies":"2 Louse","floor":1,"turns":1},{"damage":0,"enemies":"Jaw Worm","floor":3,"turns":1},{"damage":0,"enemies":"Cultist","floor":5,"turns":1},{"damage":25,"enemies":"Lagavulin","floor":6,"turns":5},{"damage":28,"enemies":"Gremlin Nob","floor":8,"turns":4},{"damage":6,"enemies":"Looter","floor":10,"turns":4},{"damage":35,"enemies":"3 Sentries","floor":13,"turns":7}],"seed_played":"4770471248363448534","potions_obtained":[{"floor":1,"key":"Strength Potion"},{"floor":8,"key":"FearPotion"},{"floor":10,"key":"PowerPotion"}],"is_trial":false,"path_per_floor":["M","?","M","?","M","E","R","E","T","M","?","R","E"],"character_chosen":"DEFECT","items_purchased":[],"campfire_rested":1,"item_purchase_floors":[],"current_hp_per_floor":[68,68,68,68,68,43,43,15,15,9,2,24,0],"gold":483,"neow_bonus":"THREE_ENEMY_KILL","is_prod":false,"is_daily":false,"chose_seed":false,"campfire_upgraded":1,"win_rate":0,"timestamp":1555693810,"path_taken":["M","?","M","?","?","E","R","E","T","M","?","R","E"],"build_version":"2019-01-23","purchased_purges":0,"victory":false,"max_hp_per_floor":[75,75,75,75,75,75,75,75,75,75,75,75,75],"card_choices":[{"not_picked":["Force Field","Beam Cell"],"picked":"Compile Driver","floor":1},{"not_picked":["Double Energy","Hello World"],"picked":"Ball Lightning","floor":3},{"not_picked":["Undo","Coolheaded"],"picked":"Compile Driver","floor":5},{"not_picked":["Sweeping Beam","Defragment"],"picked":"Thunder Strike","floor":6},{"not_picked":["Leap","Go for the Eyes"],"picked":"Undo","floor":8},{"not_picked":["Compile Driver","Sweeping Beam"],"picked":"Capacitor","floor":10}],"player_experience":668149,"relics_obtained":[{"floor":6,"key":"Old Coin"},{"floor":8,"key":"Dodecahedron"},{"floor":9,"key":"Pantograph"}],"event_choices":[{"damage_healed":0,"gold_gain":0,"player_choice":"Left Gold","damage_taken":0,"max_hp_gain":0,"max_hp_loss":0,"event_name":"World of Goop","floor":2,"gold_loss":35},{"damage_healed":0,"gold_gain":0,"player_choice":"Upgraded","damage_taken":0,"max_hp_gain":0,"max_hp_loss":0,"event_name":"Upgrade Shrine","floor":4,"gold_loss":0,"cards_upgraded":["Zap"]},{"damage_healed":0,"gold_gain":0,"player_choice":"Success","damage_taken":7,"relics_obtained":["Blood Vial"],"max_hp_gain":0,"max_hp_loss":0,"event_name":"Scrap Ooze","floor":11,"gold_loss":0}],"is_beta":false,"boss_relics":[],"items_purged_floors":[],"is_endless":false,"potions_floor_spawned":[1,8,10],"killed_by":"3 Sentries","ascension_level":11}