{"gold_per_floor":[114,133,133,133,153,153,211,211,211,211,229,229,262,273,273,378,378,390,262,279,279,17,17],"floor_reached":23,"playtime":900,"items_purged":[],"score":236,"play_id":"c8be701a-0570-4a28-a2da-1f8f0fbf489c","local_time":"20190410231721","is_ascension_mode":true,"campfire_choices":[{"data":"Endless Agony","floor":6,"key":"SMITH"},{"data":"Leg Sweep","floor":8,"key":"SMITH"},{"data":"Quick Slash","floor":10,"key":"SMITH"},{"data":"Infinite Blades","floor":15,"key":"SMITH"}],"neow_cost":"NONE","seed_source_timestamp":27290151906655,"circlet_count":0,"master_deck":["Defend_G","Defend_G","Defend_G","Defend_G","Defend_G","Strike_G","Strike_G","Strike_G","Strike_G","Strike_G","Survivor","Neutralize+1","Deflect+1","Quick Slash+1","Endless Agony+1","Leg Sweep+1","Infinite Blades+1","Leg Sweep","Die Die Die","Quick Slash","Footwork","PiercingWail","Deflect"],"relics":["Ring of the Snake","NeowsBlessing","Pantograph","Bag of Marbles","Regal Pillow","Sozu","Paper Crane"],"potions_floor_usage":[23],"damage_taken":[{"damage":0,"enemies":"2 Louse","floor":1,"turns":1},{"damage":0,"enemies":"Jaw Worm","floor":2,"turns":1},{"damage":0,"enemies":"Cultist","floor":5,"turns":1},{"damage":15,"enemies":"3 Sentries","floor":7,"turns":11},{"damage":0,"enemies":"Blue Slaver","floor":11,"turns":4},{"damage":7,"enemies":"3 Sentries","floor":13,"turns":7},{"damage":0,"enemies":"2 Fungi Beasts","floor":14,"turns":4},{"damage":43,"enemies":"The Guardian","floor":16,"turns":20},{"damage":0,"enemies":"Chosen","floor":18,"turns":4},{"damage":1,"enemies":"Spheric Guardian","floor":20,"turns":5},{"damage":26,"enemies":"Gremlin Leader","floor":23,"turns":10}],"seed_played":"5064202947721323888","potions_obtained":[{"floor":2,"key":"AttackPotion"},{"floor":11,"key":"Regen Potion"},{"floor":12,"key":"SpeedPotion"},{"floor":16,"key":"Block Potion"}],"is_trial":false,"path_per_floor":["M","M","?","?","M","R","?","R","T","R","M","?","E","M","R","B",null,"M","$","M","?","$","E"],"character_chosen":"THE_SILENT","items_purchased":["Footwork","PiercingWail","Paper Crane"],"campfire_rested":0,"item_purchase_floors":[19,19,22],"current_hp_per_floor":[70,70,70,70,70,70,55,55,55,55,55,55,48,48,48,27,59,59,59,58,58,58,32],"gold":17,"neow_bonus":"THREE_ENEMY_KILL","is_prod":false,"is_daily":false,"chose_seed":false,"campfire_upgraded":4,"win_rate":0,"timestamp":1554949041,"path_taken":["M","M","?","?","?","R","?","R","T","R","M","?","E","M","R","BOSS","M","?","?","?","$","E"],"build_version":"2019-01-23","purchased_purges":0,"victory":false,"max_hp_per_floor":[70,70,70,70,70,70,70,70,70,70,70,70,70,70,70,70,70,70,70,70,70,70,70],"card_choices":[{"not_picked":["Bane","Acrobatics"],"picked":"Deflect","floor":1},{"not_picked":["Expertise","Backflip"],"picked":"Quick Slash","floor":2},{"not_picked":["Prepared","Bane"],"picked":"Endless Agony","floor":5},{"not_picked":["Slice","Flying Knee"],"picked":"Leg Sweep","floor":7},{"not_picked":["Calculated Gamble","Corpse Explosion"],"picked":"Infinite Blades","floor":11},{"not_picked":["Underhanded Strike","Catalyst","Reflex"],"picked":"SKIP","floor":13},{"not_picked":["Catalyst","Accuracy"],"picked":"Leg Sweep","floor":14},{"not_picked":["Storm of Steel","Doppelganger"],"picked":"Die Die Die","floor":16},{"not_picked":["Dodge and Roll","Tactician"],"picked":"Quick Slash","floor":18},{"not_picked":["Dodge and Roll","Sucker Punch"],"picked":"Deflect","floor":20}],"player_experience":587539,"relics_obtained":[{"floor":7,"key":"Pantograph"},{"floor":9,"key":"Bag of Marbles"},{"floor":13,"key":"Regal Pillow"}],"event_choices":[{"damage_healed":0,"gold_gain":0,"player_choice":"Grow","damage_taken":0,"max_hp_gain":0,"max_hp_loss":0,"event_name":"Living Wall","floor":3,"gold_loss":0,"cards_upgraded":["Neutralize"]},{"damage_healed":0,"gold_gain":0,"player_choice":"Upgraded","damage_taken":0,"max_hp_gain":0,"max_hp_loss":0,"event_name":"Upgrade Shrine","floor":4,"gold_loss":0,"cards_upgraded":["Deflect"]},{"damage_healed":0,"gold_gain":0,"player_choice":"Searched \u00271\u0027 times","damage_taken":0,"max_hp_gain":0,"max_hp_loss":0,"event_name":"Dead Adventurer","floor":7,"gold_loss":0},{"damage_healed":0,"gold_gain":0,"player_choice":"Got Potions","damage_taken":0,"max_hp_gain":0,"max_hp_loss":0,"event_name":"Lab","floor":12,"gold_loss":0},{"damage_healed":0,"gold_gain":0,"player_choice":"Ignored","damage_taken":0,"max_hp_gain":0,"max_hp_loss":0,"event_name":"Vampires","floor":21,"gold_loss":0}],"is_beta":false,"boss_relics":[{"not_picked":["Busted Crown","Eternal Feather"],"picked":"Sozu"}],"items_purged_floors":[],"is_endless":false,"potions_floor_spawned":[2,11,16],"killed_by":"Gremlin Leader","ascension_level":5}