{"gold_per_floor":[109,126,91,91,108,108,136,155,178,203,203,13,13,13,13,102,102,127,147,347,360,56,56],"floor_reached":23,"playtime":860,"items_purged":["Strike_B"],"score":367,"play_id":"36849bcc-d75e-4c4e-b2a1-e37baec544b4","local_time":"20190424012630","is_ascension_mode":true,"campfire_choices":[{"data":"Fusion","floor":6,"key":"SMITH"},{"floor":11,"key":"REST"},{"data":"Capacitor","floor":15,"key":"SMITH"}],"neow_cost":"NONE","seed_source_timestamp":36152399845990,"circlet_count":0,"master_deck":["AscendersBane","Strike_B","Strike_B","Defend_B","Defend_B","Defend_B","Defend_B","Zap+1","Dualcast","Conserve Battery","Fusion+1","Ball Lightning","Ball Lightning","Capacitor+1","Thunder Strike","Leap","Echo Form","Conserve Battery","Doom and Gloom","Buffer","Ball Lightning","Undo","Consume","Ball Lightning"],"relics":["Cracked Core","Bag of Marbles","Centennial Puzzle","Happy Flower","Golden Idol","Orrery","Strawberry"],"potions_floor_usage":[13,21,21],"damage_taken":[{"damage":1,"enemies":"Cultist","floor":1,"turns":4},{"damage":1,"enemies":"Jaw Worm","floor":2,"turns":4},{"damage":0,"enemies":"2 Louse","floor":5,"turns":3},{"damage":32,"enemies":"Gremlin Nob","floor":7,"turns":4},{"damage":6,"enemies":"Red Slaver","floor":8,"turns":3},{"damage":20,"enemies":"Lagavulin","floor":10,"turns":6},{"damage":0,"enemies":"2 Fungi Beasts","floor":13,"turns":2},{"damage":30,"enemies":"The Guardian","floor":16,"turns":10},{"damage":3,"enemies":"Chosen","floor":18,"turns":4},{"damage":27,"enemies":"3 Byrds","floor":19,"turns":5},{"damage":19,"enemies":"Cultist and Chosen","floor":21,"turns":5},{"damage":0,"enemies":"Centurion and Healer","floor":23,"turns":1}],"seed_played":"2458603113339175036","potions_obtained":[{"floor":7,"key":"LiquidBronze"},{"floor":8,"key":"SmokeBomb"},{"floor":16,"key":"GamblersBrew"},{"floor":18,"key":"FocusPotion"},{"floor":19,"key":"Block Potion"}],"is_trial":false,"path_per_floor":["M","M","?","?","M","R","E","M","T","E","R","$","M","?","R","B",null,"M","M","?","M","$","M"],"character_chosen":"DEFECT","items_purchased":["Thunder Strike","Leap","Strawberry","Consume","Ball Lightning"],"campfire_rested":1,"item_purchase_floors":[12,12,22,22,22],"current_hp_per_floor":[63,62,71,71,71,71,39,33,33,13,34,34,34,34,34,4,51,48,21,21,2,9,9],"gold":56,"neow_bonus":"UPGRADE_CARD","is_prod":false,"is_daily":false,"chose_seed":false,"campfire_upgraded":2,"win_rate":0,"timestamp":1556079990,"path_taken":["M","M","?","?","M","R","E","M","T","E","R","$","?","?","R","BOSS","M","M","?","?","$","M"],"build_version":"2019-01-23","purchased_purges":1,"victory":false,"max_hp_per_floor":[71,71,71,71,71,71,71,71,71,71,71,71,71,66,66,66,66,66,66,66,66,73,73],"card_choices":[{"not_picked":["Turbo","Beam Cell"],"picked":"Conserve Battery","floor":1},{"not_picked":["Gash","Beam Cell","Turbo"],"picked":"SKIP","floor":2},{"not_picked":["Genetic Algorithm","Gash"],"picked":"Ball Lightning","floor":5},{"not_picked":["White Noise","Coolheaded","Rebound"],"picked":"SKIP","floor":7},{"not_picked":["FTL","Beam Cell"],"picked":"Ball Lightning","floor":8},{"not_picked":["Redo","Genetic Algorithm"],"picked":"Capacitor","floor":10},{"not_picked":["Reboot","All For One"],"picked":"Echo Form","floor":16},{"not_picked":["Barrage","Coolheaded"],"picked":"Conserve Battery","floor":17},{"not_picked":["Barrage","Steam"],"picked":"Doom and Gloom","floor":17},{"not_picked":["Fusion","Steam"],"picked":"Buffer","floor":17},{"not_picked":["Sweeping Beam","Loop+1"],"picked":"Ball Lightning","floor":18},{"not_picked":["Beam Cell","Steam Power+1","Coolheaded"],"picked":"SKIP","floor":19},{"not_picked":["Sweeping Beam","Rainbow"],"picked":"Undo","floor":21}],"player_experience":744831,"relics_obtained":[{"floor":7,"key":"Bag of Marbles"},{"floor":9,"key":"Centennial Puzzle"},{"floor":10,"key":"Happy Flower"}],"event_choices":[{"damage_healed":17,"gold_gain":0,"player_choice":"Healed","damage_taken":0,"max_hp_gain":0,"max_hp_loss":0,"event_name":"The Cleric","floor":3,"gold_loss":35},{"damage_healed":0,"gold_gain":0,"cards_transformed":["Strike_B"],"player_choice":"Transformed","damage_taken":0,"max_hp_gain":0,"max_hp_loss":0,"event_name":"Transmorgrifier","floor":4,"gold_loss":0,"cards_obtained":["Fusion"]},{"damage_healed":0,"gold_gain":0,"player_choice":"Lose Max HP","damage_taken":0,"relics_obtained":["Golden Idol"],"max_hp_gain":0,"max_hp_loss":5,"event_name":"Golden Idol","floor":14,"gold_loss":0},{"damage_healed":0,"gold_gain":250,"player_choice":"Bet on Owner","damage_taken":0,"max_hp_gain":0,"max_hp_loss":0,"event_name":"The Joust","floor":20,"gold_loss":50}],"is_beta":false,"boss_relics":[{"not_picked":["Philosopher\u0027s Stone","Runic Dome"],"picked":"Orrery"}],"items_purged_floors":[22],"is_endless":false,"potions_floor_spawned":[7,8,13,16,18,19],"killed_by":"Centurion and Healer","ascension_level":14}