{"gold_per_floor":[115,127,141,161,172,172,207,225,225,259,272,126,159,169,169,269,269,284,302,302],"floor_reached":20,"playtime":925,"items_purged":["Strike_B"],"score":300,"play_id":"31b0d491-73af-4cfd-89de-6f533f6149a1","local_time":"20181010133910","is_ascension_mode":true,"campfire_choices":[{"data":"White Noise","floor":6,"key":"SMITH"},{"floor":15,"key":"REST"}],"neow_cost":"","seed_source_timestamp":83092499995846,"circlet_count":0,"master_deck":["Strike_B","Strike_B","Strike_B","Defend_B","Defend_B","Defend_B","Defend_B","Zap","Dualcast","AscendersBane","Self Repair","Sweeping Beam","Beam Cell","Rebound","White Noise+1","BootSequence","Streamline","Ball Lightning","Sunder","Scrape","Cold Snap","Echo Form","Go for the Eyes","Leap"],"relics":["Cracked Core","Regal Pillow","Bottled Lightning","StoneCalendar","Boot","Sozu"],"potions_floor_usage":[7,7,13,13,20],"damage_taken":[{"damage":14,"enemies":"Jaw Worm","floor":1,"turns":3},{"damage":1,"enemies":"Cultist","floor":2,"turns":4},{"damage":2,"enemies":"2 Louse","floor":3,"turns":2},{"damage":13,"enemies":"Blue Slaver","floor":4,"turns":3},{"damage":8,"enemies":"3 Louse","floor":5,"turns":3},{"damage":20,"enemies":"3 Sentries","floor":7,"turns":8},{"damage":0,"enemies":"Exordium Wildlife","floor":8,"turns":2},{"damage":26,"enemies":"Gremlin Nob","floor":10,"turns":4},{"damage":8,"enemies":"Blue Slaver","floor":11,"turns":3},{"damage":16,"enemies":"Lagavulin","floor":13,"turns":6},{"damage":0,"enemies":"Lots of Slimes","floor":14,"turns":2},{"damage":11,"enemies":"Slime Boss","floor":16,"turns":7},{"damage":30,"enemies":"Shell Parasite","floor":18,"turns":5},{"damage":24,"enemies":"2 Thieves","floor":19,"turns":4},{"damage":47,"enemies":"Masked Bandits","floor":20,"turns":3}],"seed_played":"-5684598862562531915","potions_obtained":[{"floor":1,"key":"Poison Potion"},{"floor":2,"key":"Block Potion"},{"floor":7,"key":"EssenceOfSteel"},{"floor":10,"key":"FocusPotion"},{"floor":13,"key":"Swift Potion"}],"is_trial":false,"path_per_floor":["M","M","M","M","M","R","E","M","T","E","M","$","E","M","R","B",null,"M","M"],"character_chosen":"DEFECT","items_purchased":["Sunder"],"campfire_rested":1,"item_purchase_floors":[12],"current_hp_per_floor":[54,60,65,59,58,58,45,45,45,26,25,25,9,16,53,49,69,53,29,0],"gold":302,"neow_bonus":"","is_prod":false,"is_daily":false,"chose_seed":false,"campfire_upgraded":1,"win_rate":0,"timestamp":1539171550,"path_taken":["M","M","M","M","M","R","E","M","T","E","M","$","E","M","R","BOSS","M","M","?"],"build_version":"2018-10-04v2","purchased_purges":1,"victory":false,"max_hp_per_floor":[75,75,75,75,75,75,75,75,75,75,75,75,75,75,75,75,75,75,75,75],"card_choices":[{"not_picked":["Cold Snap","Sweeping Beam"],"picked":"Self Repair","floor":1},{"not_picked":["Beam Cell","Steam"],"picked":"Sweeping Beam","floor":2},{"not_picked":["Storm","Consume"],"picked":"Beam Cell","floor":3},{"not_picked":["Gash","Doom and Gloom"],"picked":"Rebound","floor":4},{"not_picked":["Beam Cell","Conserve Battery"],"picked":"White Noise","floor":5},{"not_picked":["Machine Learning","Barrage"],"picked":"BootSequence","floor":7},{"not_picked":["Reinforced Body","Melter"],"picked":"Streamline","floor":8},{"not_picked":["Sweeping Beam","Rebound","Barrage"],"picked":"SKIP","floor":10},{"not_picked":["Rebound","Melter"],"picked":"Ball Lightning","floor":11},{"not_picked":["Reboot","White Noise"],"picked":"Scrape","floor":13},{"not_picked":["Ball Lightning","Steam"],"picked":"Cold Snap","floor":14},{"not_picked":["Creative AI","Thunder Strike"],"picked":"Echo Form","floor":16},{"not_picked":["Cold Snap","Redo"],"picked":"Go for the Eyes","floor":18},{"not_picked":["Barrage","Sweeping Beam"],"picked":"Leap","floor":19}],"player_experience":536104,"relics_obtained":[{"floor":7,"key":"Regal Pillow"},{"floor":9,"key":"Bottled Lightning"},{"floor":10,"key":"StoneCalendar"},{"floor":13,"key":"Boot"}],"event_choices":[{"event_name":"Masked Bandits","player_choice":"Fought Bandits","floor":20,"damage_taken":0}],"is_beta":false,"boss_relics":[{"not_picked":["Philosopher\u0027s Stone","Ectoplasm"],"picked":"Sozu"}],"items_purged_floors":[12],"is_endless":false,"potions_floor_spawned":[1,2,7,10,13,18,19],"killed_by":"Masked Bandits","ascension_level":10}