{"gold_per_floor":[210,360,378,391,269,300,75,100,127,127,141,141,173,98,98,177,177,189,204,304,318,318,318,353,353,353,353,353,118,146,162,162,241,241,258,270,286,136,236,271,271,51,74,74,104,104,115,135,135,135],"floor_reached":50,"playtime":2934,"items_purged":["Doubt","Strike_R","Writhe","Decay","Injury"],"score":1067,"play_id":"756e955f-ded4-40c4-ab46-3b1bb4fee9ef","local_time":"20190409133950","is_ascension_mode":true,"campfire_choices":[{"floor":10,"key":"REST"},{"data":"Sword Boomerang","floor":12,"key":"SMITH"},{"data":"Clothesline","floor":15,"key":"SMITH"},{"floor":23,"key":"REST"},{"data":"Immolate","floor":25,"key":"SMITH"},{"floor":32,"key":"REST"},{"floor":44,"key":"REST"},{"floor":46,"key":"REST"},{"floor":49,"key":"REST"}],"neow_cost":"NONE","seed_source_timestamp":40067231449735,"circlet_count":0,"master_deck":["AscendersBane","Strike_R","Strike_R","Strike_R","Defend_R","Defend_R","Defend_R","Defend_R","Bash","Sword Boomerang+1","Clothesline+1","Headbutt","Anger","Inflame","Inflame","Shrug It Off","Spot Weakness","Offering","Twin Strike+1","Immolate+1","Shockwave","Metallicize","True Grit+1","Parasite","Shrug It Off","Pommel Strike+1"],"relics":["Burning Blood","Bronze Scales","Bag of Preparation","Centennial Puzzle","Blue Candle","Busted Crown","Shovel","Mercury Hourglass","Dodecahedron","Darkstone Periapt","MutagenicStrength","Torii","Strawberry","Calling Bell","Potion Belt","Pantograph","Girya","Turnip","Bottled Lightning","Lantern","Vajra"],"potions_floor_usage":[6,21,31,37,45,45,48,48,50,50],"damage_taken":[{"damage":6,"enemies":"Cultist","floor":1,"turns":3},{"damage":13,"enemies":"Jaw Worm","floor":3,"turns":4},{"damage":10,"enemies":"2 Louse","floor":4,"turns":4},{"damage":30,"enemies":"3 Sentries","floor":6,"turns":8},{"damage":25,"enemies":"Gremlin Nob","floor":8,"turns":4},{"damage":3,"enemies":"2 Fungi Beasts","floor":11,"turns":3},{"damage":10,"enemies":"Lagavulin","floor":13,"turns":5},{"damage":18,"enemies":"Hexaghost","floor":16,"turns":7},{"damage":2,"enemies":"Chosen","floor":18,"turns":4},{"damage":17,"enemies":"Shell Parasite","floor":19,"turns":3},{"damage":27,"enemies":"Colosseum Slavers","floor":20,"turns":3},{"damage":8,"enemies":"Colosseum Nobs","floor":20,"turns":3},{"damage":6,"enemies":"Centurion and Healer","floor":21,"turns":2},{"damage":16,"enemies":"Book of Stabbing","floor":24,"turns":4},{"damage":0,"enemies":"Gremlin Leader","floor":30,"turns":3},{"damage":10,"enemies":"Snake Plant","floor":31,"turns":2},{"damage":59,"enemies":"Collector","floor":33,"turns":8},{"damage":7,"enemies":"Orb Walker","floor":35,"turns":2},{"damage":10,"enemies":"3 Darklings","floor":36,"turns":4},{"damage":46,"enemies":"Writhing Mass","floor":37,"turns":4},{"damage":6,"enemies":"Mind Bloom Boss Battle","floor":39,"turns":3},{"damage":47,"enemies":"Giant Head","floor":40,"turns":7},{"damage":35,"enemies":"Reptomancer","floor":45,"turns":5},{"damage":6,"enemies":"Transient","floor":47,"turns":5},{"damage":10,"enemies":"4 Shapes","floor":48,"turns":7},{"damage":110,"enemies":"Time Eater","floor":50,"turns":12}],"seed_played":"4537962217469572951","potions_obtained":[{"floor":3,"key":"Energy Potion"},{"floor":4,"key":"Dexterity Potion"},{"floor":6,"key":"Explosive Potion"},{"floor":13,"key":"EssenceOfSteel"},{"floor":20,"key":"AttackPotion"},{"floor":21,"key":"AttackPotion"},{"floor":37,"key":"SteroidPotion"},{"floor":39,"key":"AttackPotion"},{"floor":45,"key":"Fire Potion"},{"floor":47,"key":"EntropicBrew"}],"is_trial":false,"path_per_floor":["M","?","M","M","$","E","$","E","T","R","M","R","E","?","R","B",null,"M","M","?","M","$","R","E","R","T","?","?","$","E","M","R","B",null,"M","M","M","$","?","E","?","$","T","R","E","R","M","M","R","B"],"character_chosen":"IRONCLAD","items_purchased":["Anger","Inflame","Shrug It Off","Shockwave","Metallicize","Shrug It Off"],"campfire_rested":6,"item_purchase_floors":[5,7,7,29,29,42],"current_hp_per_floor":[68,68,61,57,57,33,33,14,14,36,39,39,35,35,35,23,62,66,55,32,32,32,54,44,44,44,44,50,50,63,59,85,32,92,91,87,47,47,72,31,31,31,31,62,33,64,64,60,91,0],"gold":135,"neow_bonus":"HUNDRED_GOLD","is_prod":false,"is_daily":false,"chose_seed":false,"campfire_upgraded":3,"win_rate":0,"timestamp":1554827990,"path_taken":["M","?","M","M","$","E","$","E","T","R","M","R","E","?","R","BOSS","M","M","?","M","$","R","E","R","T","?","?","$","E","M","R","BOSS","M","M","M","$","?","E","?","$","T","R","E","R","M","M","R","BOSS"],"build_version":"2019-01-23","purchased_purges":5,"victory":false,"max_hp_per_floor":[75,75,75,75,75,75,75,75,75,75,75,75,75,75,75,75,75,75,75,75,75,75,75,75,75,75,75,81,81,88,88,88,88,106,106,106,106,106,106,106,106,106,106,106,106,106,106,106,106,106],"card_choices":[{"not_picked":["Twin Strike","Rupture"],"picked":"Sword Boomerang","floor":1},{"not_picked":["Armaments","Anger"],"picked":"Clothesline","floor":3},{"not_picked":["Shockwave","Reaper"],"picked":"Headbutt","floor":4},{"not_picked":["Pommel Strike","True Grit"],"picked":"Inflame","floor":6},{"not_picked":["Carnage","Body Slam","Evolve"],"picked":"SKIP","floor":8},{"not_picked":["Heavy Blade","Thunderclap","Warcry"],"picked":"SKIP","floor":11},{"not_picked":["Reckless Charge","Wild Strike"],"picked":"Spot Weakness","floor":13},{"not_picked":["Demon Form","Brutality"],"picked":"Offering","floor":16},{"not_picked":["Clash"],"picked":"SKIP","floor":18},{"not_picked":[],"picked":"Twin Strike+1","floor":19},{"not_picked":["Armaments"],"picked":"SKIP","floor":21},{"not_picked":[],"picked":"Immolate","floor":24},{"not_picked":[],"picked":"True Grit+1","floor":30},{"not_picked":["Combust"],"picked":"SKIP","floor":31},{"not_picked":["Spot Weakness"],"picked":"SKIP","floor":35},{"not_picked":["Feel No Pain+1"],"picked":"SKIP","floor":36},{"not_picked":["Clash"],"picked":"SKIP","floor":37},{"not_picked":["Uppercut"],"picked":"SKIP","floor":40},{"not_picked":["Heavy Blade"],"picked":"SKIP","floor":45},{"not_picked":[],"picked":"Pommel Strike+1","floor":47},{"not_picked":["Sword Boomerang"],"picked":"SKIP","floor":48}],"player_experience":563051,"relics_obtained":[{"floor":6,"key":"Bronze Scales"},{"floor":8,"key":"Bag of Preparation"},{"floor":9,"key":"Centennial Puzzle"},{"floor":13,"key":"Blue Candle"},{"floor":20,"key":"Shovel"},{"floor":20,"key":"Mercury Hourglass"},{"floor":24,"key":"Dodecahedron"},{"floor":26,"key":"Darkstone Periapt"},{"floor":30,"key":"Strawberry"},{"floor":34,"key":"Potion Belt"},{"floor":34,"key":"Pantograph"},{"floor":34,"key":"Girya"},{"floor":39,"key":"Turnip"},{"floor":40,"key":"Bottled Lightning"},{"floor":43,"key":"Lantern"},{"floor":45,"key":"Vajra"}],"event_choices":[{"damage_healed":0,"gold_gain":150,"player_choice":"AGREE","damage_taken":0,"max_hp_gain":0,"max_hp_loss":0,"event_name":"Liars Game","floor":2,"gold_loss":0,"cards_obtained":["Doubt"]},{"cards_removed":["Strike_R"],"damage_healed":0,"gold_gain":0,"player_choice":"Card Removal","damage_taken":0,"max_hp_gain":0,"max_hp_loss":0,"event_name":"The Cleric","floor":14,"gold_loss":75},{"damage_healed":0,"gold_gain":0,"player_choice":"Fight","damage_taken":0,"max_hp_gain":0,"max_hp_loss":0,"event_name":"Colosseum","floor":20,"gold_loss":0},{"damage_healed":0,"gold_gain":0,"player_choice":"Fought Nobs","damage_taken":0,"max_hp_gain":0,"max_hp_loss":0,"event_name":"Colosseum","floor":20,"gold_loss":0},{"damage_healed":0,"gold_gain":0,"player_choice":"Inject Mutagens","damage_taken":0,"relics_obtained":["MutagenicStrength"],"max_hp_gain":0,"max_hp_loss":0,"event_name":"Drug Dealer","floor":27,"gold_loss":0},{"damage_healed":0,"gold_gain":0,"player_choice":"Opened","damage_taken":0,"relics_obtained":["Torii"],"max_hp_gain":0,"max_hp_loss":0,"event_name":"The Mausoleum","floor":28,"gold_loss":0,"cards_obtained":["Writhe"]},{"damage_healed":0,"gold_gain":0,"player_choice":"Fight","damage_taken":0,"max_hp_gain":0,"max_hp_loss":0,"event_name":"MindBloom","floor":39,"gold_loss":0},{"damage_healed":0,"gold_gain":0,"player_choice":"Memory 1","damage_taken":0,"max_hp_gain":0,"max_hp_loss":0,"event_name":"SensoryStone","floor":41,"gold_loss":0}],"is_beta":false,"boss_relics":[{"not_picked":["Tiny House","Black Star"],"picked":"Busted Crown"},{"not_picked":["Velvet Choker","Pandora\u0027s Box"],"picked":"Calling Bell"}],"items_purged_floors":[5,7,29,38,42],"is_endless":false,"potions_floor_spawned":[3,4,6,13,19,20,21,24,37,39,45,47],"killed_by":"Time Eater","ascension_level":15}