{"gold_per_floor":[112,127,7,26,42,42,68,68,68,401,401,429,448,467,467,567,567,577,595,609,559,569,569,588,598,624,658,675,398,411,411],"floor_reached":31,"playtime":2276,"items_purged":["Strike_B","Strike_B"],"score":308,"play_id":"9637fe7d-cf24-4da7-9292-7eba25a4597e","local_time":"20190326220142","is_ascension_mode":false,"campfire_choices":[{"data":"Zap","floor":6,"key":"SMITH"},{"data":"Consume","floor":8,"key":"SMITH"},{"data":"Capacitor","floor":15,"key":"SMITH"},{"data":"Echo Form","floor":23,"key":"SMITH"}],"neow_cost":"NONE","seed_source_timestamp":105865642863964,"circlet_count":0,"master_deck":["Strike_B","Strike_B","Defend_B","Defend_B","Defend_B","Defend_B","Zap+1","Dualcast","Ball Lightning","Go for the Eyes","Conserve Battery","Conserve Battery","Ball Lightning","Consume+1","Capacitor+1","Hologram","Tempest","Auto Shields","Echo Form+1","Go for the Eyes","Steam","Tempest","Capacitor+1","Conserve Battery"],"relics":["Cracked Core","NeowsBlessing","PreservedInsect","Old Coin","Gremlin Horn","Art of War","Busted Crown","Pen Nib","DataDisk"],"potions_floor_usage":[7,20,22,25,25,30,30,31,31],"damage_taken":[{"damage":0,"enemies":"Cultist","floor":1,"turns":1},{"damage":0,"enemies":"2 Louse","floor":2,"turns":1},{"damage":0,"enemies":"Jaw Worm","floor":4,"turns":1},{"damage":0,"enemies":"2 Fungi Beasts","floor":5,"turns":3},{"damage":12,"enemies":"Gremlin Nob","floor":7,"turns":4},{"damage":9,"enemies":"Lagavulin","floor":10,"turns":5},{"damage":0,"enemies":"Gremlin Nob","floor":12,"turns":2},{"damage":2,"enemies":"Blue Slaver","floor":13,"turns":3},{"damage":0,"enemies":"Looter","floor":14,"turns":3},{"damage":23,"enemies":"The Guardian","floor":16,"turns":8},{"damage":4,"enemies":"Spheric Guardian","floor":18,"turns":4},{"damage":18,"enemies":"2 Thieves","floor":19,"turns":4},{"damage":0,"enemies":"Snake Plant","floor":20,"turns":4},{"damage":3,"enemies":"3 Cultists","floor":22,"turns":5},{"damage":12,"enemies":"Centurion and Healer","floor":24,"turns":8},{"damage":15,"enemies":"Shelled Parasite and Fungi","floor":25,"turns":7},{"damage":13,"enemies":"Book of Stabbing","floor":27,"turns":5},{"damage":22,"enemies":"3 Cultists","floor":28,"turns":4},{"damage":0,"enemies":"Centurion and Healer","floor":30,"turns":6},{"damage":7,"enemies":"Shelled Parasite and Fungi","floor":31,"turns":2}],"seed_played":"-6960419278183137421","potions_obtained":[{"floor":4,"key":"Dexterity Potion"},{"floor":5,"key":"SteroidPotion"},{"floor":14,"key":"SteroidPotion"},{"floor":16,"key":"Energy Potion"},{"floor":24,"key":"Regen Potion"},{"floor":27,"key":"Strength Potion"},{"floor":28,"key":"Strength Potion"},{"floor":30,"key":"GamblersBrew"}],"is_trial":false,"path_per_floor":["M","M","$","M","M","R","E","R","T","E","T","E","M","M","R","B",null,"M","M","M","?","M","R","M","M","T","E","M","$","M","M"],"character_chosen":"DEFECT","items_purchased":["Conserve Battery","SkillPotion","EssenceOfSteel","Swift Potion"],"campfire_rested":0,"item_purchase_floors":[3,29,29,29],"current_hp_per_floor":[75,75,75,75,75,75,63,63,63,54,54,54,52,52,52,29,75,71,53,53,53,50,50,38,38,38,25,3,3,3,0],"gold":411,"neow_bonus":"THREE_ENEMY_KILL","is_prod":false,"is_daily":false,"chose_seed":false,"campfire_upgraded":4,"win_rate":0,"timestamp":1553648502,"path_taken":["M","M","?","M","?","R","E","R","T","E","?","E","M","M","R","BOSS","M","?","M","?","M","R","M","?","T","E","M","$","M","M"],"build_version":"2019-01-23","purchased_purges":2,"victory":false,"max_hp_per_floor":[75,75,75,75,75,75,75,75,75,75,75,75,75,75,75,75,75,75,75,75,75,75,75,75,75,75,75,75,75,75,75],"card_choices":[{"not_picked":["Coolheaded","Defragment"],"picked":"Ball Lightning","floor":1},{"not_picked":["Barrage","Force Field"],"picked":"Go for the Eyes","floor":2},{"not_picked":["Cold Snap","Self Repair"],"picked":"Conserve Battery","floor":4},{"not_picked":["Redo","Conserve Battery"],"picked":"Ball Lightning","floor":5},{"not_picked":["Rebound","Static Discharge"],"picked":"Consume","floor":7},{"not_picked":["Hello World","Chaos"],"picked":"Capacitor","floor":10},{"not_picked":["Double Energy","Darkness"],"picked":"Hologram","floor":12},{"not_picked":["Coolheaded","Compile Driver"],"picked":"Tempest","floor":13},{"not_picked":["Force Field","Ball Lightning"],"picked":"Auto Shields","floor":14},{"not_picked":["Thunder Strike","Hyperbeam"],"picked":"Echo Form","floor":16},{"not_picked":[],"picked":"Go for the Eyes","floor":18},{"not_picked":[],"picked":"Steam","floor":19},{"not_picked":["Chaos"],"picked":"SKIP","floor":20},{"not_picked":[],"picked":"Tempest","floor":22},{"not_picked":["Coolheaded"],"picked":"SKIP","floor":24},{"not_picked":["Streamline"],"picked":"SKIP","floor":25},{"not_picked":[],"picked":"Capacitor+1","floor":27},{"not_picked":["Scrape+1"],"picked":"SKIP","floor":28},{"not_picked":[],"picked":"Conserve Battery","floor":30}],"player_experience":393336,"relics_obtained":[{"floor":7,"key":"PreservedInsect"},{"floor":10,"key":"Old Coin"},{"floor":11,"key":"Gremlin Horn"},{"floor":12,"key":"Art of War"},{"floor":26,"key":"Pen Nib"},{"floor":27,"key":"DataDisk"}],"event_choices":[{"damage_healed":0,"gold_gain":0,"player_choice":"Bet on Murderer","damage_taken":0,"max_hp_gain":0,"max_hp_loss":0,"event_name":"The Joust","floor":21,"gold_loss":50}],"is_beta":false,"boss_relics":[{"not_picked":["Calling Bell","Coffee Dripper"],"picked":"Busted Crown"}],"items_purged_floors":[3,29],"is_endless":false,"potions_floor_spawned":[4,5,14,16,19,24,27,28,30],"killed_by":"Shelled Parasite and Fungi","ascension_level":0}