{"path_per_floor":["M","$","M","M","?","R","E","?","T","R","E","?","R","E","R","B",null,"M","?","M","$","?","E","M","E","T","R","?","R","E","M","R","B",null,"M","?","M","?","?","E","M","M","T","M","E","M","$","E","R","B"],"character_chosen":"IRONCLAD","items_purchased":["Bag of Preparation","Apotheosis","Rupture","Twin Strike","Heavy Blade","Centennial Puzzle","Ancient Tea Set","Ancient Potion"],"gold_per_floor":[364,14,24,39,39,39,64,64,64,64,98,173,173,199,199,301,301,318,241,255,89,59,84,99,131,131,131,131,131,163,182,182,283,283,302,302,321,321,375,402,418,430,430,441,472,488,14,42,42,42],"floor_reached":51,"campfire_rested":1,"playtime":4766,"current_hp_per_floor":[80,80,80,80,80,80,73,73,73,73,53,42,42,56,56,35,80,61,61,36,36,36,37,45,61,61,61,61,61,44,47,71,34,80,42,42,22,22,56,37,72,66,66,86,76,58,58,63,63,18],"items_purged":["Writhe"],"gold":42,"score":1053,"play_id":"84ca07a1-201e-40e6-bfa1-8c08118c6476","local_time":"20180508235902","is_prod":false,"is_daily":false,"chose_seed":false,"is_ascension_mode":true,"campfire_upgraded":7,"timestamp":1525849142,"path_taken":["M","$","M","M","?","R","E","?","T","R","E","?","R","E","R","BOSS","M","?","M","$","?","E","?","E","T","R","?","R","E","M","R","BOSS","M","?","?","?","?","E","?","M","T","M","E","M","$","E","R","BOSS"],"build_version":"2018-05-03","seed_source_timestamp":1138782806755892,"purchased_purges":1,"victory":true,"master_deck":["Strike_R","Strike_R","Strike_R","Strike_R","Strike_R","Defend_R","Defend_R","Bash","Clothesline","Apotheosis+1","Dropkick+1","Bloodletting","Warcry+1","Reaper","Pommel Strike+1","Brutality+1","J.A.X.","Flex+1","Rupture+1","Twin Strike+1","Fiend Fire","Carnage+1","Combust","Warcry","Heavy Blade+1","Demon Form","Seeing Red+1","Spot Weakness+1","Inflame","Hemokinesis+1","Seeing Red+1","Metallicize+1","Exhume+1","Heavy Blade","Heavy Blade+1"],"max_hp_per_floor":[80,80,80,80,80,80,80,80,80,80,80,80,80,80,80,80,80,80,80,80,80,80,80,80,80,80,80,80,80,80,80,80,80,80,80,80,80,80,83,83,83,86,86,86,86,86,86,86,86,89],"relics":["Burning Blood","Bag of Preparation","Mummified Hand","Blood Vial","Vajra","Dream Catcher","White Beast Statue","Whetstone","Dead Branch","Darkstone Periapt","Lantern","Runic Cube","Unceasing Top","Bottled Tornado","Pantograph","Matryoshka","Centennial Puzzle","Ancient Tea Set","Smiling Mask"],"card_choices":[{"not_picked":["Pummel","Blood for Blood"],"picked":"Clothesline","floor":1},{"not_picked":["Wild Strike","Twin Strike"],"picked":"Dropkick","floor":3},{"not_picked":["Armaments","Perfected Strike"],"picked":"Bloodletting","floor":4},{"not_picked":["Cleave","Armaments"],"picked":"Warcry","floor":7},{"not_picked":["Iron Wave","Disarm"],"picked":"Battle Trance","floor":11},{"not_picked":["Seeing Red","Disarm"],"picked":"Pommel Strike","floor":14},{"not_picked":["Demon Form","Juggernaut"],"picked":"Brutality","floor":16},{"not_picked":["Sword Boomerang","Wild Strike"],"picked":"Flex","floor":20},{"not_picked":["Warcry","Headbutt"],"picked":"Fiend Fire","floor":23},{"not_picked":["Body Slam","Warcry"],"picked":"Carnage","floor":24},{"not_picked":["Twin Strike","True Grit"],"picked":"Combust","floor":25},{"not_picked":["Immolate","Ghostly Armor"],"picked":"Warcry","floor":31},{"not_picked":["Wild Strike","Headbutt"],"picked":"Heavy Blade","floor":32},{"not_picked":["Impervious","Immolate"],"picked":"Demon Form","floor":33},{"not_picked":["Body Slam","Second Wind"],"picked":"Seeing Red","floor":35},{"not_picked":["Iron Wave","Perfected Strike"],"picked":"Spot Weakness","floor":39},{"not_picked":["Heavy Blade","Feed"],"picked":"Inflame","floor":40},{"not_picked":["Clothesline","Wild Strike"],"picked":"Hemokinesis","floor":41},{"not_picked":["Wild Strike","Intimidate"],"picked":"Seeing Red","floor":44},{"not_picked":["Burning Pact","Reckless Charge"],"picked":"Metallicize","floor":45},{"not_picked":["Metallicize","Combust"],"picked":"Exhume","floor":46},{"not_picked":["Havoc","Wild Strike"],"picked":"Heavy Blade","floor":48}],"player_experience":371116,"potions_floor_usage":[7,11,14,20,23,23,23,24,25,30,33,33,35,37,40,41,44,45,45,46,50,50,50],"damage_taken":[{"damage":0,"enemies":"Small Slimes","floor":1,"turns":4},{"damage":4,"enemies":"Jaw Worm","floor":3,"turns":4},{"damage":1,"enemies":"2 Louse","floor":4,"turns":3},{"damage":13,"enemies":"3 Sentries","floor":7,"turns":7},{"damage":28,"enemies":"Gremlin Nob","floor":11,"turns":4},{"damage":6,"enemies":"3 Sentries","floor":14,"turns":5},{"damage":38,"enemies":"Hexaghost","floor":16,"turns":7},{"damage":40,"enemies":"2 Thieves","floor":18,"turns":4},{"damage":41,"enemies":"3 Byrds","floor":20,"turns":4},{"damage":19,"enemies":"Book of Stabbing","floor":23,"turns":3},{"damage":0,"enemies":"Snecko","floor":24,"turns":2},{"damage":36,"enemies":"Gremlin Leader","floor":25,"turns":4},{"damage":43,"enemies":"Slavers","floor":30,"turns":3},{"damage":5,"enemies":"Centurion and Healer","floor":31,"turns":2},{"damage":54,"enemies":"Champ","floor":33,"turns":4},{"damage":44,"enemies":"3 Shapes","floor":35,"turns":3},{"damage":28,"enemies":"3 Darklings","floor":37,"turns":3},{"damage":4,"enemies":"Mysterious Sphere","floor":39,"turns":3},{"damage":49,"enemies":"Nemesis","floor":40,"turns":5},{"damage":12,"enemies":"Maw","floor":41,"turns":3},{"damage":54,"enemies":"4 Shapes","floor":42,"turns":3},{"damage":21,"enemies":"3 Darklings","floor":44,"turns":3},{"damage":16,"enemies":"Giant Head","floor":45,"turns":3},{"damage":26,"enemies":"Sphere and 2 Shapes","floor":46,"turns":3},{"damage":3,"enemies":"Nemesis","floor":48,"turns":1},{"damage":87,"enemies":"Awakened One","floor":50,"turns":5}],"event_choices":[{"event_name":"The Cleric","player_choice":"Leave","floor":5,"damage_taken":0},{"event_name":"Transmorgrifier","player_choice":"Transform","floor":8,"damage_taken":0},{"event_name":"World of Goop","player_choice":"Gather Gold","floor":12,"damage_taken":0},{"event_name":"Drug Dealer","player_choice":"Got JAXXED","floor":19,"damage_taken":0},{"event_name":"The Woman in Blue","player_choice":"Bought 2 Potions","floor":22,"damage_taken":0},{"event_name":"Back to Basics","player_choice":"Elegance","floor":28,"damage_taken":0},{"event_name":"Tomb of Lord Red Mask","player_choice":"Ignored","floor":38,"damage_taken":0},{"event_name":"Mysterious Sphere","player_choice":"Fight","floor":39,"damage_taken":0}],"boss_relics":[{"not_picked":["Velvet Choker","Snecko Eye"],"picked":"White Beast Statue"},{"not_picked":["Eternal Feather","Black Star"],"picked":"Runic Cube"}],"potions_floor_spawned":[3,4,7,18,20,23,24,25,30,31,33,35,37,39,40,41,42,44,45,46,48],"seed_played":"3115897674605506768","ascension_level":4,"is_trial":false}