{"gold_per_floor":[111,111,130,130,149,182,198,228,301,301,319,346,358,358,358,456,456,470,395,415,14,27,57,57,72,72,102,102,33,33,33,33,134,134,151,168,68,168,187,220,230,230,230,257,269,285,28,28,28,28],"floor_reached":50,"playtime":3612,"items_purged":["Strike_G","Strike_G","Strike_G"],"score":931,"play_id":"b1d7721e-0f7a-4432-8678-0fb978a75644","local_time":"20190418033231","is_ascension_mode":true,"campfire_choices":[{"data":"Noxious Fumes","floor":15,"key":"SMITH"},{"floor":24,"key":"REST"},{"data":"Footwork","floor":28,"key":"SMITH"},{"data":"Footwork","floor":32,"key":"SMITH"},{"data":"Backflip","floor":42,"key":"SMITH"},{"floor":49,"key":"REST"}],"neow_cost":"NONE","seed_source_timestamp":47966276281746,"circlet_count":0,"master_deck":["AscendersBane","Defend_G","Defend_G","Defend_G","Defend_G","Defend_G","Survivor","Neutralize","Endless Agony","Sucker Punch","Footwork+1","Flying Knee","Backflip+1","Leg Sweep","Die Die Die","Noxious Fumes+1","Die Die Die","Crippling Poison","Deflect","Leg Sweep","Deflect+1","Endless Agony","Skewer","Footwork+1","Calculated Gamble","Corpse Explosion","Blur+1","Terror+1","Flying Knee+1","Cloak And Dagger+1","Leg Sweep+1","Skewer+1","Blade Dance+1","Catalyst+1","Deflect+1","Well Laid Plans"],"relics":["Ring of the Snake","NeowsBlessing","FossilizedHelix","Dead Branch","Bag of Marbles","Bottled Lightning","Blood Vial","White Beast Statue","Bottled Tornado","Sundial","Blue Candle","Pear","WristBlade","Toxic Egg 2","Strawberry","Meat on the Bone","Smiling Mask"],"potions_floor_usage":[8,12,18,23,27,33,33,33,36,44,45],"damage_taken":[{"damage":0,"enemies":"Jaw Worm","floor":1,"turns":1},{"damage":0,"enemies":"Cultist","floor":3,"turns":1},{"damage":0,"enemies":"2 Louse","floor":5,"turns":1},{"damage":35,"enemies":"3 Sentries","floor":6,"turns":17},{"damage":3,"enemies":"Looter","floor":7,"turns":3},{"damage":8,"enemies":"Lagavulin","floor":8,"turns":7},{"damage":0,"enemies":"Exordium Wildlife","floor":11,"turns":6},{"damage":1,"enemies":"3 Sentries","floor":12,"turns":9},{"damage":0,"enemies":"Large Slime","floor":13,"turns":5},{"damage":1,"enemies":"Hexaghost","floor":16,"turns":14},{"damage":0,"enemies":"Spheric Guardian","floor":18,"turns":4},{"damage":2,"enemies":"Shell Parasite","floor":20,"turns":9},{"damage":20,"enemies":"Snecko","floor":22,"turns":7},{"damage":29,"enemies":"Book of Stabbing","floor":23,"turns":7},{"damage":0,"enemies":"Centurion and Healer","floor":25,"turns":7},{"damage":0,"enemies":"Slavers","floor":27,"turns":5},{"damage":49,"enemies":"Champ","floor":33,"turns":20},{"damage":0,"enemies":"3 Shapes","floor":35,"turns":5},{"damage":3,"enemies":"Orb Walker","floor":36,"turns":4},{"damage":11,"enemies":"Maw","floor":39,"turns":7},{"damage":11,"enemies":"Nemesis","floor":40,"turns":7},{"damage":16,"enemies":"Transient","floor":41,"turns":5},{"damage":29,"enemies":"Reptomancer","floor":44,"turns":9},{"damage":0,"enemies":"Jaw Worm Horde","floor":45,"turns":5},{"damage":0,"enemies":"Sphere and 2 Shapes","floor":46,"turns":5},{"damage":81,"enemies":"Awakened One","floor":50,"turns":11}],"seed_played":"-6687432782649329327","potions_obtained":[{"floor":1,"key":"Ancient Potion"},{"floor":6,"key":"Fire Potion"},{"floor":11,"key":"SteroidPotion"},{"floor":13,"key":"Weak Potion"},{"floor":18,"key":"AttackPotion"},{"floor":20,"key":"Energy Potion"},{"floor":22,"key":"SpeedPotion"},{"floor":23,"key":"PowerPotion"},{"floor":27,"key":"SpeedPotion"},{"floor":33,"key":"Ancient Potion"},{"floor":35,"key":"FearPotion"},{"floor":36,"key":"Fruit Juice"},{"floor":39,"key":"Dexterity Potion"},{"floor":44,"key":"Weak Potion"},{"floor":45,"key":"Ancient Potion"}],"is_trial":false,"path_per_floor":["M","?","M","?","M","E","M","E","T","?","M","E","M","?","R","B",null,"M","?","M","$","M","E","R","M","T","E","R","$","?","?","R","B",null,"M","M","$","?","M","E","M","R","T","E","M","M","$","T","R","B"],"character_chosen":"THE_SILENT","items_purchased":["Bottled Tornado","Deflect","Leg Sweep","Footwork","Deflect+1","Well Laid Plans"],"campfire_rested":2,"item_purchase_floors":[21,21,21,29,47,47],"current_hp_per_floor":[63,68,68,68,68,33,30,22,22,22,22,21,23,16,16,17,61,63,63,63,63,45,18,40,42,42,54,54,54,54,54,54,7,66,68,72,72,72,63,54,40,40,47,20,34,48,48,48,77,0],"gold":28,"neow_bonus":"THREE_ENEMY_KILL","is_prod":false,"is_daily":false,"chose_seed":false,"campfire_upgraded":4,"win_rate":0,"timestamp":1555569151,"path_taken":["M","?","M","?","?","E","M","E","T","?","M","E","M","?","R","BOSS","M","?","M","$","M","E","R","M","T","E","R","$","?","?","R","BOSS","M","M","$","?","?","E","M","R","T","E","M","M","$","?","R","BOSS"],"build_version":"2019-01-23","purchased_purges":3,"victory":false,"max_hp_per_floor":[70,75,75,75,75,75,75,75,75,75,75,75,75,75,75,75,75,75,75,75,75,75,75,75,75,75,85,85,85,85,85,85,85,85,85,90,90,90,90,90,90,90,97,97,97,97,97,97,97,97],"card_choices":[{"not_picked":["Cloak And Dagger","Choke"],"picked":"Endless Agony","floor":1},{"not_picked":["Deflect","Tactician"],"picked":"Sucker Punch","floor":3},{"not_picked":["Flying Knee","Dodge and Roll"],"picked":"Footwork","floor":5},{"not_picked":["Deadly Poison","Backflip"],"picked":"Flying Knee","floor":6},{"not_picked":["Terror","Quick Slash"],"picked":"Backflip","floor":7},{"not_picked":["Choke","Bouncing Flask","Bane"],"picked":"SKIP","floor":8},{"not_picked":["Bane","Sucker Punch"],"picked":"Leg Sweep","floor":11},{"not_picked":["Acrobatics","Flechettes"],"picked":"Die Die Die","floor":12},{"not_picked":["Flying Knee","PiercingWail"],"picked":"Noxious Fumes","floor":13},{"not_picked":["A Thousand Cuts","Tools of the Trade"],"picked":"Die Die Die","floor":16},{"not_picked":["Quick Slash","Masterful Stab","Underhanded Strike"],"picked":"SKIP","floor":18},{"not_picked":["Distraction+1","Finisher"],"picked":"Crippling Poison","floor":20},{"not_picked":["Dash","Night Terror"],"picked":"Deflect+1","floor":22},{"not_picked":["Leg Sweep","Accuracy"],"picked":"Endless Agony","floor":23},{"not_picked":["Heel Hook","Distraction","Eviscerate"],"picked":"SKIP","floor":25},{"not_picked":["Dagger Throw","Setup"],"picked":"Skewer","floor":27},{"not_picked":["Burst","Wraith Form v2"],"picked":"Corpse Explosion","floor":33},{"not_picked":["Heel Hook+1","Outmaneuver"],"picked":"Blur+1","floor":35},{"not_picked":["Heel Hook+1","Skewer"],"picked":"Terror+1","floor":36},{"not_picked":["Quick Slash","Underhanded Strike"],"picked":"Flying Knee+1","floor":39},{"not_picked":["Dagger Throw","Poisoned Stab+1"],"picked":"Cloak And Dagger","floor":40},{"not_picked":["Slice","Heel Hook"],"picked":"Leg Sweep+1","floor":41},{"not_picked":["Prepared+1","Wraith Form v2"],"picked":"Skewer+1","floor":44},{"not_picked":["Dash","Deflect+1"],"picked":"Blade Dance+1","floor":45},{"not_picked":["Deflect+1","Deadly Poison+1"],"picked":"Catalyst+1","floor":46}],"player_experience":653052,"relics_obtained":[{"floor":6,"key":"Dead Branch"},{"floor":8,"key":"Bag of Marbles"},{"floor":9,"key":"Bottled Lightning"},{"floor":12,"key":"Blood Vial"},{"floor":23,"key":"Sundial"},{"floor":26,"key":"Blue Candle"},{"floor":27,"key":"Pear"},{"floor":40,"key":"Toxic Egg 2"},{"floor":43,"key":"Strawberry"},{"floor":44,"key":"Meat on the Bone"},{"floor":48,"key":"Smiling Mask"}],"event_choices":[{"damage_healed":0,"gold_gain":0,"player_choice":"Donut","damage_taken":0,"max_hp_gain":5,"max_hp_loss":0,"event_name":"Big Fish","floor":2,"gold_loss":0},{"damage_healed":0,"gold_gain":0,"player_choice":"Gave Potion","damage_taken":0,"relics_obtained":["FossilizedHelix"],"max_hp_gain":0,"max_hp_loss":0,"event_name":"WeMeetAgain","floor":4,"gold_loss":0},{"damage_healed":0,"gold_gain":0,"player_choice":"Searched \u00270\u0027 times","damage_taken":0,"max_hp_gain":0,"max_hp_loss":0,"event_name":"Dead Adventurer","floor":10,"gold_loss":0},{"cards_removed":["Strike_G"],"damage_healed":0,"gold_gain":0,"player_choice":"Card Removal","damage_taken":7,"max_hp_gain":0,"max_hp_loss":0,"event_name":"Golden Wing","floor":14,"gold_loss":0},{"cards_removed":["Strike_G"],"damage_healed":0,"gold_gain":0,"player_choice":"Gave Gold","damage_taken":0,"max_hp_gain":0,"max_hp_loss":0,"event_name":"Beggar","floor":19,"gold_loss":75},{"damage_healed":0,"gold_gain":0,"player_choice":"Read","damage_taken":0,"max_hp_gain":0,"max_hp_loss":0,"event_name":"The Library","floor":31,"gold_loss":0,"cards_obtained":["Calculated Gamble"]},{"damage_healed":0,"gold_gain":100,"player_choice":"Pray","damage_taken":0,"max_hp_gain":0,"max_hp_loss":0,"event_name":"Golden Shrine","floor":38,"gold_loss":0}],"is_beta":false,"boss_relics":[{"not_picked":["Tiny House","Eternal Feather"],"picked":"White Beast Statue"},{"not_picked":["Philosopher\u0027s Stone","HoveringKite"],"picked":"WristBlade"}],"items_purged_floors":[21,37,47],"is_endless":false,"potions_floor_spawned":[1,6,11,13,18,20,22,23,25,27,33,35,36,39,40,41,44,45,46],"killed_by":"Awakened One","ascension_level":10}