{"gold_per_floor":[115,129,144,66,66,66,91,46,46,77,152,152,170,187,187,291,291,303,315,41,53,73,73,98,98,98,133,148,148,161,86,86,189,189,207,225,225,237,253,253,286,286,286,286,286,299,299,334,334,334],"floor_reached":50,"playtime":8413,"items_purged":["Strike_G"],"score":580,"play_id":"6c773d7b-b197-4cab-b927-c7485404279c","local_time":"20190328164611","is_ascension_mode":true,"campfire_choices":[{"data":"Dash","floor":6,"key":"SMITH"},{"data":"Phantasmal Killer","floor":15,"key":"SMITH"},{"data":"Doppelganger","floor":23,"key":"SMITH"},{"floor":25,"key":"REST"},{"floor":32,"key":"REST"},{"data":"Reflex","floor":40,"key":"SMITH"},{"data":"Reflex","floor":42,"key":"SMITH"},{"data":"Crippling Poison","floor":45,"key":"SMITH"},{"data":"Tools of the Trade","floor":47,"key":"SMITH"},{"data":"Reflex","floor":49,"key":"SMITH"}],"neow_cost":"NONE","seed_source_timestamp":3082764931895,"circlet_count":0,"master_deck":["Defend_G","Defend_G","Defend_G","Defend_G","Strike_G","Strike_G","Strike_G","Survivor","Neutralize+1","Dash+1","Dagger Throw","Dodge and Roll","Leg Sweep+1","Crippling Poison+1","Flying Knee","Distraction","Dagger Throw","Phantasmal Killer+1","Bullet Time","Crippling Poison","Flechettes+1","Expertise","Doppelganger+1","Backflip","Noxious Fumes+1","Reflex+1","Tools of the Trade+1","Acrobatics+1","Reflex+1","Reflex+1"],"relics":["Ring of the Snake","Gambling Chip","Bottled Lightning","Darkstone Periapt","HoveringKite","Juzu Bracelet","Letter Opener","Incense Burner","Eternal Feather","Snake Skull","Pear","Shuriken"],"potions_floor_usage":[10,16,16,21,24,27,33,33,50,50],"damage_taken":[{"damage":0,"enemies":"Jaw Worm","floor":1,"turns":3},{"damage":0,"enemies":"2 Louse","floor":2,"turns":2},{"damage":0,"enemies":"Small Slimes","floor":3,"turns":4},{"damage":6,"enemies":"3 Sentries","floor":7,"turns":12},{"damage":22,"enemies":"Gremlin Nob","floor":10,"turns":6},{"damage":0,"enemies":"Blue Slaver","floor":13,"turns":3},{"damage":0,"enemies":"3 Louse","floor":14,"turns":3},{"damage":24,"enemies":"The Guardian","floor":16,"turns":10},{"damage":15,"enemies":"Spheric Guardian","floor":18,"turns":6},{"damage":0,"enemies":"Shell Parasite","floor":19,"turns":6},{"damage":15,"enemies":"3 Cultists","floor":21,"turns":7},{"damage":3,"enemies":"Cultist and Chosen","floor":22,"turns":6},{"damage":22,"enemies":"Slavers","floor":24,"turns":9},{"damage":12,"enemies":"Gremlin Leader","floor":27,"turns":6},{"damage":9,"enemies":"Snecko","floor":28,"turns":5},{"damage":3,"enemies":"Snake Plant","floor":30,"turns":3},{"damage":24,"enemies":"Automaton","floor":33,"turns":14},{"damage":10,"enemies":"Orb Walker","floor":35,"turns":4},{"damage":1,"enemies":"3 Shapes","floor":36,"turns":5},{"damage":7,"enemies":"Spire Growth","floor":38,"turns":5},{"damage":2,"enemies":"4 Shapes","floor":39,"turns":5},{"damage":26,"enemies":"Nemesis","floor":41,"turns":8},{"damage":20,"enemies":"3 Darklings","floor":46,"turns":3},{"damage":30,"enemies":"Reptomancer","floor":48,"turns":7},{"damage":59,"enemies":"Donu and Deca","floor":50,"turns":8}],"seed_played":"5608562131757387763","potions_obtained":[{"floor":3,"key":"FairyPotion"},{"floor":7,"key":"PowerPotion"},{"floor":13,"key":"Strength Potion"},{"floor":14,"key":"Poison Potion"},{"floor":16,"key":"AttackPotion"},{"floor":22,"key":"GhostInAJar"},{"floor":24,"key":"GhostInAJar"},{"floor":27,"key":"Energy Potion"},{"floor":30,"key":"Block Potion"},{"floor":39,"key":"SteroidPotion"},{"floor":46,"key":"Ancient Potion"},{"floor":48,"key":"SneckoOil"}],"is_trial":false,"path_per_floor":["?","?","?","?","?","?","?"],"character_chosen":"THE_SILENT","items_purchased":["Leg Sweep","Flying Knee","Expertise","Doppelganger"],"campfire_rested":2,"item_purchase_floors":[4,8,20,20],"current_hp_per_floor":[70,70,70,70,70,70,64,64,64,42,31,24,24,24,24,7,70,55,55,55,40,37,37,15,36,36,24,15,15,12,12,33,9,70,60,59,59,52,50,65,39,54,64,64,76,56,71,41,59,0],"gold":334,"neow_bonus":"UPGRADE_CARD","is_prod":false,"is_daily":false,"chose_seed":false,"campfire_upgraded":8,"win_rate":0,"timestamp":1553766371,"path_taken":["M","M","M","$","?","R","E","$","T","E","?","?","M","M","R","BOSS","M","M","$","M","M","R","E","R","T","E","M","?","M","?","R","BOSS","M","M","?","M","M","R","E","R","T","?","R","M","R","E","R","BOSS"],"build_version":"2019-01-23","purchased_purges":1,"victory":false,"max_hp_per_floor":[70,70,70,70,70,70,70,70,70,70,70,70,70,70,70,70,70,70,70,70,70,70,70,70,70,70,70,70,70,70,70,70,70,70,70,70,66,66,66,66,66,66,76,76,76,76,76,76,76,76],"card_choices":[{"not_picked":["Dodge and Roll","Quick Slash"],"picked":"Dash","floor":1},{"not_picked":["Quick Slash","Slice"],"picked":"Dagger Throw","floor":2},{"not_picked":["Quick Slash","Catalyst"],"picked":"Dodge and Roll","floor":3},{"not_picked":["Underhanded Strike","Sucker Punch"],"picked":"Crippling Poison","floor":7},{"not_picked":["Flechettes","Eviscerate"],"picked":"Distraction","floor":10},{"not_picked":["Bane","Dodge and Roll"],"picked":"Dagger Throw","floor":13},{"not_picked":["Distraction","Sucker Punch"],"picked":"Phantasmal Killer","floor":14},{"not_picked":["Storm of Steel","Unload"],"picked":"Bullet Time","floor":16},{"not_picked":["Bane","Prepared"],"picked":"Crippling Poison","floor":18},{"not_picked":["Dodge and Roll+1","Cloak And Dagger"],"picked":"Flechettes+1","floor":19},{"not_picked":["Blade Dance+1","Deflect","Accuracy"],"picked":"SKIP","floor":21},{"not_picked":["Outmaneuver","Poisoned Stab+1"],"picked":"Backflip","floor":22},{"not_picked":["Prepared+1","Blade Dance"],"picked":"Noxious Fumes","floor":24},{"not_picked":["Cloak And Dagger","Calculated Gamble"],"picked":"Reflex","floor":27},{"not_picked":["Prepared+1","Poisoned Stab","Outmaneuver"],"picked":"SKIP","floor":28},{"not_picked":["Deflect","Outmaneuver","PiercingWail"],"picked":"SKIP","floor":30},{"not_picked":["Glass Knife","Unload"],"picked":"Tools of the Trade","floor":33},{"not_picked":["Skewer","Deadly Poison+1"],"picked":"Acrobatics+1","floor":35},{"not_picked":["Blade Dance","Setup+1","Deadly Poison+1"],"picked":"SKIP","floor":36},{"not_picked":["Dodge and Roll","Finisher+1"],"picked":"Reflex","floor":38},{"not_picked":["Blade Dance+1","Poisoned Stab","All Out Attack+1"],"picked":"SKIP","floor":39},{"not_picked":["Underhanded Strike+1","Terror+1","Crippling Poison"],"picked":"SKIP","floor":41},{"not_picked":["Bouncing Flask","Sucker Punch+1","Cloak And Dagger"],"picked":"SKIP","floor":46},{"not_picked":["Bouncing Flask+1","Blade Dance"],"picked":"Reflex","floor":48}],"player_experience":138904,"relics_obtained":[{"floor":7,"key":"Gambling Chip"},{"floor":9,"key":"Bottled Lightning"},{"floor":10,"key":"Darkstone Periapt"},{"floor":24,"key":"Juzu Bracelet"},{"floor":26,"key":"Letter Opener"},{"floor":27,"key":"Incense Burner"},{"floor":41,"key":"Snake Skull"},{"floor":43,"key":"Pear"},{"floor":48,"key":"Shuriken"}],"event_choices":[{"damage_healed":0,"gold_gain":0,"player_choice":"Grow","damage_taken":0,"max_hp_gain":0,"max_hp_loss":0,"event_name":"Living Wall","floor":5,"gold_loss":0,"cards_upgraded":["Leg Sweep"]},{"damage_healed":0,"gold_gain":75,"player_choice":"Gather Gold","damage_taken":11,"max_hp_gain":0,"max_hp_loss":0,"event_name":"World of Goop","floor":11,"gold_loss":0},{"cards_removed":["Defend_G"],"damage_healed":0,"gold_gain":0,"player_choice":"Card Removal","damage_taken":7,"max_hp_gain":0,"max_hp_loss":0,"event_name":"Golden Wing","floor":12,"gold_loss":0},{"damage_healed":0,"gold_gain":0,"player_choice":"Ignored","damage_taken":0,"max_hp_gain":0,"max_hp_loss":0,"event_name":"Ghosts","floor":29,"gold_loss":0},{"cards_removed":["Strike_G"],"damage_healed":0,"gold_gain":0,"player_choice":"Gave Gold","damage_taken":0,"max_hp_gain":0,"max_hp_loss":0,"event_name":"Beggar","floor":31,"gold_loss":75},{"damage_healed":0,"gold_gain":0,"player_choice":"Max HP","damage_taken":0,"max_hp_gain":0,"max_hp_loss":4,"event_name":"Winding Halls","floor":37,"gold_loss":0},{"damage_healed":0,"gold_gain":0,"player_choice":"Forge","damage_taken":0,"max_hp_gain":0,"max_hp_loss":0,"event_name":"Accursed Blacksmith","floor":44,"gold_loss":0,"cards_upgraded":["Noxious Fumes"]}],"is_beta":false,"boss_relics":[{"not_picked":["Tiny House","Sozu"],"picked":"HoveringKite"},{"not_picked":["Philosopher\u0027s Stone","Coffee Dripper"],"picked":"Eternal Feather"}],"items_purged_floors":[20],"is_endless":false,"potions_floor_spawned":[3,7,13,14,16,22,24,27,30,39,46,48],"killed_by":"Donu and Deca","ascension_level":1}