{"gold_per_floor":[115,190,190,210,210,238,249,264,287,287,299,334,353,386,386,482,482,494,272,197,197,197,232,248,248,274,274,274,29,55,68,68,165,165,184,184,184,184,30,30,60,60,60,91,91,91,121,138,138,138],"floor_reached":50,"playtime":5102,"items_purged":[],"score":871,"play_id":"85f81620-3f78-44ad-8253-9755a42e6dab","local_time":"20190131201949","is_ascension_mode":true,"campfire_choices":[{"floor":10,"key":"REST"},{"floor":15,"key":"REST"},{"floor":28,"key":"REST"},{"floor":32,"key":"REST"},{"floor":40,"key":"RECALL"},{"data":"White Noise","floor":46,"key":"SMITH"},{"data":"Storm","floor":49,"key":"SMITH"}],"neow_cost":"TEN_PERCENT_HP_LOSS","seed_source_timestamp":1444811329758600,"circlet_count":0,"master_deck":["Strike_B+1","Defend_B","Zap","Dualcast","Hologram","Core Surge","Aggregate","Go for the Eyes","Cold Snap","Scrape+1","White Noise+1","Leap","Auto Shields","Scrape","Buffer","Steam","Storm+1","Buffer","Chill","Steam","Hologram","White Noise","Electrodynamics","Steam+1","Forethought","Swift Strike","Metamorphosis","Defragment","White Noise","Turbo+1","Coolheaded+1","Madness","Madness","Redo+1","Conserve Battery+1"],"relics":["Cracked Core","FossilizedHelix","Regal Pillow","Lantern","Whetstone","Gambling Chip","Inserter","Oddly Smooth Stone","Ancient Tea Set","Unceasing Top","Dodecahedron","OrangePellets","Juzu Bracelet","Eternal Feather","Darkstone Periapt","Happy Flower","Kunai","Peace Pipe","Molten Egg 2","Bottled Flame"],"potions_floor_usage":[13,14,16,30,30,50,50],"damage_taken":[{"damage":0,"enemies":"2 Louse","floor":1,"turns":2},{"damage":0,"enemies":"Small Slimes","floor":4,"turns":3},{"damage":52,"enemies":"Gremlin Nob","floor":6,"turns":7},{"damage":0,"enemies":"Cultist","floor":7,"turns":3},{"damage":0,"enemies":"Exordium Wildlife","floor":8,"turns":3},{"damage":0,"enemies":"Blue Slaver","floor":11,"turns":2},{"damage":2,"enemies":"Lagavulin","floor":12,"turns":8},{"damage":0,"enemies":"Gremlin Gang","floor":13,"turns":5},{"damage":0,"enemies":"3 Sentries","floor":14,"turns":12},{"damage":2,"enemies":"The Guardian","floor":16,"turns":13},{"damage":0,"enemies":"Chosen","floor":18,"turns":7},{"damage":48,"enemies":"Slavers","floor":23,"turns":11},{"damage":2,"enemies":"Shell Parasite","floor":24,"turns":7},{"damage":0,"enemies":"Gremlin Leader","floor":30,"turns":12},{"damage":0,"enemies":"Centurion and Healer","floor":31,"turns":19},{"damage":0,"enemies":"Champ","floor":33,"turns":14},{"damage":0,"enemies":"Orb Walker","floor":35,"turns":5},{"damage":0,"enemies":"Nemesis","floor":41,"turns":7},{"damage":0,"enemies":"Reptomancer","floor":44,"turns":5},{"damage":0,"enemies":"Nemesis","floor":47,"turns":7},{"damage":0,"enemies":"3 Shapes","floor":48,"turns":4},{"damage":82,"enemies":"Awakened One","floor":50,"turns":15}],"seed_played":"-7772227021603679991","potions_obtained":[{"floor":8,"key":"Dexterity Potion"},{"floor":12,"key":"EssenceOfSteel"},{"floor":14,"key":"Block Potion"},{"floor":16,"key":"Regen Potion"},{"floor":23,"key":"Explosive Potion"},{"floor":24,"key":"AttackPotion"},{"floor":33,"key":"Poison Potion"},{"floor":41,"key":"LiquidBronze"},{"floor":44,"key":"Fire Potion"},{"floor":47,"key":"FairyPotion"},{"floor":48,"key":"Strength Potion"}],"is_trial":false,"path_per_floor":["M","?","?","M","?","E","M","M","T","R","M","E","M","E","R","B",null,"M","$","?","?","?","E","M","?","T","?","R","$","E","M","R","B",null,"M","?","T","?","$","R","E","T","T","E","?","R","E","M","R","B"],"character_chosen":"DEFECT","items_purchased":["Storm","Oddly Smooth Stone","OrangePellets","Steam","Defragment","White Noise"],"campfire_rested":4,"item_purchase_floors":[19,19,29,29,39,39],"current_hp_per_floor":[68,57,57,57,57,5,5,5,5,40,40,38,38,38,68,66,68,68,68,68,68,68,20,18,18,18,18,53,53,53,53,68,68,68,68,68,68,58,58,68,68,68,68,68,59,68,68,68,68,0],"gold":138,"neow_bonus":"ONE_RARE_RELIC","is_prod":false,"is_daily":false,"chose_seed":false,"campfire_upgraded":2,"win_rate":0,"timestamp":1548991189,"path_taken":["M","?","?","M","?","E","?","M","T","R","M","E","M","E","R","BOSS","M","$","?","?","?","E","?","?","T","?","R","$","E","M","R","BOSS","M","?","?","?","?","R","E","?","T","E","?","R","E","M","R","BOSS"],"build_version":"2019-01-23","purchased_purges":0,"victory":false,"max_hp_per_floor":[68,68,68,68,68,68,68,68,68,68,68,68,68,68,68,68,68,68,68,68,68,68,68,68,68,68,68,68,68,68,68,68,68,68,68,68,68,68,68,68,68,68,68,68,68,68,68,68,68,68],"card_choices":[{"not_picked":["Stack","Barrage"],"picked":"Hologram","floor":1},{"not_picked":["Compile Driver","Go for the Eyes"],"picked":"Core Surge","floor":4},{"not_picked":["Darkness","Turbo"],"picked":"Go for the Eyes","floor":6},{"not_picked":["Coolheaded","Beam Cell"],"picked":"Cold Snap","floor":7},{"not_picked":["Static Discharge","Multi-Cast"],"picked":"Scrape","floor":8},{"not_picked":["Conserve Battery","Cold Snap"],"picked":"White Noise","floor":11},{"not_picked":["Gash","Blizzard"],"picked":"Leap","floor":12},{"not_picked":["Steam","Go for the Eyes"],"picked":"Auto Shields","floor":13},{"not_picked":["Redo","Doom and Gloom"],"picked":"Scrape","floor":14},{"not_picked":["Biased Cognition","Hyperbeam"],"picked":"Buffer","floor":16},{"not_picked":["Hello World","Tempest"],"picked":"Steam","floor":18},{"not_picked":["Gash","Fusion","Recycle"],"picked":"SKIP","floor":23},{"not_picked":["Hologram","Barrage+1"],"picked":"Chill","floor":24},{"not_picked":["Go for the Eyes","Amplify"],"picked":"Hologram","floor":30},{"not_picked":["Recycle+1","Streamline"],"picked":"White Noise","floor":31},{"not_picked":["Hyperbeam","Meteor Strike"],"picked":"Electrodynamics","floor":33},{"not_picked":["Leap","Streamline"],"picked":"Steam+1","floor":35},{"not_picked":["HandOfGreed","Purity"],"picked":"Forethought","floor":38},{"not_picked":["HandOfGreed","Thinking Ahead"],"picked":"Swift Strike","floor":38},{"not_picked":["Good Instincts","Apotheosis"],"picked":"Metamorphosis","floor":38},{"not_picked":["Sunder+1","Sweeping Beam+1"],"picked":"Turbo+1","floor":41},{"not_picked":["Consume","Ball Lightning"],"picked":"Coolheaded+1","floor":44},{"not_picked":["Sweeping Beam+1","Lockon+1"],"picked":"Redo+1","floor":47},{"not_picked":["Turbo","Barrage+1"],"picked":"Conserve Battery+1","floor":48}],"player_experience":447677,"relics_obtained":[{"floor":6,"key":"Regal Pillow"},{"floor":9,"key":"Lantern"},{"floor":12,"key":"Whetstone"},{"floor":14,"key":"Gambling Chip"},{"floor":23,"key":"Unceasing Top"},{"floor":30,"key":"Juzu Bracelet"},{"floor":37,"key":"Darkstone Periapt"},{"floor":41,"key":"Happy Flower"},{"floor":42,"key":"Kunai"},{"floor":43,"key":"Peace Pipe"},{"floor":44,"key":"Molten Egg 2"},{"floor":47,"key":"Bottled Flame"}],"event_choices":[{"damage_healed":0,"gold_gain":75,"player_choice":"Gather Gold","damage_taken":11,"max_hp_gain":0,"max_hp_loss":0,"event_name":"World of Goop","floor":2,"gold_loss":0},{"cards_removed":["Strike_B"],"damage_healed":0,"gold_gain":0,"player_choice":"Forget","damage_taken":0,"max_hp_gain":0,"max_hp_loss":0,"event_name":"Living Wall","floor":3,"gold_loss":0},{"damage_healed":0,"gold_gain":0,"cards_transformed":["Strike_B"],"player_choice":"Transformed","damage_taken":0,"max_hp_gain":0,"max_hp_loss":0,"event_name":"Transmorgrifier","floor":5,"gold_loss":0,"cards_obtained":["Aggregate"]},{"cards_removed":["Strike_B"],"damage_healed":0,"gold_gain":0,"player_choice":"Gave Gold","damage_taken":0,"max_hp_gain":0,"max_hp_loss":0,"event_name":"Beggar","floor":20,"gold_loss":75},{"damage_healed":0,"gold_gain":0,"cards_transformed":["Defend_B","Defend_B"],"player_choice":"Became Test Subject","damage_taken":0,"max_hp_gain":0,"max_hp_loss":0,"event_name":"Drug Dealer","floor":21,"gold_loss":0,"cards_obtained":["Reprogram","Buffer"]},{"damage_healed":0,"gold_gain":0,"player_choice":"Gave Potion","damage_taken":0,"relics_obtained":["Ancient Tea Set"],"max_hp_gain":0,"max_hp_loss":0,"event_name":"WeMeetAgain","floor":22,"gold_loss":0},{"damage_healed":0,"gold_gain":0,"player_choice":"Opened","damage_taken":0,"relics_obtained":["Dodecahedron"],"max_hp_gain":0,"max_hp_loss":0,"event_name":"The Mausoleum","floor":25,"gold_loss":0},{"cards_removed":["Defend_B"],"damage_healed":0,"gold_gain":0,"player_choice":"Elegance","damage_taken":0,"max_hp_gain":0,"max_hp_loss":0,"event_name":"Back to Basics","floor":27,"gold_loss":0},{"cards_removed":["Reprogram"],"damage_healed":0,"gold_gain":0,"player_choice":"Removed Skill","damage_taken":0,"max_hp_gain":0,"max_hp_loss":0,"event_name":"Falling","floor":36,"gold_loss":0},{"damage_healed":0,"gold_gain":0,"player_choice":"Memory 3","damage_taken":10,"max_hp_gain":0,"max_hp_loss":0,"event_name":"SensoryStone","floor":38,"gold_loss":0},{"damage_healed":0,"gold_gain":0,"player_choice":"Embrace Madness","damage_taken":9,"max_hp_gain":0,"max_hp_loss":0,"event_name":"Winding Halls","floor":45,"gold_loss":0,"cards_obtained":["Madness","Madness"]}],"is_beta":true,"boss_relics":[{"not_picked":["Velvet Choker","Pandora\u0027s Box"],"picked":"Inserter"},{"not_picked":["Philosopher\u0027s Stone","Runic Pyramid"],"picked":"Eternal Feather"}],"items_purged_floors":[],"is_endless":false,"potions_floor_spawned":[8,12,14,16,23,24,33,41,44,47,48],"killed_by":"Awakened One","ascension_level":1}