{"gold_per_floor":[116,116,291,291,312,353,369,388,467,467,482,501,65,95,95,220,220,245,269,169,184,184,184,184],"floor_reached":24,"playtime":854,"items_purged":["Doubt","Injury"],"score":274,"play_id":"3b6551f8-5669-4a9b-a0a8-2a8b19a9ec59","local_time":"20180913134318","is_ascension_mode":true,"campfire_choices":[{"floor":10,"key":"REST"},{"data":"Limit Break","floor":15,"key":"SMITH"},{"data":"Infernal Blade","floor":23,"key":"SMITH"}],"neow_cost":"","seed_source_timestamp":758253970193785,"circlet_count":0,"master_deck":["Strike_R","Strike_R","Strike_R","Strike_R","Strike_R","Defend_R","Defend_R","Defend_R","Defend_R","Bash","Thunderclap","Rampage","Infernal Blade+1","Clothesline","Shrug It Off","Shockwave","Spot Weakness","Limit Break+1","Immolate","Sword Boomerang+1","Decay"],"relics":["Burning Blood","Golden Idol","Pantograph","Boot","Tiny Chest","Toolbox","Sozu","Art of War"],"potions_floor_usage":[6,12,24,24],"damage_taken":[{"damage":1,"enemies":"Cultist","floor":1,"turns":4},{"damage":13,"enemies":"Jaw Worm","floor":5,"turns":4},{"damage":40,"enemies":"Gremlin Nob","floor":6,"turns":5},{"damage":3,"enemies":"2 Louse","floor":7,"turns":3},{"damage":18,"enemies":"Large Slime","floor":8,"turns":6},{"damage":9,"enemies":"2 Fungi Beasts","floor":11,"turns":3},{"damage":10,"enemies":"Exordium Wildlife","floor":12,"turns":5},{"damage":77,"enemies":"Hexaghost","floor":16,"turns":12},{"damage":18,"enemies":"Chosen","floor":18,"turns":5},{"damage":15,"enemies":"Shell Parasite","floor":21,"turns":3},{"damage":49,"enemies":"Slavers","floor":24,"turns":4}],"seed_played":"4140798721341140931","potions_obtained":[{"floor":1,"key":"Poison Potion"},{"floor":8,"key":"Regen Potion"},{"floor":12,"key":"SteroidPotion"},{"floor":16,"key":"Strength Potion"}],"is_trial":false,"path_per_floor":["M","?","?","?","M","E","M","M","T","R","M","M","$","?","R","B",null,"M","T","$","M","?","R"],"character_chosen":"IRONCLAD","items_purchased":["Spot Weakness","Limit Break","Toolbox"],"campfire_rested":1,"item_purchase_floors":[13,13,13],"current_hp_per_floor":[77,77,77,74,67,33,36,28,28,52,49,57,57,57,57,9,62,50,50,50,48,48,48,0],"gold":184,"neow_bonus":"","is_prod":false,"is_daily":false,"chose_seed":false,"campfire_upgraded":2,"win_rate":0,"timestamp":1536838998,"path_taken":["M","?","?","?","?","E","M","M","T","R","M","M","$","?","R","BOSS","M","?","$","M","?","R","E"],"build_version":"2018-09-06","purchased_purges":2,"victory":false,"max_hp_per_floor":[80,80,80,80,80,80,80,80,80,80,80,80,80,80,80,80,80,80,80,80,80,80,80,80],"card_choices":[{"not_picked":["Sentinel","Wild Strike"],"picked":"Thunderclap","floor":1},{"not_picked":["Pommel Strike","True Grit"],"picked":"Rampage","floor":5},{"not_picked":["Armaments","Warcry"],"picked":"Infernal Blade","floor":6},{"not_picked":["Second Wind","Thunderclap"],"picked":"Clothesline","floor":7},{"not_picked":["Wild Strike","Ghostly Armor"],"picked":"Shrug It Off","floor":8},{"not_picked":["Clothesline","Second Wind","Wild Strike"],"picked":"SKIP","floor":11},{"not_picked":["Infernal Blade","Rampage"],"picked":"Shockwave","floor":12},{"not_picked":["Exhume","Bludgeon"],"picked":"Immolate","floor":16},{"not_picked":["Headbutt","Shrug It Off"],"picked":"Sword Boomerang+1","floor":18},{"not_picked":["Seeing Red","Havoc","Pummel"],"picked":"SKIP","floor":21}],"player_experience":335383,"relics_obtained":[{"floor":6,"key":"Boot"},{"floor":9,"key":"Tiny Chest"},{"floor":19,"key":"Art of War"}],"event_choices":[{"event_name":"Golden Idol","player_choice":"Take Wound","floor":2,"damage_taken":0},{"event_name":"Liars Game","player_choice":"agreed","floor":3,"damage_taken":0},{"event_name":"Scrap Ooze","player_choice":"success","floor":4,"damage_taken":3},{"event_name":"Dead Adventurer","player_choice":"Searched \u00272\u0027 times","floor":14,"damage_taken":0},{"event_name":"Wheel of Change","player_choice":"Curse","floor":22,"damage_taken":0}],"is_beta":false,"boss_relics":[{"not_picked":["Fusion Hammer","Pandora\u0027s Box"],"picked":"Sozu"}],"items_purged_floors":[13,20],"is_endless":false,"potions_floor_spawned":[1,8,12,16,18,21],"killed_by":"Slavers","ascension_level":8}