{"gold_per_floor":[213,232,232,245,64,102,118,118,118,137,171,171],"floor_reached":12,"playtime":697,"items_purged":[],"score":122,"play_id":"6c93f536-db29-4c3f-9cba-fbce5f107c96","local_time":"20180828134043","is_ascension_mode":true,"campfire_choices":[],"neow_cost":"NONE","seed_source_timestamp":101319645861290,"circlet_count":0,"master_deck":["Strike_R","Strike_R","Strike_R","Strike_R","Strike_R","Defend_R","Defend_R","Defend_R","Defend_R","Bash","Uppercut","Shrug It Off","Injury","Thunderclap","Flex","Inflame","Armaments","Spot Weakness"],"relics":["Burning Blood","Golden Idol","Blood Vial","Charon\u0027s Ashes","Girya","Shuriken"],"potions_floor_usage":[7,7,11],"damage_taken":[{"damage":10,"enemies":"Small Slimes","floor":1,"turns":4},{"damage":7,"enemies":"2 Louse","floor":2,"turns":4},{"damage":2,"enemies":"Jaw Worm","floor":4,"turns":4},{"damage":31,"enemies":"3 Sentries","floor":6,"turns":10},{"damage":9,"enemies":"3 Louse","floor":7,"turns":4},{"damage":2,"enemies":"2 Fungi Beasts","floor":10,"turns":4},{"damage":48,"enemies":"Gremlin Nob","floor":11,"turns":6},{"damage":40,"enemies":"Gremlin Gang","floor":12,"turns":3}],"seed_played":"-8138040800654445362","potions_obtained":[{"floor":1,"key":"Dexterity Potion"},{"floor":2,"key":"Ancient Potion"},{"floor":4,"key":"Poison Potion"},{"floor":7,"key":"GamblersBrew"}],"is_trial":false,"path_per_floor":["M","M","?","M","$","E","M","?","T","M","E"],"character_chosen":"IRONCLAD","items_purchased":["Blood Vial","Flex"],"campfire_rested":0,"item_purchase_floors":[5,5],"current_hp_per_floor":[68,67,67,71,71,48,47,73,73,79,38,0],"gold":171,"neow_bonus":"HUNDRED_GOLD","is_prod":false,"is_daily":false,"chose_seed":false,"campfire_upgraded":0,"win_rate":0,"timestamp":1535456443,"path_taken":["M","M","?","M","$","E","M","?","T","?","E","M"],"build_version":"2018-08-23v2","purchased_purges":0,"victory":false,"max_hp_per_floor":[80,80,80,80,80,80,80,80,80,80,80,80],"card_choices":[{"not_picked":["Dropkick","Warcry"],"picked":"Uppercut","floor":1},{"not_picked":["Metallicize","Anger"],"picked":"Shrug It Off","floor":2},{"not_picked":["Pommel Strike","Wild Strike"],"picked":"Thunderclap","floor":4},{"not_picked":["Thunderclap","Barricade"],"picked":"Inflame","floor":6},{"not_picked":["Evolve","Combust","Pommel Strike"],"picked":"SKIP","floor":7},{"not_picked":["Headbutt","Perfected Strike"],"picked":"Armaments","floor":10},{"not_picked":["Corruption","Searing Blow"],"picked":"Spot Weakness","floor":11}],"player_experience":288589,"relics_obtained":[{"floor":6,"key":"Charon\u0027s Ashes"},{"floor":9,"key":"Girya"},{"floor":11,"key":"Shuriken"}],"event_choices":[{"event_name":"Golden Idol","player_choice":"Take Wound","floor":3,"damage_taken":0},{"event_name":"Big Fish","player_choice":"Banana","floor":8,"damage_taken":0}],"is_beta":false,"boss_relics":[],"items_purged_floors":[],"is_endless":false,"potions_floor_spawned":[1,2,4,7],"killed_by":"Gremlin Gang","ascension_level":7}