{"gold_per_floor":[113,113,123,123,141,141,141,159,159,175,175],"floor_reached":11,"playtime":299,"items_purged":[],"score":130,"play_id":"2a6b1206-07f9-4f9e-a48c-df4d6d9b5411","local_time":"20190114140259","is_ascension_mode":true,"campfire_choices":[{"data":"Skewer","floor":6,"key":"SMITH"}],"neow_cost":"NONE","seed_source_timestamp":424674606193606,"circlet_count":0,"master_deck":["AscendersBane","Defend_G","Defend_G","Defend_G","Defend_G","Defend_G","Strike_G","Strike_G","Strike_G","Strike_G+1","Strike_G+1","Survivor","Neutralize","Flying Knee","Quick Slash","Skewer+1","Bouncing Flask"],"relics":["Ring of the Snake","NeowsBlessing","Strawberry"],"potions_floor_usage":[10,10],"damage_taken":[{"damage":0,"enemies":"Jaw Worm","floor":1,"turns":1},{"damage":0,"enemies":"Cultist","floor":3,"turns":1},{"damage":0,"enemies":"2 Louse","floor":5,"turns":1},{"damage":6,"enemies":"2 Fungi Beasts","floor":8,"turns":3},{"damage":2,"enemies":"3 Louse","floor":10,"turns":4},{"damage":47,"enemies":"3 Sentries","floor":11,"turns":6}],"seed_played":"-4274705785700559370","potions_obtained":[{"floor":5,"key":"Swift Potion"},{"floor":8,"key":"Energy Potion"},{"floor":10,"key":"Ancient Potion"}],"is_trial":false,"path_per_floor":["M","?","M","?","M","R","?","M","T","M","E"],"character_chosen":"THE_SILENT","items_purchased":[],"campfire_rested":0,"item_purchase_floors":[],"current_hp_per_floor":[59,59,59,59,59,59,39,33,40,38,0],"gold":175,"neow_bonus":"THREE_ENEMY_KILL","is_prod":false,"is_daily":false,"chose_seed":false,"campfire_upgraded":1,"win_rate":0,"timestamp":1547470979,"path_taken":["M","?","?","?","M","R","?","M","T","M","E"],"build_version":"2019-01-10","purchased_purges":0,"victory":false,"max_hp_per_floor":[66,66,66,66,66,66,66,66,73,73,73],"card_choices":[{"not_picked":["Bane","Setup"],"picked":"Flying Knee","floor":1},{"not_picked":["Bane","Cloak And Dagger"],"picked":"Quick Slash","floor":3},{"not_picked":["Dodge and Roll","Backflip"],"picked":"Skewer","floor":5},{"not_picked":["Dodge and Roll","Flechettes","Acrobatics"],"picked":"SKIP","floor":8},{"not_picked":["A Thousand Cuts","Flying Knee"],"picked":"Bouncing Flask","floor":10}],"player_experience":1199694,"relics_obtained":[{"floor":9,"key":"Strawberry"}],"event_choices":[{"damage_healed":0,"gold_gain":0,"player_choice":"0 cards matched","damage_taken":0,"max_hp_gain":0,"max_hp_loss":0,"event_name":"Match and Keep!","floor":2,"gold_loss":0,"cards_obtained":[]},{"damage_healed":0,"gold_gain":0,"player_choice":"Ignored","damage_taken":0,"max_hp_gain":0,"max_hp_loss":0,"event_name":"Liars Game","floor":4,"gold_loss":0},{"damage_healed":0,"gold_gain":0,"player_choice":"Entered Light","damage_taken":20,"max_hp_gain":0,"max_hp_loss":0,"event_name":"Shining Light","floor":7,"gold_loss":0,"cards_upgraded":["Strike_G","Strike_G"]}],"is_beta":false,"boss_relics":[],"items_purged_floors":[],"is_endless":false,"potions_floor_spawned":[5,8,10],"killed_by":"3 Sentries","ascension_level":20}