{"gold_per_floor":[118,118,42,42,60,60,90,90,142,474,474,506,525,555,555,657,657,676,694,708,718,101,131,131,131,158,158,168,183,210,110,110,208,208,228,244,261,6,6,39,49,49,49,49,68,83,83,103,103,103],"floor_reached":51,"playtime":3056,"items_purged":["Defend_R","Normality","Strike_R"],"score":1054,"play_id":"d517350f-9443-4073-9222-daba36ca6574","local_time":"20190410154815","is_ascension_mode":true,"campfire_choices":[{"data":"Corruption","floor":6,"key":"SMITH"},{"data":"Uppercut","floor":8,"key":"SMITH"},{"data":"Shrug It Off","floor":11,"key":"SMITH"},{"data":"Armaments","floor":15,"key":"SMITH"},{"data":"Whirlwind","floor":25,"key":"SMITH"},{"floor":32,"key":"REST"},{"data":"Demon Form","floor":42,"key":"SMITH"},{"floor":47,"key":"REST"},{"floor":49,"key":"REST"}],"neow_cost":"NONE","seed_source_timestamp":439657602806,"circlet_count":0,"master_deck":["Strike_R","Strike_R","Defend_R","Defend_R","Bash","Corruption+1","Uppercut+1","Clash","Armaments+1","Shrug It Off+1","Whirlwind+1","Seeing Red","Double Tap","Disarm","Rage","Flame Barrier","Shrug It Off","Pummel","Shrug It Off+1","Impervious","Offering","Demon Form+1","Flash of Steel","Shockwave","Pain","Injury","True Grit","Rupture+1","Brutality+1"],"relics":["Black Blood","NeowsBlessing","Ancient Tea Set","Boot","Old Coin","Strawberry","Du-Vu Doll","Cursed Key","Ginger","Toolbox","Juzu Bracelet","Bronze Scales","Art of War","Question Card","Frozen Egg 2","Bird Faced Urn"],"potions_floor_usage":[12,14,16,16,33,33,33,37,41,45,50],"damage_taken":[{"damage":0,"enemies":"2 Louse","floor":1,"turns":1},{"damage":0,"enemies":"Jaw Worm","floor":5,"turns":1},{"damage":0,"enemies":"Lagavulin","floor":7,"turns":1},{"damage":15,"enemies":"3 Sentries","floor":10,"turns":6},{"damage":15,"enemies":"Gremlin Nob","floor":12,"turns":5},{"damage":0,"enemies":"Small Slimes","floor":13,"turns":3},{"damage":10,"enemies":"3 Sentries","floor":14,"turns":6},{"damage":13,"enemies":"Slime Boss","floor":16,"turns":7},{"damage":14,"enemies":"Shell Parasite","floor":18,"turns":5},{"damage":3,"enemies":"Chosen","floor":19,"turns":4},{"damage":28,"enemies":"Centurion and Healer","floor":20,"turns":7},{"damage":3,"enemies":"Shelled Parasite and Fungi","floor":21,"turns":5},{"damage":13,"enemies":"Gremlin Leader","floor":23,"turns":7},{"damage":0,"enemies":"Chosen and Byrds","floor":28,"turns":3},{"damage":24,"enemies":"Snake Plant","floor":29,"turns":3},{"damage":0,"enemies":"Book of Stabbing","floor":30,"turns":3},{"damage":55,"enemies":"Automaton","floor":33,"turns":9},{"damage":7,"enemies":"Orb Walker","floor":35,"turns":3},{"damage":34,"enemies":"3 Shapes","floor":36,"turns":6},{"damage":11,"enemies":"Maw","floor":37,"turns":6},{"damage":6,"enemies":"Giant Head","floor":40,"turns":7},{"damage":25,"enemies":"Sphere and 2 Shapes","floor":41,"turns":5},{"damage":26,"enemies":"Transient","floor":45,"turns":5},{"damage":29,"enemies":"Spire Growth","floor":46,"turns":6},{"damage":0,"enemies":"Jaw Worm Horde","floor":48,"turns":1},{"damage":77,"enemies":"Awakened One","floor":50,"turns":8}],"seed_played":"3162362213655599945","potions_obtained":[{"floor":5,"key":"SteroidPotion"},{"floor":12,"key":"Swift Potion"},{"floor":13,"key":"LiquidBronze"},{"floor":14,"key":"Swift Potion"},{"floor":21,"key":"LiquidBronze"},{"floor":28,"key":"PowerPotion"},{"floor":30,"key":"Swift Potion"},{"floor":33,"key":"Regen Potion"},{"floor":36,"key":"SpeedPotion"},{"floor":41,"key":"Poison Potion"},{"floor":46,"key":"Energy Potion"},{"floor":48,"key":"Strength Potion"}],"is_trial":false,"path_per_floor":["?","$","?","M","?","?","?","T"],"character_chosen":"IRONCLAD","items_purchased":["Uppercut","Ginger","Toolbox","Shrug It Off","Flash of Steel","Fire Potion"],"campfire_rested":3,"item_purchase_floors":[3,22,22,22,38,38],"current_hp_per_floor":[78,71,71,71,77,77,80,80,80,71,71,69,75,71,71,64,81,73,76,54,57,57,50,50,50,50,50,56,38,44,44,70,21,71,74,50,61,61,61,65,50,50,50,50,36,21,47,57,83,24],"gold":103,"neow_bonus":"THREE_ENEMY_KILL","is_prod":false,"is_daily":false,"chose_seed":false,"campfire_upgraded":6,"win_rate":0,"timestamp":1554886095,"path_taken":["M","?","?","?","M","R","E","R","T","E","R","E","?","E","R","BOSS","M","M","M","M","$","E","?","R","T","?","M","M","E","$","R","BOSS","M","M","M","$","?","E","M","R","T","?","M","M","R","M","R","BOSS"],"build_version":"2019-01-23","purchased_purges":3,"victory":true,"max_hp_per_floor":[80,80,80,80,80,80,80,80,80,80,80,87,87,87,87,87,87,87,87,87,87,87,87,87,87,87,87,87,87,87,87,87,87,87,87,87,87,87,87,87,87,87,87,87,87,87,87,87,87,87],"card_choices":[{"not_picked":["Armaments","Sword Boomerang"],"picked":"Corruption","floor":1},{"not_picked":["Bloodletting","Fire Breathing"],"picked":"Clash","floor":5},{"not_picked":["Havoc","Clothesline"],"picked":"Armaments","floor":7},{"not_picked":["Anger","Clothesline"],"picked":"Shrug It Off","floor":10},{"not_picked":["Shrug It Off","Iron Wave"],"picked":"Whirlwind","floor":12},{"not_picked":["Sword Boomerang","Twin Strike","Cleave"],"picked":"SKIP","floor":13},{"not_picked":["Demon Form","Anger"],"picked":"Seeing Red","floor":14},{"not_picked":["Exhume","Offering"],"picked":"Double Tap","floor":16},{"not_picked":["Intimidate","Clothesline"],"picked":"Disarm","floor":18},{"not_picked":["Armaments","Fire Breathing"],"picked":"Rage","floor":19},{"not_picked":["Iron Wave","Inflame+1"],"picked":"Flame Barrier","floor":20},{"not_picked":["Clothesline","Havoc+1","Heavy Blade+1"],"picked":"SKIP","floor":21},{"not_picked":["Reaper","Bloodletting","Havoc+1"],"picked":"SKIP","floor":23},{"not_picked":["Body Slam","Heavy Blade"],"picked":"Shrug It Off+1","floor":28},{"not_picked":["Armaments+1","Pommel Strike"],"picked":"Impervious","floor":29},{"not_picked":["Perfected Strike","Pommel Strike","Anger"],"picked":"SKIP","floor":30},{"not_picked":["Reaper","Berserk"],"picked":"Offering","floor":33},{"not_picked":["Armaments+1","Iron Wave+1","Flex+1"],"picked":"SKIP","floor":35},{"not_picked":["Iron Wave","Dual Wield","Intimidate"],"picked":"SKIP","floor":36},{"not_picked":["Anger","Dual Wield+1"],"picked":"Demon Form","floor":37},{"not_picked":["Body Slam+1","Flex+1"],"picked":"Shockwave","floor":40},{"not_picked":["Sever Soul+1","Thunderclap+1","Headbutt","Clash"],"picked":"SKIP","floor":41},{"not_picked":["Armaments","Heavy Blade","Body Slam"],"picked":"True Grit","floor":45},{"not_picked":["Armaments+1","Warcry+1","Intimidate"],"picked":"Rupture+1","floor":46},{"not_picked":["Havoc+1","Metallicize+1","Searing Blow"],"picked":"Brutality+1","floor":48}],"player_experience":182722,"relics_obtained":[{"floor":7,"key":"Ancient Tea Set"},{"floor":9,"key":"Boot"},{"floor":10,"key":"Old Coin"},{"floor":12,"key":"Strawberry"},{"floor":14,"key":"Du-Vu Doll"},{"floor":23,"key":"Juzu Bracelet"},{"floor":26,"key":"Bronze Scales"},{"floor":30,"key":"Art of War"},{"floor":40,"key":"Question Card"},{"floor":43,"key":"Frozen Egg 2"},{"floor":44,"key":"Bird Faced Urn"}],"event_choices":[{"cards_removed":["Strike_R"],"damage_healed":0,"gold_gain":0,"player_choice":"Card Removal","damage_taken":7,"max_hp_gain":0,"max_hp_loss":0,"event_name":"Golden Wing","floor":2,"gold_loss":0},{"cards_removed":["Strike_R"],"damage_healed":0,"gold_gain":0,"player_choice":"Purged","damage_taken":0,"max_hp_gain":0,"max_hp_loss":0,"event_name":"Purifier","floor":4,"gold_loss":0},{"damage_healed":0,"gold_gain":0,"player_choice":"Ignored","damage_taken":0,"max_hp_gain":0,"max_hp_loss":0,"event_name":"Ghosts","floor":24,"gold_loss":0},{"damage_healed":0,"gold_gain":0,"player_choice":"Read","damage_taken":0,"max_hp_gain":0,"max_hp_loss":0,"event_name":"The Library","floor":27,"gold_loss":0,"cards_obtained":["Pummel"]},{"cards_removed":["Defend_R"],"damage_healed":0,"gold_gain":0,"player_choice":"Removed Skill","damage_taken":0,"max_hp_gain":0,"max_hp_loss":0,"event_name":"Falling","floor":39,"gold_loss":0}],"is_beta":false,"boss_relics":[{"not_picked":["Lizard Tail","Sozu"],"picked":"Cursed Key"},{"not_picked":["Eternal Feather","Orrery"],"picked":"Black Blood"}],"items_purged_floors":[22,31,38],"is_endless":false,"potions_floor_spawned":[5,12,13,14,21,28,30,33,36,41,46,48],"ascension_level":6}