{"gold_per_floor":[362,362,236,236,251,280,280,314,393,405,405,421,341,356,356,459,459,473,491,502,502,521,546,546,571,571,354,354,354,354],"floor_reached":30,"playtime":665,"items_purged":["Regret","Defend_R","Strike_R"],"score":292,"play_id":"49af4fe5-3131-417d-b8d2-7dfcf2a7f84d","local_time":"20190324152043","is_ascension_mode":true,"campfire_choices":[{"data":"Sword Boomerang","floor":7,"key":"SMITH"},{"data":"Uppercut","floor":15,"key":"SMITH"},{"data":"Battle Trance","floor":24,"key":"SMITH"}],"neow_cost":"CURSE","seed_source_timestamp":496267424635600,"circlet_count":0,"master_deck":["Strike_R","Strike_R","Strike_R","Defend_R","Defend_R","Defend_R","Bash","Inflame+1","Sword Boomerang+1","Battle Trance+1","Uppercut+1","Dual Wield+1","Dropkick+1","Pummel","Pummel+1"],"relics":["Burning Blood","Red Skull","Boot","The Courier","Coffee Dripper","Ice Cream","Gambling Chip","Molten Egg 2"],"potions_floor_usage":[20,23,23,25,30],"damage_taken":[{"damage":9,"enemies":"2 Louse","floor":1,"turns":3},{"damage":1,"enemies":"Cultist","floor":5,"turns":3},{"damage":20,"enemies":"3 Sentries","floor":6,"turns":8},{"damage":14,"enemies":"Gremlin Nob","floor":8,"turns":3},{"damage":0,"enemies":"Small Slimes","floor":10,"turns":2},{"damage":7,"enemies":"3 Louse","floor":12,"turns":2},{"damage":4,"enemies":"Blue Slaver","floor":14,"turns":3},{"damage":31,"enemies":"The Guardian","floor":16,"turns":9},{"damage":6,"enemies":"Chosen","floor":18,"turns":3},{"damage":9,"enemies":"3 Byrds","floor":19,"turns":4},{"damage":11,"enemies":"Sentry and Sphere","floor":20,"turns":4},{"damage":15,"enemies":"Snake Plant","floor":22,"turns":3},{"damage":36,"enemies":"Slavers","floor":23,"turns":3},{"damage":12,"enemies":"Book of Stabbing","floor":25,"turns":4},{"damage":25,"enemies":"Gremlin Leader","floor":30,"turns":2}],"seed_played":"5466067192780848075","potions_obtained":[{"floor":12,"key":"Fire Potion"},{"floor":16,"key":"Explosive Potion"},{"floor":19,"key":"LiquidBronze"},{"floor":22,"key":"Energy Potion"}],"is_trial":false,"path_per_floor":["M","?","$","$","M","E","R","E","T","M","?","M","$","M","R","B",null,"M","M","M","?","M","E","R","E","T","$","?","?","E"],"character_chosen":"IRONCLAD","items_purchased":["Sword Boomerang","Pummel+1","Regen Potion"],"campfire_rested":0,"item_purchase_floors":[3,27,27],"current_hp_per_floor":[77,77,77,77,80,66,66,58,58,64,57,56,56,58,58,33,80,80,77,72,72,63,33,33,27,27,27,27,12,0],"gold":354,"neow_bonus":"TWO_FIFTY_GOLD","is_prod":false,"is_daily":false,"chose_seed":false,"campfire_upgraded":3,"win_rate":0,"timestamp":1553466043,"path_taken":["M","?","?","$","M","E","R","E","T","?","?","M","$","M","R","BOSS","M","M","M","?","M","E","R","E","T","$","?","?","E"],"build_version":"2019-01-23","purchased_purges":3,"victory":false,"max_hp_per_floor":[80,80,80,80,80,80,80,80,80,80,80,80,80,80,80,80,80,80,80,80,80,80,80,80,80,80,80,80,85,85],"card_choices":[{"not_picked":["Pommel Strike","Sword Boomerang"],"picked":"Inflame","floor":1},{"not_picked":["True Grit","Cleave"],"picked":"Battle Trance","floor":5},{"not_picked":["Second Wind","Warcry","Impervious"],"picked":"SKIP","floor":6},{"not_picked":["Pommel Strike","Impervious","Perfected Strike"],"picked":"SKIP","floor":8},{"not_picked":["Havoc","Corruption","Thunderclap"],"picked":"SKIP","floor":10},{"not_picked":["Anger","Wild Strike","Thunderclap"],"picked":"SKIP","floor":12},{"not_picked":["Carnage","Pommel Strike"],"picked":"Uppercut","floor":14},{"not_picked":["Iron Wave","Headbutt","Shrug It Off"],"picked":"SKIP","floor":18},{"not_picked":["Armaments","Wild Strike"],"picked":"Dual Wield+1","floor":19},{"not_picked":["Headbutt+1","Carnage+1","Blood for Blood"],"picked":"SKIP","floor":20},{"not_picked":["Fire Breathing+1","Warcry","Impervious"],"picked":"SKIP","floor":22},{"not_picked":["Wild Strike","Impervious"],"picked":"Dropkick+1","floor":23},{"not_picked":["Entrench","Carnage"],"picked":"Pummel","floor":25}],"player_experience":825065,"relics_obtained":[{"floor":6,"key":"Red Skull"},{"floor":8,"key":"Boot"},{"floor":9,"key":"The Courier"},{"floor":23,"key":"Ice Cream"},{"floor":25,"key":"Gambling Chip"},{"floor":26,"key":"Molten Egg 2"}],"event_choices":[{"damage_healed":0,"gold_gain":0,"player_choice":"Upgraded","damage_taken":0,"max_hp_gain":0,"max_hp_loss":0,"event_name":"Upgrade Shrine","floor":2,"gold_loss":0,"cards_upgraded":["Inflame"]},{"cards_removed":["Strike_R"],"damage_healed":0,"gold_gain":0,"player_choice":"Card Removal","damage_taken":7,"max_hp_gain":0,"max_hp_loss":0,"event_name":"Golden Wing","floor":11,"gold_loss":0},{"damage_healed":0,"gold_gain":0,"player_choice":"Ignored","damage_taken":0,"max_hp_gain":0,"max_hp_loss":0,"event_name":"Ghosts","floor":21,"gold_loss":0},{"damage_healed":0,"gold_gain":0,"player_choice":"Ignored","damage_taken":0,"max_hp_gain":0,"max_hp_loss":0,"event_name":"The Mausoleum","floor":28,"gold_loss":0},{"damage_healed":0,"gold_gain":0,"player_choice":"Shed Blood","damage_taken":20,"max_hp_gain":5,"max_hp_loss":0,"event_name":"Forgotten Altar","floor":29,"gold_loss":0}],"is_beta":false,"boss_relics":[{"not_picked":["Ectoplasm","Mark of Pain"],"picked":"Coffee Dripper"}],"items_purged_floors":[3,13,27],"is_endless":false,"potions_floor_spawned":[12,16,19,22],"killed_by":"Gremlin Leader","ascension_level":1}