{"gold_per_floor":[111,125,142,89,89,89,27,53,79,79,107,107,124,159,159,237,237,252,302,314,329,329,329,329],"floor_reached":24,"playtime":604,"items_purged":[],"score":428,"play_id":"59070285-1c39-4d40-b05e-40ea36ea07e0","local_time":"20190121134902","is_ascension_mode":true,"campfire_choices":[{"data":"Hyperbeam","floor":6,"key":"SMITH"},{"data":"Melter","floor":10,"key":"SMITH"},{"data":"Beam Cell","floor":15,"key":"SMITH"},{"floor":23,"key":"REST"}],"neow_cost":"TEN_PERCENT_HP_LOSS","seed_source_timestamp":1028355218735475,"circlet_count":0,"master_deck":["AscendersBane","Strike_B","Strike_B","Strike_B","Strike_B","Defend_B","Defend_B","Defend_B","Defend_B","Zap","Dualcast","Hyperbeam+1","Melter+1","Chill","Conserve Battery","White Noise","Beam Cell+1","Tempest","Core Surge","FTL"],"relics":["Cracked Core","Oddly Smooth Stone","Bag of Marbles","Letter Opener","Potion Belt","Busted Crown"],"potions_floor_usage":[16,24,24],"damage_taken":[{"damage":0,"enemies":"Small Slimes","floor":1,"turns":1},{"damage":3,"enemies":"2 Louse","floor":2,"turns":2},{"damage":1,"enemies":"Cultist","floor":3,"turns":3},{"damage":4,"enemies":"3 Sentries","floor":8,"turns":3},{"damage":3,"enemies":"Gremlin Nob","floor":11,"turns":3},{"damage":1,"enemies":"Blue Slaver","floor":13,"turns":3},{"damage":2,"enemies":"3 Sentries","floor":14,"turns":2},{"damage":38,"enemies":"Slime Boss","floor":16,"turns":8},{"damage":12,"enemies":"3 Byrds","floor":18,"turns":3},{"damage":0,"enemies":"Chosen","floor":20,"turns":2},{"damage":30,"enemies":"Snecko","floor":21,"turns":4},{"damage":47,"enemies":"Slavers","floor":24,"turns":2}],"seed_played":"3051171856195912338","potions_obtained":[{"floor":3,"key":"Ancient Potion"},{"floor":12,"key":"SteroidPotion"},{"floor":14,"key":"SpeedPotion"},{"floor":18,"key":"LiquidBronze"},{"floor":20,"key":"SkillPotion"},{"floor":21,"key":"Ancient Potion"}],"is_trial":false,"path_per_floor":["M","M","M","$","?","R","?","E","T","R","E","?","M","E","R","B",null,"M","?","M","M","?","R","E"],"character_chosen":"DEFECT","items_purchased":["PowerPotion"],"campfire_rested":1,"item_purchase_floors":[4],"current_hp_per_floor":[64,61,60,60,60,60,60,56,56,56,53,53,52,50,50,12,51,39,39,39,9,22,41,0],"gold":329,"neow_bonus":"THREE_RARE_CARDS","is_prod":false,"is_daily":false,"chose_seed":false,"campfire_upgraded":3,"win_rate":0,"timestamp":1548074942,"path_taken":["M","M","M","$","?","R","?","E","T","R","E","?","?","E","R","BOSS","M","?","M","M","?","R","E"],"build_version":"2019-01-17v2","purchased_purges":0,"victory":false,"max_hp_per_floor":[64,64,64,64,64,64,64,64,64,64,64,64,64,64,64,64,64,64,64,64,64,64,64,64],"card_choices":[{"not_picked":["Reboot","Seek"],"picked":"Hyperbeam","floor":0},{"not_picked":["Gash","Streamline"],"picked":"Melter","floor":1},{"not_picked":["Barrage","Redo","Gash"],"picked":"SKIP","floor":2},{"not_picked":["Capacitor","White Noise"],"picked":"Chill","floor":3},{"not_picked":["Gash","Machine Learning"],"picked":"Conserve Battery","floor":8},{"not_picked":["Genetic Algorithm","Turbo"],"picked":"White Noise","floor":11},{"not_picked":["Hello World","Streamline"],"picked":"Beam Cell","floor":13},{"not_picked":["Redo","Streamline"],"picked":"Tempest","floor":14},{"not_picked":["Creative AI","Seek"],"picked":"Core Surge","floor":16},{"not_picked":["Rip and Tear"],"picked":"SKIP","floor":18},{"not_picked":[],"picked":"FTL","floor":20},{"not_picked":["Rebound"],"picked":"SKIP","floor":21}],"player_experience":1240182,"relics_obtained":[{"floor":8,"key":"Oddly Smooth Stone"},{"floor":9,"key":"Bag of Marbles"},{"floor":11,"key":"Letter Opener"},{"floor":14,"key":"Potion Belt"}],"event_choices":[{"damage_healed":0,"gold_gain":0,"player_choice":"Ignored","damage_taken":0,"max_hp_gain":0,"max_hp_loss":0,"event_name":"Golden Idol","floor":5,"gold_loss":0},{"damage_healed":0,"gold_gain":0,"player_choice":"Left Gold","damage_taken":0,"max_hp_gain":0,"max_hp_loss":0,"event_name":"World of Goop","floor":7,"gold_loss":62},{"damage_healed":0,"gold_gain":0,"player_choice":"Got Potions","damage_taken":0,"max_hp_gain":0,"max_hp_loss":0,"event_name":"Lab","floor":12,"gold_loss":0},{"damage_healed":0,"gold_gain":50,"player_choice":"Stole From Cult","damage_taken":0,"max_hp_gain":0,"max_hp_loss":0,"event_name":"Nest","floor":19,"gold_loss":0},{"damage_healed":13,"gold_gain":0,"player_choice":"Heal","damage_taken":0,"max_hp_gain":0,"max_hp_loss":0,"event_name":"The Library","floor":22,"gold_loss":0}],"is_beta":false,"boss_relics":[{"not_picked":["Inserter","Black Star"],"picked":"Busted Crown"}],"items_purged_floors":[],"is_endless":false,"potions_floor_spawned":[3,11,13,14,18,20,21],"killed_by":"Slavers","ascension_level":20}