{"gold_per_floor":[119,119,133,146,166,166,196,196,196,215,33,33,62,75,75,146,146,160,172,172,172,190,190,190],"floor_reached":24,"playtime":1578,"items_purged":["Strike_G"],"score":416,"play_id":"869ff9f8-53ac-47c6-b01b-51425b5d33b1","local_time":"20190115143456","is_ascension_mode":true,"campfire_choices":[{"data":"Noxious Fumes","floor":6.0,"key":"SMITH"},{"floor":8.0,"key":"REST"},{"floor":15.0,"key":"REST"},{"floor":23,"key":"REST"}],"neow_cost":"NONE","seed_source_timestamp":0,"circlet_count":0,"master_deck":["AscendersBane","Defend_G","Defend_G","Defend_G","Defend_G","Defend_G","Strike_G","Strike_G","Strike_G","Survivor","Neutralize","Adrenaline","Well Laid Plans","Noxious Fumes+1","Bane","Wraith Form v2","PiercingWail","Caltrops","Caltrops","Die Die Die","Expertise"],"special_seed":0,"relics":["Ring of the Snake","Mercury Hourglass","Pear","Kunai","HoveringKite","Bag of Marbles"],"potions_floor_usage":[22,22],"damage_taken":[{"damage":0.0,"enemies":"Small Slimes","floor":1.0,"turns":5.0},{"damage":0.0,"enemies":"Cultist","floor":3.0,"turns":5.0},{"damage":0.0,"enemies":"Jaw Worm","floor":4.0,"turns":3.0},{"damage":13.0,"enemies":"Lots of Slimes","floor":5.0,"turns":5.0},{"damage":39.0,"enemies":"Gremlin Nob","floor":7.0,"turns":5.0},{"damage":0.0,"enemies":"Looter","floor":10.0,"turns":2.0},{"damage":18.0,"enemies":"3 Sentries","floor":13.0,"turns":5.0},{"damage":8.0,"enemies":"Large Slime","floor":14.0,"turns":6.0},{"damage":13.0,"enemies":"Hexaghost","floor":16.0,"turns":10.0},{"damage":39.0,"enemies":"2 Thieves","floor":18.0,"turns":4.0},{"damage":14.0,"enemies":"Shell Parasite","floor":19.0,"turns":7.0},{"damage":6,"enemies":"Cultist and Chosen","floor":22,"turns":5},{"damage":26,"enemies":"3 Cultists","floor":24,"turns":4}],"seed_played":"3701346153285375078","potions_obtained":[{"floor":2.0,"key":"Block Potion"},{"floor":2.0,"key":"Weak Potion"},{"floor":3.0,"key":"PowerPotion"},{"floor":10.0,"key":"Explosive Potion"},{"floor":18.0,"key":"GamblersBrew"},{"floor":19.0,"key":"AttackPotion"}],"is_trial":false,"path_per_floor":["M","?","M","M","M","R","E","R","T","M","$","?","E","M","R","B",null,"M","M","?","?","M","R","M"],"character_chosen":"THE_SILENT","items_purchased":["PiercingWail","Caltrops"],"campfire_rested":3,"item_purchase_floors":[11,11],"current_hp_per_floor":[59,59,59,59,46,46,7,26,36,36,36,36,18,10,32,19,62,23,9,9,9,3,25,0],"gold":190,"neow_bonus":"ONE_RANDOM_RARE_CARD","is_prod":false,"is_daily":false,"chose_seed":false,"campfire_upgraded":1,"win_rate":0,"timestamp":1547559296,"path_taken":["M","?","?","M","M","R","E","R","T","M","$","?","E","M","R","BOSS","M","?","?","?","M","R","M"],"build_version":"2019-01-10","purchased_purges":1,"victory":false,"max_hp_per_floor":[66,66,66,66,66,66,66,66,76,76,76,76,76,76,76,76,76,76,76,76,76,76,76,76],"card_choices":[{"not_picked":["Prepared","Predator","Outmaneuver"],"picked":"SKIP","floor":1.0},{"not_picked":["Dagger Spray","Slice"],"picked":"Well Laid Plans","floor":3.0},{"not_picked":["Cloak And Dagger","Setup"],"picked":"Noxious Fumes","floor":4.0},{"not_picked":["Well Laid Plans","Reflex"],"picked":"Bane","floor":5.0},{"not_picked":["Slice","Riddle With Holes"],"picked":"Wraith Form v2","floor":7.0},{"not_picked":["All Out Attack","Finisher","Accuracy"],"picked":"SKIP","floor":10.0},{"not_picked":["Setup","Flying Knee"],"picked":"Caltrops","floor":13.0},{"not_picked":["Sucker Punch","Slice","Outmaneuver"],"picked":"SKIP","floor":14.0},{"not_picked":["Doppelganger","Tools of the Trade"],"picked":"Die Die Die","floor":16.0},{"not_picked":["Flying Knee+1","Deflect","Terror"],"picked":"SKIP","floor":18.0},{"not_picked":["Prepared","Cloak And Dagger","Infinite Blades"],"picked":"SKIP","floor":19.0},{"not_picked":["Dagger Throw","Deadly Poison"],"picked":"Expertise","floor":22}],"player_experience":1205992,"relics_obtained":[{"floor":7.0,"key":"Mercury Hourglass"},{"floor":9.0,"key":"Pear"},{"floor":13.0,"key":"Kunai"}],"event_choices":[{"damage_healed":0.0,"max_hp_gain":0.0,"max_hp_loss":0.0,"gold_gain":0.0,"event_name":"Lab","player_choice":"Got Potions","floor":2.0,"gold_loss":0.0,"damage_taken":0.0},{"damage_healed":0.0,"max_hp_gain":0.0,"max_hp_loss":0.0,"gold_gain":0.0,"cards_transformed":["Strike_G"],"event_name":"Transmorgrifier","player_choice":"Transformed","floor":12.0,"gold_loss":0.0,"damage_taken":0.0,"cards_obtained":["Distraction"]},{"damage_healed":0.0,"max_hp_gain":0.0,"max_hp_loss":0.0,"gold_gain":0.0,"event_name":"Vampires","player_choice":"Ignored","floor":20.0,"gold_loss":0.0,"damage_taken":0.0},{"cards_removed":["Distraction"],"damage_healed":0.0,"max_hp_gain":0.0,"max_hp_loss":0.0,"gold_gain":0.0,"event_name":"WeMeetAgain","player_choice":"Gave Card","floor":21.0,"gold_loss":0.0,"damage_taken":0.0,"relics_obtained":["Bag of Marbles"]}],"is_beta":false,"boss_relics":[{"not_picked":["Empty Cage","Black Star"],"picked":"HoveringKite"}],"items_purged_floors":[11],"is_endless":false,"potions_floor_spawned":[3,5,10,18,19],"killed_by":"3 Cultists","ascension_level":20}