{"path_per_floor":["M","M","M","?","?","E","M","R","T","$","?","R","?","E","R","B",null,"M","M","?","M","$","E","R","M","T","?","$"],"character_chosen":"IRONCLAD","items_purchased":["Searing Blow","Metallicize","Iron Wave","Secret Technique+1","Shockwave+1","Mind Blast"],"gold_per_floor":[117,132,152,152,152,187,204,204,204,8,8,8,69,97,97,198,198,212,223,223,239,26,54,54,66,135,135,36,36],"floor_reached":29,"campfire_rested":1,"playtime":1918,"item_purchase_floors":[10,10,10,22,22,28],"current_hp_per_floor":[80,80,80,85,68,45,51,51,51,51,51,51,41,28,53,34,85,77,76,76,32,32,24,34,22,22,6,6,0],"items_purged":[],"gold":36,"score":251,"play_id":"79ca91b7-9de8-474d-8801-e41ee1d7c201","local_time":"20180614232520","is_prod":false,"is_daily":false,"chose_seed":false,"is_ascension_mode":false,"campfire_upgraded":3,"win_rate":0,"timestamp":1529043920,"campfire_choices":[{"data":"Berserk","floor":8,"key":"SMITH"},{"data":"Searing Blow","floor":12,"key":"SMITH"},{"floor":15,"key":"REST"},{"data":"Bash","floor":24,"key":"SMITH"}],"path_taken":["M","M","M","?","?","E","M","R","T","$","?","R","?","E","R","BOSS","M","?","?","M","$","E","R","M","T","?","$","E"],"build_version":"2018-06-14","seed_source_timestamp":1261626440603679,"purchased_purges":0,"victory":false,"master_deck":["Strike_R","Strike_R","Strike_R+1","Defend_R","Defend_R","Defend_R","Defend_R","Bash+1","Berserk+1","Clothesline","Rampage+1","Flame Barrier","Shockwave","Twin Strike","Searing Blow+1","Metallicize","Iron Wave","Perfected Strike","Seeing Red+1","Warcry+1","Exhume+1","Flex+1","Corruption+1","Warcry+1","Secret Technique+1","Shockwave+1","Sword Boomerang+1","Cleave+1","Mind Blast"],"max_hp_per_floor":[80,80,80,85,85,85,85,85,85,85,85,85,85,85,85,85,85,85,85,85,85,85,85,85,85,85,85,85,85],"relics":["Burning Blood","Anchor","Ancient Tea Set","Toxic Egg 2","Calipers","Eternal Feather","Kunai","Bottled Flame","Nilry\u0027s Codex"],"card_choices":[{"not_picked":["Cleave","Entrench"],"picked":"Clothesline","floor":1},{"not_picked":["Armaments","Flex"],"picked":"Rampage","floor":2},{"not_picked":["Rupture","Anger"],"picked":"Flame Barrier","floor":3},{"not_picked":["Disarm","Sever Soul"],"picked":"Shockwave","floor":6},{"not_picked":["Headbutt","Sword Boomerang"],"picked":"Twin Strike","floor":7},{"not_picked":["Fire Breathing","Havoc"],"picked":"Seeing Red","floor":13},{"not_picked":["Twin Strike","Heavy Blade"],"picked":"Warcry+1","floor":14},{"not_picked":["Immolate","Berserk"],"picked":"Exhume+1","floor":16},{"not_picked":["Clothesline","Intimidate+1"],"picked":"Flex+1","floor":18},{"not_picked":["Twin Strike","Feel No Pain"],"picked":"Corruption+1","floor":19},{"not_picked":["True Grit+1","Bloodletting+1"],"picked":"Warcry+1","floor":21},{"not_picked":["Perfected Strike","Bloodletting+1"],"picked":"Sword Boomerang+1","floor":23},{"not_picked":["Fiend Fire","Metallicize"],"picked":"Cleave+1","floor":25}],"player_experience":141203,"potions_floor_usage":[3,6,14,19,19,21,21,23,29],"damage_taken":[{"damage":5,"enemies":"Cultist","floor":1,"turns":4},{"damage":5,"enemies":"Small Slimes","floor":2,"turns":3},{"damage":0,"enemies":"2 Louse","floor":3,"turns":1},{"damage":29,"enemies":"Lagavulin","floor":6,"turns":6},{"damage":0,"enemies":"Large Slime","floor":7,"turns":5},{"damage":16,"enemies":"Lagavulin Event","floor":13,"turns":5},{"damage":19,"enemies":"Gremlin Nob","floor":14,"turns":4},{"damage":25,"enemies":"Hexaghost","floor":16,"turns":11},{"damage":14,"enemies":"Shell Parasite","floor":18,"turns":8},{"damage":7,"enemies":"3 Byrds","floor":19,"turns":6},{"damage":65,"enemies":"Sentry and Sphere","floor":21,"turns":12},{"damage":14,"enemies":"Book of Stabbing","floor":23,"turns":6},{"damage":18,"enemies":"Snake Plant","floor":25,"turns":4},{"damage":13,"enemies":"Gremlin Leader","floor":29,"turns":6}],"relics_obtained":[{"floor":6,"key":"Anchor"},{"floor":9,"key":"Ancient Tea Set"},{"floor":13,"key":"Toxic Egg 2"},{"floor":14,"key":"Calipers"},{"floor":23,"key":"Kunai"},{"floor":26,"key":"Bottled Flame"},{"floor":27,"key":"Nilry\u0027s Codex"}],"event_choices":[{"event_name":"Big Fish","player_choice":"Donut","floor":4,"damage_taken":0},{"event_name":"Shining Light","player_choice":"Entered Light","floor":5,"damage_taken":0},{"event_name":"Living Wall","player_choice":"Change","floor":11,"damage_taken":0},{"event_name":"Dead Adventurer","player_choice":"Searched \u00272\u0027 times","floor":13,"damage_taken":0},{"event_name":"Purifier","player_choice":"One Purge","floor":20,"damage_taken":0},{"event_name":"Cursed Tome","player_choice":"Obtained Book","floor":27,"damage_taken":0}],"boss_relics":[{"not_picked":["Calling Bell","Velvet Choker"],"picked":"Eternal Feather"}],"items_purged_floors":[],"is_endless":true,"potions_floor_spawned":[2,3,13,14,16,18,19,21,25],"seed_played":"-4344618991100460073","killed_by":"Gremlin Leader","ascension_level":0,"potions_obtained":[{"floor":2,"key":"Explosive Potion"},{"floor":3,"key":"SteroidPotion"},{"floor":13,"key":"Weak Potion"},{"floor":14,"key":"Fire Potion"},{"floor":16,"key":"Ancient Potion"},{"floor":18,"key":"SkillPotion"},{"floor":19,"key":"Regen Potion"},{"floor":21,"key":"Ancient Potion"},{"floor":25,"key":"Ancient Potion"}],"is_trial":false}