{"gold_per_floor":[111,111,126,126,141,179,179,179,179,195,265,277,289,301,313,325],"floor_reached":16,"playtime":624,"items_purged":[],"score":132,"play_id":"4bdbb132-e924-453f-ad69-934c6a9db198","local_time":"20190216135420","is_ascension_mode":true,"campfire_choices":[{"floor":8,"key":"REST"},{"floor":13,"key":"REST"},{"data":"Core Surge","floor":15,"key":"SMITH"}],"neow_cost":"PERCENT_DAMAGE","seed_source_timestamp":2808599332494000,"circlet_count":0,"master_deck":["Strike_B","Strike_B","Strike_B","Strike_B","Defend_B","Defend_B","Defend_B","Defend_B","Zap","Dualcast","Conserve Battery","Chill","Cold Snap","Core Surge+1","Steam","Coolheaded"],"relics":["Cracked Core","Mango","Golden Idol","Bottled Flame","Juzu Bracelet","MawBank"],"potions_floor_usage":[10,11,16],"damage_taken":[{"damage":7,"enemies":"Jaw Worm","floor":1,"turns":3},{"damage":7,"enemies":"Small Slimes","floor":3,"turns":4},{"damage":0,"enemies":"2 Louse","floor":5,"turns":2},{"damage":41,"enemies":"Lagavulin","floor":6,"turns":9},{"damage":3,"enemies":"Gremlin Gang","floor":10,"turns":6},{"damage":33,"enemies":"Gremlin Nob","floor":11,"turns":4},{"damage":67,"enemies":"Hexaghost","floor":16,"turns":14}],"seed_played":"-3106631763710851485","potions_obtained":[{"floor":6,"key":"SteroidPotion"},{"floor":10,"key":"Swift Potion"},{"floor":11,"key":"AttackPotion"}],"is_trial":false,"path_per_floor":["M","?","M","?","M","E","?","R","T","M","?","?","R","?","R","B"],"character_chosen":"DEFECT","items_purchased":[],"campfire_rested":2,"item_purchase_floors":[],"current_hp_per_floor":[57,57,50,50,50,9,29,53,53,50,17,17,40,66,66,0],"gold":325,"neow_bonus":"ONE_RARE_RELIC","is_prod":false,"is_daily":false,"chose_seed":false,"campfire_upgraded":1,"win_rate":0,"timestamp":1550350460,"path_taken":["M","?","M","?","M","E","?","R","T","M","?","?","R","?","R","BOSS"],"build_version":"2019-02-06","purchased_purges":0,"victory":false,"max_hp_per_floor":[89,82,82,82,82,82,82,82,82,82,82,79,79,79,79,79],"card_choices":[{"not_picked":["Sweeping Beam","Recycle"],"picked":"Conserve Battery","floor":1},{"not_picked":["Stack","Rebound"],"picked":"Chill","floor":3},{"not_picked":["Self Repair","Fusion"],"picked":"Cold Snap","floor":5},{"not_picked":["Rebound","Beam Cell"],"picked":"Core Surge","floor":6},{"not_picked":["Doom and Gloom","Hologram"],"picked":"Steam","floor":10},{"not_picked":["Beam Cell","Turbo"],"picked":"Coolheaded","floor":11}],"player_experience":539181,"relics_obtained":[{"floor":6,"key":"Bottled Flame"},{"floor":9,"key":"Juzu Bracelet"},{"floor":11,"key":"MawBank"}],"event_choices":[{"damage_healed":0,"gold_gain":0,"player_choice":"Lose Max HP","damage_taken":0,"relics_obtained":["Golden Idol"],"max_hp_gain":0,"max_hp_loss":7,"event_name":"Golden Idol","floor":2,"gold_loss":0},{"damage_healed":0,"gold_gain":0,"player_choice":"Ignored","damage_taken":0,"max_hp_gain":0,"max_hp_loss":0,"event_name":"Liars Game","floor":4,"gold_loss":0},{"damage_healed":20,"gold_gain":0,"player_choice":"Healed and dodged fight","damage_taken":0,"max_hp_gain":0,"max_hp_loss":0,"event_name":"Mushrooms","floor":7,"gold_loss":0,"cards_obtained":["Parasite"]},{"damage_healed":0,"gold_gain":30,"player_choice":"Searched \u00273\u0027 times","damage_taken":0,"max_hp_gain":0,"max_hp_loss":0,"event_name":"Dead Adventurer","floor":11,"gold_loss":0},{"cards_removed":["Parasite"],"damage_healed":0,"gold_gain":0,"player_choice":"Forget","damage_taken":0,"max_hp_gain":0,"max_hp_loss":0,"event_name":"Living Wall","floor":12,"gold_loss":0},{"damage_healed":26,"gold_gain":0,"player_choice":"Banana","damage_taken":0,"max_hp_gain":0,"max_hp_loss":0,"event_name":"Big Fish","floor":14,"gold_loss":0}],"is_beta":true,"boss_relics":[],"items_purged_floors":[],"is_endless":false,"potions_floor_spawned":[6,10,11],"killed_by":"Hexaghost","ascension_level":7}