{"gold_per_floor":[110,126,143,156,156,156,181,181,231,231,247,276,295,40,40,142,142,160,160,75,75,64,64,76,76,76,76,110,110,110],"floor_reached":30,"playtime":1368,"items_purged":[],"score":425,"play_id":"6719e611-5ae2-42e6-9489-758142a65ee0","local_time":"20180903133034","is_ascension_mode":true,"campfire_choices":[{"data":"Bash","floor":6,"key":"SMITH"},{"data":"Thunderclap","floor":15,"key":"SMITH"},{"data":"Reaper","floor":25,"key":"SMITH"}],"neow_cost":"","seed_source_timestamp":0,"circlet_count":0,"master_deck":["Defend_R+1","Defend_R","Defend_R","Defend_R","Bash+1","Sword Boomerang","Shrug It Off","Pommel Strike","Headbutt","Reaper","Thunderclap+1","Flex","Reaper+1","Bite","Bite","Bite","Bite","Bite","Inflame","Ghostly Armor","Necronomicurse"],"special_seed":0,"relics":["Black Blood","Shuriken","Strawberry","Lee\u0027s Waffle","Question Card","Pen Nib","Mercury Hourglass","Necronomicon"],"potions_floor_usage":[11,13,23,23,28],"damage_taken":[{"damage":11,"enemies":"Cultist","floor":1,"turns":4},{"damage":4,"enemies":"Jaw Worm","floor":2,"turns":4},{"damage":0,"enemies":"Small Slimes","floor":3,"turns":3},{"damage":8,"enemies":"Looter","floor":4,"turns":5},{"damage":30,"enemies":"3 Sentries","floor":7,"turns":11},{"damage":31,"enemies":"Lots of Slimes","floor":11,"turns":6},{"damage":24,"enemies":"Lagavulin","floor":12,"turns":6},{"damage":18,"enemies":"Large Slime","floor":13,"turns":9},{"damage":35,"enemies":"Slime Boss","floor":16,"turns":10},{"damage":33,"enemies":"3 Byrds","floor":18,"turns":5},{"damage":36,"enemies":"2 Thieves","floor":22,"turns":4},{"damage":27,"enemies":"Gremlin Leader","floor":23,"turns":6},{"damage":64,"enemies":"Centurion and Healer","floor":24,"turns":12},{"damage":96,"enemies":"Slavers","floor":28,"turns":6},{"damage":59,"enemies":"Book of Stabbing","floor":30,"turns":4}],"seed_played":"4562531793849026049","potions_obtained":[{"floor":3,"key":"Swift Potion"},{"floor":7,"key":"SpeedPotion"},{"floor":13,"key":"SmokeBomb"},{"floor":16,"key":"FearPotion"},{"floor":24,"key":"LiquidBronze"}],"is_trial":false,"path_per_floor":["M","M","M","M","?","R","E","?","T","$","M","E","M","$","R","B",null,"M","?","?","?","M","E","M","R","T","?","E","?"],"character_chosen":"IRONCLAD","items_purchased":["Lee\u0027s Waffle","Flex"],"campfire_rested":0,"item_purchase_floors":[14,14],"current_hp_per_floor":[67,69,75,73,57,57,33,33,33,33,30,21,15,94,94,77,90,86,86,86,67,75,82,66,66,66,99,46,30,0],"gold":110,"neow_bonus":"","is_prod":false,"is_daily":false,"chose_seed":false,"campfire_upgraded":3,"win_rate":0,"timestamp":1535974234,"path_taken":["M","M","?","M","?","R","E","?","T","?","M","E","M","$","R","BOSS","M","?","?","?","M","E","M","R","T","?","E","?","E"],"build_version":"2018-08-30","purchased_purges":0,"victory":false,"max_hp_per_floor":[80,80,80,80,80,80,80,80,80,80,80,87,87,94,94,94,94,94,94,94,99,99,99,99,99,99,99,99,99,99],"card_choices":[{"not_picked":["Combust","Body Slam"],"picked":"Sword Boomerang","floor":1},{"not_picked":["Clothesline","Ghostly Armor"],"picked":"Shrug It Off","floor":2},{"not_picked":["Barricade","Body Slam"],"picked":"Pommel Strike","floor":3},{"not_picked":["Reckless Charge","Wild Strike"],"picked":"Headbutt","floor":4},{"not_picked":["Shrug It Off","Havoc"],"picked":"Reaper","floor":7},{"not_picked":["Perfected Strike","Clash","Sentinel"],"picked":"SKIP","floor":11},{"not_picked":["Heavy Blade","Blood for Blood"],"picked":"Thunderclap","floor":12},{"not_picked":["Sword Boomerang","Perfected Strike","Bloodletting"],"picked":"SKIP","floor":13},{"not_picked":["Berserk","Bludgeon"],"picked":"Reaper","floor":16},{"not_picked":["Heavy Blade","Dual Wield","Clash"],"picked":"SKIP","floor":18},{"not_picked":["Ghostly Armor","Perfected Strike","Havoc+1","Pommel Strike"],"picked":"SKIP","floor":22},{"not_picked":["Evolve+1","Dual Wield+1","Havoc"],"picked":"Inflame","floor":24},{"not_picked":["Juggernaut","Infernal Blade","Clash"],"picked":"Ghostly Armor","floor":28}],"player_experience":302283,"relics_obtained":[{"floor":7,"key":"Shuriken"},{"floor":9,"key":"Blood Vial"},{"floor":12,"key":"Strawberry"},{"floor":26,"key":"Pen Nib"},{"floor":28,"key":"Mercury Hourglass"},{"floor":29,"key":"Necronomicon"}],"event_choices":[{"event_name":"Shining Light","player_choice":"Entered Light","floor":5,"damage_taken":0},{"event_name":"Purifier","player_choice":"One Purge","floor":8,"damage_taken":0},{"event_name":"Vampires","player_choice":"Became a vampire (Vial)","floor":19,"damage_taken":0},{"event_name":"Addict","player_choice":"Obtained Relic","floor":20,"damage_taken":0},{"event_name":"Forgotten Altar","player_choice":"Shed Blood","floor":21,"damage_taken":0},{"event_name":"The Library","player_choice":"Heal","floor":27,"damage_taken":0},{"event_name":"Cursed Tome","player_choice":"Obtained Book","floor":29,"damage_taken":0}],"is_beta":false,"boss_relics":[{"not_picked":["Snecko Eye","Empty Cage"],"picked":"Black Blood"}],"items_purged_floors":[],"is_endless":false,"potions_floor_spawned":[3,7,13,16,24],"killed_by":"Book of Stabbing","ascension_level":7}