{"gold_per_floor":[116,116,191,17,17,17,48,48,48,92,5,25,69,49,49,138,138,159,209,222,263,263],"floor_reached":22,"playtime":1023,"items_purged":[],"score":396,"play_id":"96021d58-9fbe-4e35-8d5e-96043d4058af","local_time":"20190328133320","is_ascension_mode":true,"campfire_choices":[{"data":"Glass Knife","floor":6.0,"key":"SMITH"},{"data":"Neutralize","floor":8.0,"key":"SMITH"},{"data":"Bouncing Flask","floor":15.0,"key":"SMITH"}],"neow_cost":"NONE","seed_source_timestamp":0,"circlet_count":0,"master_deck":["AscendersBane","Defend_G","Defend_G","Defend_G","Defend_G","Defend_G","Strike_G","Strike_G","Strike_G","Strike_G","Strike_G","Survivor","Neutralize+1","Bouncing Flask+1","Glass Knife+1","Dash","Leg Sweep","Footwork","PiercingWail","Burst","Footwork","Crippling Poison","Malaise","Catalyst"],"special_seed":0,"relics":["Ring of the Snake","Golden Idol","Strawberry","Pocketwatch","Pear","Orrery","Red Mask"],"potions_floor_usage":[22],"damage_taken":[{"damage":0.0,"enemies":"2 Louse","floor":1.0,"turns":2.0},{"damage":24.0,"enemies":"3 Sentries","floor":7.0,"turns":10.0},{"damage":5.0,"enemies":"Lagavulin","floor":10.0,"turns":6.0},{"damage":0.0,"enemies":"Small Slimes","floor":12.0,"turns":4.0},{"damage":11.0,"enemies":"Gremlin Nob","floor":13.0,"turns":4.0},{"damage":2.0,"enemies":"Hexaghost","floor":16.0,"turns":9.0},{"damage":6.0,"enemies":"Chosen","floor":18.0,"turns":7.0},{"damage":5.0,"enemies":"Spheric Guardian","floor":20.0,"turns":7.0},{"damage":50.0,"enemies":"Masked Bandits","floor":21.0,"turns":7.0},{"damage":5,"enemies":"Shelled Parasite and Fungi","floor":22,"turns":5}],"seed_played":"1257379421125301310","potions_obtained":[{"floor":0.0,"key":"Weak Potion"},{"floor":0.0,"key":"Strength Potion"},{"floor":21.0,"key":"Strength Potion"}],"is_trial":false,"path_per_floor":["M","?","?","$","?","R","E","R","T","E","$","M","E","?","R","B",null,"M","?","M","?","M"],"character_chosen":"THE_SILENT","items_purchased":["Glass Knife","Footwork"],"campfire_rested":0,"item_purchase_floors":[4,11],"current_hp_per_floor":[59,59,48,48,48,48,31,31,31,36,36,36,25,25,25,23,64,58,58,53,3,0],"gold":263,"neow_bonus":"THREE_SMALL_POTIONS","is_prod":false,"is_daily":false,"chose_seed":false,"campfire_upgraded":3,"win_rate":0,"timestamp":1553776400,"path_taken":["M","?","?","$","?","R","E","R","T","E","$","?","E","?","R","BOSS","M","?","M","?","M"],"build_version":"2019-01-23","purchased_purges":0,"victory":false,"max_hp_per_floor":[66,66,66,66,60,60,67,67,67,77,77,77,77,77,77,77,77,77,77,77,77,77],"card_choices":[{"not_picked":["Endless Agony","Escape Plan"],"picked":"Bouncing Flask","floor":1.0},{"not_picked":["Distraction","Outmaneuver"],"picked":"Dash","floor":7.0},{"not_picked":["Backflip","All Out Attack"],"picked":"Leg Sweep","floor":10.0},{"not_picked":["Quick Slash","Dash"],"picked":"PiercingWail","floor":12.0},{"not_picked":["Acrobatics","Masterful Stab","Dagger Throw"],"picked":"SKIP","floor":13.0},{"not_picked":["Storm of Steel","Venomology"],"picked":"Burst","floor":16.0},{"not_picked":["Acrobatics","Cloak And Dagger"],"picked":"Footwork","floor":17.0},{"not_picked":["Flying Knee","Poisoned Stab"],"picked":"Crippling Poison","floor":17.0},{"not_picked":["Backflip","All Out Attack"],"picked":"Malaise","floor":18.0},{"not_picked":["Reflex","Riddle With Holes"],"picked":"Catalyst","floor":20.0}],"player_experience":1403287,"relics_obtained":[{"floor":7.0,"key":"Strawberry"},{"floor":9.0,"key":"Pocketwatch"},{"floor":10.0,"key":"Pear"},{"floor":21.0,"key":"Red Mask"}],"event_choices":[{"damage_healed":0.0,"max_hp_gain":0.0,"max_hp_loss":0.0,"gold_gain":0.0,"event_name":"The Cleric","player_choice":"Leave","floor":2.0,"gold_loss":0.0,"damage_taken":0.0},{"damage_healed":0.0,"max_hp_gain":0.0,"max_hp_loss":0.0,"gold_gain":75.0,"event_name":"World of Goop","player_choice":"Gather Gold","floor":3.0,"gold_loss":0.0,"damage_taken":11.0},{"damage_healed":0.0,"max_hp_gain":0.0,"max_hp_loss":6.0,"gold_gain":0.0,"event_name":"Golden Idol","player_choice":"Lose Max HP","floor":5.0,"gold_loss":0.0,"damage_taken":0.0,"relics_obtained":["Golden Idol"]},{"damage_healed":0.0,"max_hp_gain":0.0,"max_hp_loss":0.0,"gold_gain":0.0,"event_name":"The Woman in Blue","player_choice":"Bought 1 Potion","floor":14.0,"gold_loss":0.0,"damage_taken":0.0},{"damage_healed":0.0,"max_hp_gain":0.0,"max_hp_loss":0.0,"gold_gain":50.0,"event_name":"Nest","player_choice":"Stole From Cult","floor":19.0,"gold_loss":0.0,"damage_taken":0.0},{"damage_healed":0.0,"max_hp_gain":0.0,"max_hp_loss":0.0,"gold_gain":0.0,"event_name":"Masked Bandits","player_choice":"Fought Bandits","floor":21.0,"gold_loss":0.0,"damage_taken":0.0}],"is_beta":false,"boss_relics":[{"not_picked":["Fusion Hammer","Philosopher\u0027s Stone"],"picked":"Orrery"}],"items_purged_floors":[],"is_endless":false,"potions_floor_spawned":[7,12,18,21],"killed_by":"Shelled Parasite and Fungi","ascension_level":20}