{"gold_per_floor":[114,114,114,124,137,162,162,174,200,200,235,312,371,122,122,195,195,211,126,126,138,167,179,226,238,250,275,287,326,353,382,394,479,491,518,544,1555,1619,1656,1668,589,589,589,589,50,66,78,154,154,154,154],"floor_reached":52,"playtime":2415,"items_purged":["Searing Blow","Normality","Normality"],"score":1917,"play_id":"6526f389-f839-488a-ba7a-529924d9e524","local_time":"20190107140310","is_ascension_mode":true,"campfire_choices":[{"data":"Perfected Strike","floor":7,"key":"SMITH"},{"data":"Shockwave","floor":10,"key":"SMITH"},{"floor":15,"key":"REST"},{"data":"Disarm","floor":23,"key":"SMITH"},{"data":"Pommel Strike","floor":25,"key":"SMITH"},{"floor":28,"key":"REST"},{"data":"Rage","floor":32,"key":"SMITH"},{"data":"Bash","floor":40,"key":"SMITH"},{"data":"Spot Weakness","floor":42,"key":"SMITH"},{"data":"Sword Boomerang","floor":44,"key":"SMITH"},{"data":"Feel No Pain","floor":49,"key":"SMITH"}],"neow_cost":"NONE","seed_source_timestamp":14001454934053,"circlet_count":0,"master_deck":["AscendersBane","Bash+1","Rage+1","Shockwave+1","Perfected Strike+1","Offering","Twin Strike","Disarm+1","Battle Trance","Pommel Strike+1","Offering","Sword Boomerang+1","Sentinel","Warcry","Spot Weakness+1","Reckless Charge","Intimidate","Sever Soul","Dropkick","Pommel Strike+1","Writhe","Burning Pact+1","Feel No Pain+1","Headbutt","Ghostly Armor+1","Pommel Strike+1","Offering+1","True Grit+1","Sentinel+1","Shrug It Off+1","Seeing Red+1"],"relics":["Burning Blood","NeowsBlessing","Bag of Marbles","Vajra","Orichalcum","Gremlin Horn","Darkstone Periapt","Pandora\u0027s Box","Red Skull","MawBank","Potion Belt","Toxic Egg 2","Ancient Tea Set","Busted Crown","WingedGreaves","Centennial Puzzle","OrangePellets","Bird Faced Urn","Pantograph","Frozen Egg 2","Bronze Scales","Mercury Hourglass"],"potions_floor_usage":[6,13,13,16,33,38,45,50,50],"damage_taken":[{"damage":0,"enemies":"Small Slimes","floor":1,"turns":1},{"damage":0,"enemies":"2 Louse","floor":4,"turns":1},{"damage":0,"enemies":"Cultist","floor":5,"turns":1},{"damage":55,"enemies":"3 Sentries","floor":6,"turns":13},{"damage":0,"enemies":"2 Fungi Beasts","floor":8,"turns":2},{"damage":12,"enemies":"Gremlin Nob","floor":11,"turns":3},{"damage":7,"enemies":"3 Sentries","floor":13,"turns":5},{"damage":19,"enemies":"Hexaghost","floor":16,"turns":9},{"damage":12,"enemies":"2 Thieves","floor":18,"turns":3},{"damage":15,"enemies":"Chosen","floor":22,"turns":4},{"damage":21,"enemies":"Book of Stabbing","floor":24,"turns":3},{"damage":12,"enemies":"Sentry and Sphere","floor":27,"turns":2},{"damage":12,"enemies":"Slavers","floor":29,"turns":3},{"damage":12,"enemies":"3 Cultists","floor":30,"turns":3},{"damage":6,"enemies":"Centurion and Healer","floor":31,"turns":2},{"damage":19,"enemies":"Champ","floor":33,"turns":7},{"damage":12,"enemies":"Orb Walker","floor":35,"turns":1},{"damage":6,"enemies":"3 Shapes","floor":36,"turns":2},{"damage":25,"enemies":"2 Orb Walkers","floor":38,"turns":3},{"damage":18,"enemies":"Writhing Mass","floor":46,"turns":3},{"damage":7,"enemies":"Transient","floor":47,"turns":6},{"damage":67,"enemies":"Donu and Deca","floor":50,"turns":6},{"damage":39,"enemies":"Time Eater","floor":51,"turns":7}],"seed_played":"810229476873305707","potions_obtained":[{"floor":1,"key":"Swift Potion"},{"floor":6,"key":"PowerPotion"},{"floor":11,"key":"Fire Potion"},{"floor":18,"key":"AttackPotion"},{"floor":29,"key":"EssenceOfSteel"},{"floor":30,"key":"BloodPotion"},{"floor":31,"key":"SteroidPotion"},{"floor":33,"key":"Energy Potion"},{"floor":38,"key":"Fire Potion"},{"floor":46,"key":"AttackPotion"}],"is_trial":false,"path_per_floor":["M","?","?","M","M","E","R","M","T","R","E","?","?","$","R","B",null,"M","?","?","?","M","R","E","R","T","M","R","E","M","M","R","B",null,"M","M","?","?","T","R","$","R","T","R","$","M","M","T","R","B","B",null],"character_chosen":"IRONCLAD","items_purchased":["PowerPotion","Battle Trance","Pommel Strike","OrangePellets","Bird Faced Urn","Pantograph","Sentinel+1","BloodPotion","Bronze Scales","Shrug It Off+1","Fruit Juice","Ancient Potion"],"campfire_rested":2,"item_purchase_floors":[14,14,14,41,41,41,41,41,45,45,45,45],"current_hp_per_floor":[74,56,56,62,68,19,19,25,25,25,19,19,18,18,40,27,63,57,57,63,63,54,54,39,39,39,33,57,51,45,45,45,32,69,63,63,75,65,65,65,65,65,65,65,70,60,61,61,61,34,28],"gold":154,"neow_bonus":"THREE_ENEMY_KILL","is_prod":false,"is_daily":false,"chose_seed":false,"campfire_upgraded":9,"win_rate":0,"timestamp":1546866190,"path_taken":["M","?","?","?","M","E","R","M","T","R","E","?","?","$","R","BOSS","M","?","?","?","M","R","E","R","T","M","R","E","M","M","R","BOSS","M","M","?","?","?","R","?","R","T","R","$","?","M","?","R","BOSS","BOSS"],"build_version":"2019-01-03v4","purchased_purges":3,"victory":true,"max_hp_per_floor":[75,75,75,75,75,75,75,75,75,75,75,75,75,75,75,75,75,75,75,81,81,81,81,81,81,81,81,81,81,81,81,81,81,81,81,81,93,93,93,93,93,93,93,93,98,98,98,98,98,98,98],"card_choices":[{"not_picked":["True Grit","Iron Wave"],"picked":"Searing Blow","floor":1},{"not_picked":["Ghostly Armor","Headbutt"],"picked":"Shockwave","floor":4},{"not_picked":["Reckless Charge","Sever Soul","Seeing Red"],"picked":"SKIP","floor":5},{"not_picked":["Wild Strike","Flex"],"picked":"Perfected Strike","floor":6},{"not_picked":["Havoc","Infernal Blade"],"picked":"Offering","floor":8},{"not_picked":["Second Wind","Thunderclap"],"picked":"Twin Strike","floor":11},{"not_picked":["Wild Strike","True Grit"],"picked":"Disarm","floor":13},{"not_picked":["Exhume","Fiend Fire"],"picked":"Offering","floor":16},{"not_picked":["Bloodletting","Evolve+1"],"picked":"Pommel Strike+1","floor":18},{"not_picked":["Intimidate","Shockwave"],"picked":"Burning Pact+1","floor":22},{"not_picked":["Rage","Warcry"],"picked":"Feel No Pain","floor":24},{"not_picked":["Twin Strike","Clash"],"picked":"Headbutt","floor":27},{"not_picked":["Cleave","Hemokinesis","Sword Boomerang"],"picked":"SKIP","floor":29},{"not_picked":["Flex+1","Body Slam"],"picked":"Ghostly Armor+1","floor":30},{"not_picked":["Thunderclap","Feel No Pain"],"picked":"Pommel Strike+1","floor":31},{"not_picked":["Fiend Fire","Reaper"],"picked":"Offering+1","floor":33},{"not_picked":["Cleave+1"],"picked":"SKIP","floor":35},{"not_picked":["Uppercut"],"picked":"SKIP","floor":36},{"not_picked":[],"picked":"True Grit+1","floor":38},{"not_picked":["Iron Wave"],"picked":"SKIP","floor":46},{"not_picked":[],"picked":"Seeing Red+1","floor":47}],"player_experience":1129818,"relics_obtained":[{"floor":6,"key":"Vajra"},{"floor":9,"key":"Orichalcum"},{"floor":11,"key":"Gremlin Horn"},{"floor":13,"key":"Darkstone Periapt"},{"floor":24,"key":"Potion Belt"},{"floor":26,"key":"Toxic Egg 2"},{"floor":29,"key":"Ancient Tea Set"},{"floor":38,"key":"WingedGreaves"},{"floor":39,"key":"Centennial Puzzle"},{"floor":43,"key":"Frozen Egg 2"},{"floor":48,"key":"Mercury Hourglass"}],"event_choices":[{"damage_healed":0,"gold_gain":0,"player_choice":"Success","damage_taken":18,"relics_obtained":["Bag of Marbles"],"max_hp_gain":0,"max_hp_loss":0,"event_name":"Scrap Ooze","floor":2,"gold_loss":0},{"damage_healed":0,"gold_gain":0,"cards_transformed":["Strike_R"],"player_choice":"Transformed","damage_taken":0,"max_hp_gain":0,"max_hp_loss":0,"event_name":"Transmorgrifier","floor":3,"gold_loss":0,"cards_obtained":["Rage"]},{"damage_healed":0,"gold_gain":77,"player_choice":"Gained Gold","damage_taken":0,"max_hp_gain":0,"max_hp_loss":0,"event_name":"Golden Wing","floor":12,"gold_loss":0},{"damage_healed":0,"gold_gain":0,"player_choice":"Searched \u00271\u0027 times","damage_taken":0,"max_hp_gain":0,"max_hp_loss":0,"event_name":"Dead Adventurer","floor":13,"gold_loss":0},{"damage_healed":0,"gold_gain":0,"player_choice":"Obtained Relic","damage_taken":0,"relics_obtained":["Red Skull"],"max_hp_gain":0,"max_hp_loss":0,"event_name":"Addict","floor":19,"gold_loss":85},{"damage_healed":0,"gold_gain":0,"player_choice":"Opened","damage_taken":0,"relics_obtained":["MawBank"],"max_hp_gain":0,"max_hp_loss":0,"event_name":"The Mausoleum","floor":20,"gold_loss":0,"cards_obtained":["Writhe"]},{"damage_healed":0,"gold_gain":0,"player_choice":"Ignored","damage_taken":0,"max_hp_gain":0,"max_hp_loss":0,"event_name":"Ghosts","floor":21,"gold_loss":0},{"damage_healed":0,"gold_gain":999,"player_choice":"Gold","damage_taken":0,"max_hp_gain":0,"max_hp_loss":0,"event_name":"MindBloom","floor":37,"gold_loss":0,"cards_obtained":["Normality","Normality"]},{"damage_healed":0,"gold_gain":0,"player_choice":"Fight","damage_taken":0,"max_hp_gain":0,"max_hp_loss":0,"event_name":"Mysterious Sphere","floor":38,"gold_loss":0}],"is_beta":false,"boss_relics":[{"not_picked":["Velvet Choker","Astrolabe"],"picked":"Pandora\u0027s Box"},{"not_picked":["Runic Cube","Philosopher\u0027s Stone"],"picked":"Busted Crown"}],"items_purged_floors":[14,41,45],"is_endless":false,"potions_floor_spawned":[1,6,11,18,29,30,31,33,38,46],"ascension_level":20}