{"gold_per_floor":[114,128,45,45,58,87,107,140,192,211,211,230,230,250,250,355,355,372,390,490,506,523,535,569,569,593,274,274,274,285,296,296,397,397,412,64,74,74,92,92,92,92,138,138,157,20,50,63,63,63],"floor_reached":51,"playtime":36294,"items_purged":["Bash","Strike_R"],"score":738,"play_id":"165ca694-fb54-4bd3-8b53-66311b026594","local_time":"20190429203515","is_ascension_mode":false,"campfire_choices":[{"data":"Armaments","floor":11.0,"key":"SMITH"},{"data":"Perfected Strike","floor":13.0,"key":"SMITH"},{"data":"Perfected Strike","floor":15.0,"key":"SMITH"},{"data":"Combust","floor":25.0,"key":"SMITH"},{"floor":29.0,"key":"REST"},{"data":"Barricade","floor":32.0,"key":"SMITH"},{"data":"Demon Form","floor":41,"key":"SMITH"},{"data":"Shockwave","floor":44,"key":"SMITH"},{"data":"Perfected Strike","floor":49,"key":"SMITH"}],"neow_cost":"NONE","seed_source_timestamp":0,"circlet_count":0,"master_deck":["Strike_R","Strike_R","Strike_R","Defend_R+1","Defend_R","Defend_R","Body Slam","Shockwave+1","Blood for Blood","Swift Strike","Shrug It Off+1","Headbutt","Double Tap","Armaments+1","Combust+1","Perfected Strike+1","Perfected Strike+1","Battle Trance","Demon Form+1","Metallicize+1","Warcry","Metallicize+1","True Grit+1","Headbutt","Iron Wave","True Grit+1","Barricade+1","Power Through","Reaper","Perfected Strike+1","Shrug It Off","Shrug It Off+1","Battle Trance+1","Perfected Strike+1","Finesse","Heavy Blade+1"],"special_seed":0,"relics":["Black Blood","NeowsBlessing","Bag of Preparation","Matryoshka","War Paint","Orichalcum","Regal Pillow","Dream Catcher","Centennial Puzzle","Toy Ornithopter","Runic Dome","Frozen Eye","Lantern","Incense Burner"],"potions_floor_usage":[47,50],"damage_taken":[{"damage":0.0,"enemies":"Cultist","floor":1.0,"turns":1.0},{"damage":0.0,"enemies":"Small Slimes","floor":2.0,"turns":1.0},{"damage":0.0,"enemies":"2 Louse","floor":5.0,"turns":1.0},{"damage":10.0,"enemies":"3 Sentries","floor":6.0,"turns":8.0},{"damage":12.0,"enemies":"Lots of Slimes","floor":7.0,"turns":4.0},{"damage":8.0,"enemies":"Lagavulin","floor":8.0,"turns":6.0},{"damage":8.0,"enemies":"Large Slime","floor":10.0,"turns":4.0},{"damage":0.0,"enemies":"Looter","floor":12.0,"turns":2.0},{"damage":0.0,"enemies":"Exordium Thugs","floor":14.0,"turns":2.0},{"damage":24.0,"enemies":"Hexaghost","floor":16.0,"turns":7.0},{"damage":2.0,"enemies":"Spheric Guardian","floor":18.0,"turns":3.0},{"damage":18.0,"enemies":"2 Thieves","floor":19.0,"turns":4.0},{"damage":25.0,"enemies":"Chosen and Byrds","floor":21.0,"turns":5.0},{"damage":9.0,"enemies":"Shelled Parasite and Fungi","floor":22.0,"turns":4.0},{"damage":8.0,"enemies":"Centurion and Healer","floor":23.0,"turns":6.0},{"damage":36.0,"enemies":"Book of Stabbing","floor":24.0,"turns":8.0},{"damage":15.0,"enemies":"3 Cultists","floor":30.0,"turns":5.0},{"damage":18.0,"enemies":"Sentry and Sphere","floor":31.0,"turns":5.0},{"damage":55.0,"enemies":"Collector","floor":33.0,"turns":12.0},{"damage":7,"enemies":"3 Shapes","floor":35,"turns":8},{"damage":16,"enemies":"3 Darklings","floor":37,"turns":10},{"damage":21,"enemies":"Sphere and 2 Shapes","floor":39,"turns":11},{"damage":7,"enemies":"Maw","floor":45,"turns":8},{"damage":46,"enemies":"Nemesis","floor":47,"turns":11},{"damage":0,"enemies":"Spire Growth","floor":48,"turns":7},{"damage":52,"enemies":"Donu and Deca","floor":50,"turns":9}],"seed_played":"-6788640382332843035","potions_obtained":[{"floor":2.0,"key":"Strength Potion"},{"floor":7.0,"key":"BloodPotion"},{"floor":12.0,"key":"Poison Potion"},{"floor":18.0,"key":"SkillPotion"},{"floor":24.0,"key":"GamblersBrew"},{"floor":30.0,"key":"Block Potion"},{"floor":37,"key":"SkillPotion"},{"floor":47,"key":"Block Potion"}],"is_trial":false,"path_per_floor":["M","M","$","?","M","E","M","E","T","M","R","M","R","M","R","B",null,"M","M","?","M","M","M","E","R","T","$","?","R","M","M","R","B",null,"M","$","M","?","M","?","R","?","T","R","M","$","E","M","R","B",null],"character_chosen":"IRONCLAD","items_purchased":["Blood for Blood","AttackPotion","Headbutt","Toy Ornithopter","Shrug It Off","Frozen Eye","Perfected Strike","Finesse"],"campfire_rested":1,"item_purchase_floors":[3,3,27,27,36,36,46,46],"current_hp_per_floor":[80,80,80,80,80,76,70,68,68,74,74,80,80,80,80,62,80,80,72,72,57,58,60,34,34,34,34,34,73,68,60,60,20,80,80,80,80,70,80,80,80,80,80,80,80,80,67,80,80,62],"gold":63,"neow_bonus":"THREE_ENEMY_KILL","is_prod":false,"is_daily":false,"chose_seed":false,"campfire_upgraded":8,"win_rate":0,"timestamp":1556562915,"path_taken":["M","?","$","?","M","E","M","E","T","?","R","M","R","M","R","BOSS","M","?","?","M","M","?","E","R","T","$","?","R","M","M","R","BOSS","M","?","M","?","M","?","R","?","T","R","M","$","E","M","R","BOSS"],"build_version":"2019-01-23","purchased_purges":2,"victory":true,"max_hp_per_floor":[80,80,80,80,80,80,80,80,80,80,80,80,80,80,80,80,80,80,80,80,80,80,80,80,80,80,80,80,80,80,80,80,80,80,80,80,80,80,80,80,80,80,80,80,80,80,80,80,80,80],"card_choices":[{"not_picked":["Dropkick","Warcry"],"picked":"Body Slam","floor":1.0},{"not_picked":["Burning Pact","Warcry"],"picked":"Shockwave","floor":2.0},{"not_picked":["Clothesline","Armaments"],"picked":"Headbutt","floor":5.0},{"not_picked":["Clash","Clothesline"],"picked":"Double Tap","floor":6.0},{"not_picked":["Bloodletting","Heavy Blade"],"picked":"Armaments","floor":7.0},{"not_picked":["Heavy Blade","Corruption"],"picked":"Combust","floor":8.0},{"not_picked":["Cleave","Pommel Strike"],"picked":"Perfected Strike","floor":10.0},{"not_picked":["Burning Pact","Cleave"],"picked":"Perfected Strike","floor":12.0},{"not_picked":["Inflame","Limit Break"],"picked":"Battle Trance","floor":14.0},{"not_picked":["Bludgeon","Limit Break"],"picked":"Demon Form","floor":16.0},{"not_picked":["Clash","Seeing Red"],"picked":"Metallicize+1","floor":18.0},{"not_picked":["Blood for Blood","Burning Pact+1"],"picked":"Warcry","floor":19.0},{"not_picked":["Flex","Thunderclap+1","Clash+1"],"picked":"SKIP","floor":21.0},{"not_picked":["Flex","Warcry"],"picked":"Metallicize+1","floor":22.0},{"not_picked":["Pommel Strike","Perfected Strike"],"picked":"True Grit+1","floor":23.0},{"not_picked":["Infernal Blade+1","Heavy Blade","Spot Weakness"],"picked":"SKIP","floor":24.0},{"not_picked":["Clothesline","Dropkick+1"],"picked":"True Grit+1","floor":29.0},{"not_picked":["Second Wind","Fire Breathing"],"picked":"Barricade","floor":30.0},{"not_picked":["Clash","Uppercut"],"picked":"Power Through","floor":31.0},{"not_picked":["Fiend Fire","Double Tap"],"picked":"Reaper","floor":33.0},{"not_picked":["Burning Pact+1","Sever Soul"],"picked":"Perfected Strike+1","floor":35},{"not_picked":["Heavy Blade","Clothesline"],"picked":"Shrug It Off+1","floor":37},{"not_picked":["Twin Strike+1","Clothesline+1"],"picked":"Battle Trance+1","floor":39},{"not_picked":["Shockwave","Inflame","Corruption"],"picked":"SKIP","floor":45},{"not_picked":["Second Wind+1","Armaments","Clash+1"],"picked":"SKIP","floor":47},{"not_picked":["Body Slam","Inflame+1"],"picked":"Heavy Blade+1","floor":48}],"player_experience":44394,"relics_obtained":[{"floor":6.0,"key":"Bag of Preparation"},{"floor":8.0,"key":"Matryoshka"},{"floor":9.0,"key":"War Paint"},{"floor":9.0,"key":"Orichalcum"},{"floor":24.0,"key":"Regal Pillow"},{"floor":26.0,"key":"Dream Catcher"},{"floor":26.0,"key":"Centennial Puzzle"},{"floor":43,"key":"Lantern"},{"floor":47,"key":"Incense Burner"}],"event_choices":[{"damage_healed":0.0,"max_hp_gain":0.0,"max_hp_loss":0.0,"gold_gain":0.0,"event_name":"Match and Keep!","player_choice":"2 cards matched","floor":4.0,"gold_loss":0.0,"damage_taken":0.0,"cards_obtained":["Swift Strike","Shrug It Off"]},{"damage_healed":0.0,"max_hp_gain":0.0,"max_hp_loss":0.0,"gold_gain":0.0,"event_name":"Match and Keep!","player_choice":"2 cards matched","floor":4.0,"gold_loss":0.0,"damage_taken":0.0,"cards_obtained":["Swift Strike","Shrug It Off"]},{"damage_healed":0.0,"max_hp_gain":0.0,"max_hp_loss":0.0,"gold_gain":100.0,"event_name":"Golden Shrine","player_choice":"Pray","floor":20.0,"gold_loss":0.0,"damage_taken":0.0},{"cards_removed":["Defend_R"],"damage_healed":0.0,"max_hp_gain":0.0,"max_hp_loss":0.0,"gold_gain":0.0,"event_name":"NoteForYourself","player_choice":"Took Card","floor":28.0,"gold_loss":0.0,"damage_taken":0.0,"cards_obtained":["Iron Wave"]},{"damage_healed":0,"gold_gain":0,"player_choice":"Memory 3","damage_taken":10,"max_hp_gain":0,"max_hp_loss":0,"event_name":"SensoryStone","floor":38,"gold_loss":0},{"damage_healed":0,"gold_gain":0,"player_choice":"Ignored","damage_taken":0,"max_hp_gain":0,"max_hp_loss":0,"event_name":"Tomb of Lord Red Mask","floor":40,"gold_loss":0},{"cards_removed":["Strike_R"],"damage_healed":0,"gold_gain":0,"player_choice":"Purged","damage_taken":0,"max_hp_gain":0,"max_hp_loss":0,"event_name":"Purifier","floor":42,"gold_loss":0}],"is_beta":false,"boss_relics":[{"not_picked":["Snecko Eye","Coffee Dripper"],"picked":"Black Blood"},{"not_picked":["Sozu","Lizard Tail"],"picked":"Runic Dome"}],"items_purged_floors":[27,36],"is_endless":false,"potions_floor_spawned":[2,7,12,16,18,23,24,30,37,39,45,47],"ascension_level":0}