{"gold_per_floor":[115,115,128,303,378,378,412,436,463,45,76,89,89,133,133,259,259,280,280,32,50,74,74,112,128,155,155,199,199,218,218,218,315,315,326,326,371,390,410,437,437,462,462,488,501,358,358,373,373,373],"floor_reached":51,"playtime":4561,"items_purged":["Doubt"],"score":1283,"play_id":"7f6a72e4-8bc8-4707-8b0e-01d8e1248c60","local_time":"20180702230553","daily_mods":["Draft","Heirloom"],"is_ascension_mode":false,"campfire_choices":[{"data":"Stack","floor":6,"key":"SMITH"},{"data":"Glacier","floor":13,"key":"SMITH"},{"data":"White Noise","floor":15,"key":"SMITH"},{"data":"Defragment","floor":23,"key":"SMITH"},{"data":"Buffer","floor":32,"key":"SMITH"},{"data":"Machine Learning","floor":49,"key":"SMITH"}],"neow_cost":"","seed_source_timestamp":0,"circlet_count":0,"master_deck":["Self Repair","BootSequence","Barrage","Cold Snap","Stack+1","Ball Lightning","Conserve Battery","Genetic Algorithm","Gash","Self Repair","Cold Snap","Go for the Eyes+1","Reprogram","Go for the Eyes+1","Go for the Eyes","Beam Cell","Glacier+1","Defragment+1","Gash","White Noise+1","Buffer+1","Sunder","Hologram+1","Compile Driver","Heatsinks","Compile Driver+1","Heatsinks+1","Machine Learning+1","Chill+1","Self Repair+1","White Noise+1","Glacier","Buffer","Self Repair+1","Madness","Madness","Turbo+1","Consume+1","Finesse","Finesse","Echo Form"],"relics":["Cracked Core","Incense Burner","Bloody Idol","Whetstone","Lantern","Mummified Hand","Singing Bowl","Odd Mushroom","Question Card","Inserter","Enchiridion","Bottled Tornado","Mercury Hourglass","Art of War","Oddly Smooth Stone","Pear","White Beast Statue","Bird Faced Urn","Ginger","Emotion Chip","Letter Opener","Smiling Mask","Pantograph"],"potions_floor_usage":[7,16,16,24,25,28,36,37,40,42,45,48,50,50],"damage_taken":[{"damage":0,"enemies":"2 Louse","floor":1,"turns":2},{"damage":0,"enemies":"Small Slimes","floor":3,"turns":3},{"damage":0,"enemies":"3 Sentries","floor":7,"turns":8},{"damage":0,"enemies":"Jaw Worm","floor":8,"turns":2},{"damage":7,"floor":11,"turns":5},{"damage":0,"enemies":"Blue Slaver","floor":12,"turns":3},{"damage":1,"enemies":"Lagavulin","floor":14,"turns":7},{"damage":23,"enemies":"Hexaghost","floor":16,"turns":12},{"damage":0,"enemies":"Chosen","floor":18,"turns":7},{"damage":0,"enemies":"Spheric Guardian","floor":21,"turns":4},{"damage":0,"enemies":"Snecko","floor":22,"turns":5},{"damage":0,"enemies":"Slavers","floor":24,"turns":5},{"damage":2,"enemies":"Slaver and Parasite","floor":25,"turns":7},{"damage":2,"enemies":"Gremlin Leader","floor":28,"turns":7},{"damage":8,"enemies":"Centurion and Healer","floor":30,"turns":4},{"damage":0,"enemies":"Automaton","floor":33,"turns":9},{"damage":0,"enemies":"3 Darklings","floor":35,"turns":3},{"damage":0,"floor":36,"turns":6},{"damage":0,"floor":37,"turns":5},{"damage":0,"enemies":"3 Shapes","floor":38,"turns":5},{"damage":0,"enemies":"Transient","floor":39,"turns":5},{"damage":0,"enemies":"Nemesis","floor":40,"turns":5},{"damage":0,"enemies":"Giant Head","floor":42,"turns":5},{"damage":0,"enemies":"Nemesis","floor":44,"turns":7},{"damage":0,"enemies":"3 Darklings","floor":45,"turns":4},{"damage":0,"enemies":"Sphere and 2 Shapes","floor":48,"turns":5},{"damage":15,"enemies":"Donu and Deca","floor":50,"turns":13}],"seed_played":"5631810583197283887","potions_obtained":[{"floor":3,"key":"Dexterity Potion"},{"floor":11,"key":"Ancient Potion"},{"floor":14,"key":"FocusPotion"},{"floor":16,"key":"Block Potion"},{"floor":18,"key":"Explosive Potion"},{"floor":24,"key":"PowerPotion"},{"floor":28,"key":"Swift Potion"},{"floor":33,"key":"Fire Potion"},{"floor":35,"key":"Dexterity Potion"},{"floor":36,"key":"Swift Potion"},{"floor":37,"key":"Explosive Potion"},{"floor":39,"key":"FearPotion"},{"floor":40,"key":"Strength Potion"},{"floor":42,"key":"Regen Potion"},{"floor":45,"key":"SkillPotion"},{"floor":48,"key":"Strength Potion"}],"is_trial":true,"path_per_floor":["M","?","M","?","?","R","E","M","T","$","?","M","R","E","R","B",null,"M","?","$","M","M","R","E","M","T","?","E","?","M","?","R","B",null,"M","?","?","M","M","E","?","E","T","E","M","$","?","M","R","B"],"character_chosen":"DEFECT","items_purchased":["Mummified Hand","Singing Bowl","Bottled Tornado","Finesse"],"campfire_rested":0,"item_purchase_floors":[10,10,20,46],"current_hp_per_floor":[75,57,64,64,53,53,67,75,75,75,77,79,79,79,79,77,79,79,63,63,77,79,79,79,79,79,79,79,89,91,91,91,91,91,91,91,91,91,91,91,80,91,91,93,93,93,93,93,93,93],"gold":373,"neow_bonus":"","is_prod":false,"is_daily":false,"chose_seed":false,"campfire_upgraded":6,"win_rate":0,"timestamp":1530597953,"path_taken":["M","?","M","?","?","R","E","M","T","$","?","M","R","E","R","BOSS","M","?","$","M","M","R","E","M","T","?","E","?","M","?","R","BOSS","M","?","?","M","M","E","?","E","T","E","M","$","?","M","R","BOSS"],"build_version":"2018-06-29","purchased_purges":1,"victory":true,"max_hp_per_floor":[75,75,75,75,75,75,75,75,75,75,77,79,79,79,79,79,79,79,79,79,79,79,79,79,79,79,79,79,89,91,91,91,91,91,91,91,91,91,91,91,91,91,91,93,93,93,93,93,93,93],"card_choices":[{"not_picked":["Sweeping Beam","Consume"],"picked":"Self Repair","floor":0},{"not_picked":["Rebound","Redo"],"picked":"BootSequence","floor":0},{"not_picked":["Redo","Steam Power"],"picked":"Barrage","floor":0},{"not_picked":["Ball Lightning","Coolheaded"],"picked":"Cold Snap","floor":0},{"not_picked":["Redo","Force Field"],"picked":"Stack","floor":0},{"not_picked":["Stack","Beam Cell"],"picked":"Ball Lightning","floor":0},{"not_picked":["Redo","Darkness"],"picked":"Conserve Battery","floor":0},{"not_picked":["Streamline","Chill"],"picked":"Genetic Algorithm","floor":0},{"not_picked":["Hologram","Conserve Battery"],"picked":"Gash","floor":0},{"not_picked":["Turbo","Stack"],"picked":"Self Repair","floor":0},{"not_picked":["Redo","Ball Lightning"],"picked":"Cold Snap","floor":0},{"not_picked":["Turbo","Stack"],"picked":"Go for the Eyes","floor":0},{"not_picked":["Heatsinks","Loop"],"picked":"Reprogram","floor":0},{"not_picked":["Cold Snap","Leap"],"picked":"Go for the Eyes","floor":0},{"not_picked":["Undo","Coolheaded"],"picked":"Go for the Eyes","floor":0},{"not_picked":["Tempest","Skim"],"picked":"Beam Cell","floor":1},{"not_picked":["Barrage","Reprogram"],"picked":"Glacier","floor":3},{"not_picked":["BootSequence","Redo"],"picked":"Defragment","floor":7},{"not_picked":["Tempest","Rebound"],"picked":"Gash","floor":8},{"not_picked":["Sweeping Beam","Steam","Hyperbeam"],"picked":"Singing Bowl","floor":11},{"not_picked":["Rebound","Static Discharge","Beam Cell"],"picked":"Singing Bowl","floor":12},{"not_picked":["Tempest","Sweeping Beam"],"picked":"White Noise","floor":14},{"not_picked":["Core Surge","Thunder Strike","Biased Cognition"],"picked":"Buffer","floor":16},{"not_picked":["Double Energy","Gash","Sweeping Beam"],"picked":"Sunder","floor":18},{"not_picked":["Hello World","Ball Lightning","Rebound+1"],"picked":"Hologram+1","floor":21},{"not_picked":["Turbo","Stack","Conserve Battery"],"picked":"Compile Driver","floor":22},{"not_picked":["Conserve Battery","Redo+1","Go for the Eyes"],"picked":"Heatsinks","floor":24},{"not_picked":["Redo+1","Sweeping Beam+1","Reprogram"],"picked":"Compile Driver+1","floor":25},{"not_picked":["Beam Cell","Meteor Strike","Turbo"],"picked":"Heatsinks+1","floor":28},{"not_picked":["Sweeping Beam","Go for the Eyes","Beam Cell+1","Redo"],"picked":"Singing Bowl","floor":30},{"not_picked":["Meteor Strike","Buffer","Thunder Strike"],"picked":"Machine Learning","floor":33},{"not_picked":["Chaos","Ball Lightning","Coolheaded"],"picked":"Chill+1","floor":35},{"not_picked":["Lockon+1","Ball Lightning","Turbo+1"],"picked":"Self Repair+1","floor":36},{"not_picked":["Redo+1","Self Repair+1","Streamline"],"picked":"White Noise+1","floor":37},{"not_picked":["Turbo+1","Steam","Sweeping Beam+1"],"picked":"Glacier","floor":38},{"not_picked":["Sweeping Beam","Rebound","Compile Driver"],"picked":"Buffer","floor":39},{"not_picked":["Reprogram+1","Turbo","Leap+1"],"picked":"Self Repair+1","floor":40},{"not_picked":["Chill","Doom and Gloom","Conserve Battery"],"picked":"Turbo+1","floor":42},{"not_picked":["Sweeping Beam+1","Beam Cell","Heatsinks","Darkness+1"],"picked":"Singing Bowl","floor":44},{"not_picked":["Streamline+1","Hologram","Stack+1"],"picked":"Consume+1","floor":45},{"not_picked":["Go for the Eyes","Barrage+1","Cold Snap+1"],"picked":"Echo Form","floor":48}],"player_experience":277888,"relics_obtained":[{"floor":7,"key":"Whetstone"},{"floor":9,"key":"Lantern"},{"floor":11,"key":"Odd Mushroom"},{"floor":14,"key":"Question Card"},{"floor":19,"key":"Enchiridion"},{"floor":24,"key":"Mercury Hourglass"},{"floor":26,"key":"Art of War"},{"floor":28,"key":"Oddly Smooth Stone"},{"floor":36,"key":"Bird Faced Urn"},{"floor":37,"key":"Ginger"},{"floor":40,"key":"Emotion Chip"},{"floor":42,"key":"Letter Opener"},{"floor":43,"key":"Smiling Mask"},{"floor":44,"key":"Pantograph"}],"event_choices":[{"event_name":"Golden Idol","player_choice":"Take Damage","floor":2,"damage_taken":0},{"event_name":"Liars Game","player_choice":"agreed","floor":4,"damage_taken":0},{"event_name":"World of Goop","player_choice":"Gather Gold","floor":5,"damage_taken":0},{"event_name":"Mushrooms","player_choice":"Fought Mushrooms","floor":11,"damage_taken":0},{"event_name":"Cursed Tome","player_choice":"Obtained Book","floor":19,"damage_taken":0},{"event_name":"Ghosts","player_choice":"Ignored","floor":27,"damage_taken":0},{"event_name":"The Mausoleum","player_choice":"Yes","floor":29,"damage_taken":0},{"event_name":"Forgotten Altar","player_choice":"Gave Idol","floor":31,"damage_taken":0},{"event_name":"MindBloom","player_choice":"Fight","floor":36,"damage_taken":0},{"event_name":"Mysterious Sphere","player_choice":"Fight","floor":37,"damage_taken":0},{"event_name":"Winding Halls","player_choice":"Embrace Madness","floor":41,"damage_taken":0},{"event_name":"Match and Keep!","player_choice":"1 cards matched","floor":47,"damage_taken":0}],"boss_relics":[{"not_picked":["Sozu","Eternal Feather"],"picked":"Inserter"},{"not_picked":["Nuclear Battery","Velvet Choker"],"picked":"White Beast Statue"}],"items_purged_floors":[46],"is_endless":false,"potions_floor_spawned":[3,11,14,16,18,24,28,33,35,36,37,38,39,40,42,44,45,48],"ascension_level":0}