{"gold_per_floor":[365,290,75,87,87,119,136,136,136,56,70,70,40,73,73,73],"floor_reached":16,"playtime":635,"items_purged":["Strike_R"],"score":216,"play_id":"108b3dab-db2e-41cc-a775-bc7649de220e","local_time":"20190409152719","is_ascension_mode":true,"campfire_choices":[{"data":"Whirlwind","floor":8,"key":"SMITH"},{"data":"Bash","floor":12,"key":"SMITH"},{"data":"Carnage","floor":15,"key":"SMITH"}],"neow_cost":"CURSE","seed_source_timestamp":1536706515641501,"circlet_count":0,"master_deck":["AscendersBane","Strike_R","Strike_R","Strike_R+1","Strike_R","Defend_R","Defend_R+1","Defend_R","Defend_R","Bash+1","Pommel Strike","Whirlwind+1","Clothesline","Pommel Strike","Impervious","Thunderclap","Carnage+1"],"relics":["Burning Blood","Darkstone Periapt","Lantern","Pantograph"],"potions_floor_usage":[6,14,16],"damage_taken":[{"damage":14,"enemies":"Small Slimes","floor":1,"turns":4},{"damage":0,"enemies":"2 Louse","floor":4,"turns":2},{"damage":8,"enemies":"Gremlin Nob","floor":6,"turns":3},{"damage":0,"enemies":"Jaw Worm","floor":7,"turns":3},{"damage":16,"enemies":"Exordium Thugs","floor":11,"turns":5},{"damage":25,"enemies":"Lagavulin","floor":14,"turns":5},{"damage":50,"enemies":"Slime Boss","floor":16,"turns":8}],"seed_played":"-4179225551121997489","potions_obtained":[{"floor":4,"key":"SteroidPotion"},{"floor":11,"key":"GamblersBrew"}],"is_trial":false,"path_per_floor":["M","?","$","M","?","E","M","R","T","$","M","R","$","E","R","B"],"character_chosen":"IRONCLAD","items_purchased":["Whirlwind","Fire Potion","Impervious","Thunderclap"],"campfire_rested":0,"item_purchase_floors":[3,3,10,13],"current_hp_per_floor":[60,60,60,66,43,41,47,47,47,47,37,37,37,18,18,0],"gold":73,"neow_bonus":"TWO_FIFTY_GOLD","is_prod":false,"is_daily":false,"chose_seed":false,"campfire_upgraded":3,"win_rate":0,"timestamp":1554816439,"path_taken":["M","?","$","M","?","E","M","R","T","$","M","R","?","E","R","BOSS"],"build_version":"2019-01-23","purchased_purges":1,"victory":false,"max_hp_per_floor":[75,75,75,75,75,75,75,75,75,75,75,75,75,75,75,75],"card_choices":[{"not_picked":["Flex","Iron Wave"],"picked":"Pommel Strike","floor":1},{"not_picked":["Infernal Blade","Perfected Strike","Searing Blow"],"picked":"SKIP","floor":4},{"not_picked":["Dropkick","Bloodletting"],"picked":"Clothesline","floor":6},{"not_picked":["Warcry","Reckless Charge"],"picked":"Pommel Strike","floor":7},{"not_picked":["Perfected Strike","Cleave","Sword Boomerang"],"picked":"SKIP","floor":11},{"not_picked":["Twin Strike","Dual Wield"],"picked":"Carnage","floor":14}],"player_experience":1431900,"relics_obtained":[{"floor":6,"key":"Darkstone Periapt"},{"floor":9,"key":"Lantern"},{"floor":14,"key":"Pantograph"}],"event_choices":[{"cards_removed":["Injury"],"damage_healed":0,"gold_gain":0,"player_choice":"Card Removal","damage_taken":0,"max_hp_gain":0,"max_hp_loss":0,"event_name":"The Cleric","floor":2,"gold_loss":75},{"damage_healed":0,"gold_gain":0,"player_choice":"Entered Light","damage_taken":23,"max_hp_gain":0,"max_hp_loss":0,"event_name":"Shining Light","floor":5,"gold_loss":0,"cards_upgraded":["Defend_R","Strike_R"]}],"is_beta":false,"boss_relics":[],"items_purged_floors":[3],"is_endless":false,"potions_floor_spawned":[4,11],"killed_by":"Slime Boss","ascension_level":20}