{"gold_per_floor":[110,110,123,136,150,182,74,99,99,118,118],"floor_reached":11,"playtime":471,"items_purged":[],"score":170,"play_id":"d6bee465-2da4-43dd-8849-be16137e4228","local_time":"20181227192546","is_ascension_mode":true,"campfire_choices":[],"neow_cost":"NONE","seed_source_timestamp":0,"circlet_count":0,"master_deck":["AscendersBane","Strike_B","Strike_B","Strike_B","Strike_B","Defend_B","Defend_B","Defend_B","Defend_B","Zap+1","Dualcast","Conserve Battery","Static Discharge","Ball Lightning","Defragment","White Noise","Gash","Hologram","Biased Cognition"],"special_seed":0,"relics":["Cracked Core","Happy Flower","Cables","FossilizedHelix"],"potions_floor_usage":[],"damage_taken":[{"damage":5.0,"enemies":"Jaw Worm","floor":1.0,"turns":5.0},{"damage":0.0,"enemies":"2 Louse","floor":3.0,"turns":1.0},{"damage":1.0,"enemies":"Cultist","floor":4.0,"turns":4.0},{"damage":3.0,"enemies":"Gremlin Gang","floor":5.0,"turns":5.0},{"damage":30.0,"enemies":"3 Sentries","floor":6.0,"turns":6.0},{"damage":11.0,"enemies":"Gremlin Nob","floor":8.0,"turns":3.0},{"damage":0.0,"enemies":"2 Fungi Beasts","floor":10.0,"turns":2.0},{"damage":15,"enemies":"3 Sentries","floor":11,"turns":4}],"seed_played":"-817340022710940037","potions_obtained":[{"floor":1.0,"key":"Poison Potion"},{"floor":4.0,"key":"Block Potion"}],"is_trial":false,"path_per_floor":["M","?","M","M","M","E","$","E","T","M","E"],"character_chosen":"DEFECT","items_purchased":["SteroidPotion","Gash"],"campfire_rested":0,"item_purchase_floors":[7,7],"current_hp_per_floor":[59,59,59,58,55,25,25,14,14,14,0],"gold":118,"neow_bonus":"THREE_CARDS","is_prod":false,"is_daily":false,"chose_seed":false,"campfire_upgraded":0,"win_rate":0,"timestamp":1545935146,"path_taken":["M","?","M","M","M","E","?","E","T","M","E"],"build_version":"2018-12-20","purchased_purges":0,"victory":false,"max_hp_per_floor":[71,71,71,71,71,71,71,71,71,71,71],"card_choices":[{"not_picked":["Capacitor","Go for the Eyes"],"picked":"Conserve Battery","floor":0.0},{"not_picked":["Steam","Storm"],"picked":"Static Discharge","floor":1.0},{"not_picked":["Recycle","Steam"],"picked":"Ball Lightning","floor":3.0},{"not_picked":["Sweeping Beam","Stack"],"picked":"Defragment","floor":4.0},{"not_picked":["Leap","Multi-Cast","Turbo"],"picked":"SKIP","floor":5.0},{"not_picked":["Turbo","Coolheaded"],"picked":"White Noise","floor":6.0},{"not_picked":["Rebound","Barrage"],"picked":"Hologram","floor":8.0},{"not_picked":["Fusion","Consume"],"picked":"Biased Cognition","floor":10.0}],"player_experience":1053191,"relics_obtained":[{"floor":6.0,"key":"Happy Flower"},{"floor":8.0,"key":"Cables"},{"floor":9.0,"key":"FossilizedHelix"}],"event_choices":[{"damage_healed":0.0,"max_hp_gain":0.0,"max_hp_loss":0.0,"gold_gain":0.0,"event_name":"Living Wall","player_choice":"Grow","floor":2.0,"gold_loss":0.0,"damage_taken":0.0,"cards_upgraded":["Zap"]}],"is_beta":false,"boss_relics":[],"items_purged_floors":[],"is_endless":false,"potions_floor_spawned":[1,4],"killed_by":"3 Sentries","ascension_level":20}