{"gold_per_floor":[118,131,131,56,56,56,120,137,160,178,178,209,227,259,259,259],"floor_reached":16,"playtime":433,"items_purged":["Strike_R"],"score":210,"play_id":"6bd91704-6484-4c84-974a-1f6f7f5f80f3","local_time":"20190428200305","is_ascension_mode":true,"campfire_choices":[{"data":"Searing Blow","floor":6,"key":"SMITH"},{"data":"Searing Blow+1","floor":11,"key":"SMITH"},{"data":"Searing Blow+2","floor":15,"key":"SMITH"}],"neow_cost":"NONE","seed_source_timestamp":475651147966000,"circlet_count":0,"master_deck":["AscendersBane","Strike_R","Strike_R","Strike_R","Defend_R","Defend_R","Defend_R","Defend_R","Bash+1","Whirlwind","Searing Blow+3","Iron Wave","Pommel Strike"],"relics":["Burning Blood","Tiny Chest","Red Skull","PreservedInsect","Question Card"],"potions_floor_usage":[12],"damage_taken":[{"damage":10,"enemies":"Small Slimes","floor":1,"turns":5},{"damage":18,"enemies":"Jaw Worm","floor":2,"turns":4},{"damage":32,"enemies":"Gremlin Nob","floor":7,"turns":4},{"damage":1,"enemies":"2 Louse","floor":8,"turns":3},{"damage":0,"enemies":"Large Slime","floor":10,"turns":5},{"damage":20,"enemies":"3 Sentries","floor":12,"turns":8},{"damage":8,"enemies":"Blue Slaver","floor":13,"turns":4},{"damage":8,"enemies":"Gremlin Nob","floor":14,"turns":3},{"damage":43,"enemies":"Slime Boss","floor":16,"turns":5}],"seed_played":"2687479636643588055","potions_obtained":[{"floor":1,"key":"Swift Potion"},{"floor":2,"key":"Fire Potion"},{"floor":14,"key":"Poison Potion"}],"is_trial":false,"path_per_floor":["M","M","?","$","?","R","E","M","T","M","R","E","M","E","R","B"],"character_chosen":"IRONCLAD","items_purchased":[],"campfire_rested":0,"item_purchase_floors":[],"current_hp_per_floor":[64,52,45,45,70,70,44,49,49,55,55,41,39,37,37,0],"gold":259,"neow_bonus":"UPGRADE_CARD","is_prod":false,"is_daily":false,"chose_seed":false,"campfire_upgraded":3,"win_rate":0,"timestamp":1556474585,"path_taken":["M","M","?","?","?","R","E","M","T","M","R","E","M","E","R","BOSS"],"build_version":"2019-01-23","purchased_purges":1,"victory":false,"max_hp_per_floor":[75,75,75,75,75,75,75,75,75,75,75,75,75,75,75,75],"card_choices":[{"not_picked":["Cleave","Rupture"],"picked":"Whirlwind","floor":1},{"not_picked":["Body Slam","Pummel"],"picked":"Searing Blow","floor":2},{"not_picked":["Anger","Intimidate","Infernal Blade"],"picked":"SKIP","floor":7},{"not_picked":["Wild Strike","Havoc"],"picked":"Iron Wave","floor":8},{"not_picked":["Thunderclap","Flex","True Grit"],"picked":"SKIP","floor":10},{"not_picked":["Thunderclap","Intimidate","Twin Strike"],"picked":"SKIP","floor":12},{"not_picked":["Armaments","Flex"],"picked":"Pommel Strike","floor":13},{"not_picked":["Fire Breathing","Heavy Blade","Spot Weakness"],"picked":"SKIP","floor":14}],"player_experience":645114,"relics_obtained":[{"floor":7,"key":"Tiny Chest"},{"floor":9,"key":"Red Skull"},{"floor":12,"key":"PreservedInsect"},{"floor":14,"key":"Question Card"}],"event_choices":[{"cards_removed":["Strike_R"],"damage_healed":0,"gold_gain":0,"player_choice":"Card Removal","damage_taken":7,"max_hp_gain":0,"max_hp_loss":0,"event_name":"Golden Wing","floor":3,"gold_loss":0},{"damage_healed":25,"gold_gain":0,"player_choice":"Banana","damage_taken":0,"max_hp_gain":0,"max_hp_loss":0,"event_name":"Big Fish","floor":5,"gold_loss":0}],"is_beta":false,"boss_relics":[],"items_purged_floors":[4],"is_endless":false,"potions_floor_spawned":[1,2,8,14],"killed_by":"Slime Boss","ascension_level":15}