{"gold_per_floor":[112,128,138,155,155,198,198,242,242,242,265,265,245,263,263,388,388,328,328,328,328,328,328,328,328,328,328,328,328],"floor_reached":29,"playtime":2666,"items_purged":[],"score":241,"play_id":"a36ad1dd-26e2-4bf2-8be5-06bf3b490ff8","local_time":"20190218232258","is_ascension_mode":false,"campfire_choices":[{"data":"Bullet Time","floor":7,"key":"SMITH"},{"data":"Choke","floor":10,"key":"SMITH"},{"floor":12,"key":"REST"},{"data":"Dagger Spray","floor":15,"key":"SMITH"},{"floor":23,"key":"REST"},{"floor":25,"key":"REST"},{"data":"Choke","floor":28,"key":"SMITH"}],"neow_cost":"NONE","seed_source_timestamp":82403798952888,"circlet_count":0,"master_deck":["Defend_G","Defend_G","Defend_G","Defend_G","Strike_G","Strike_G","Strike_G","Strike_G","Strike_G","Survivor","Neutralize","Outmaneuver","Dagger Throw","Deflect","Bullet Time+1","Backflip","Choke+1","Dagger Spray+1","Blur+1","Dagger Throw","Corpse Explosion+1","Poisoned Stab+1","Backflip+1","Choke+1","Quick Slash","Prepared+1","Flying Knee"],"relics":["Ring of the Snake","Golden Idol","Toxic Egg 2","Orichalcum","Blood Vial","Ectoplasm","Matryoshka"],"potions_floor_usage":[6,6,8,14,16,19,21,21,24],"damage_taken":[{"damage":0,"enemies":"Small Slimes","floor":1,"turns":6},{"damage":0,"enemies":"2 Louse","floor":2,"turns":2},{"damage":2,"enemies":"Cultist","floor":3,"turns":5},{"damage":3,"enemies":"Blue Slaver","floor":4,"turns":4},{"damage":11,"enemies":"Lagavulin","floor":6,"turns":8},{"damage":13,"enemies":"3 Sentries","floor":8,"turns":6},{"damage":5,"enemies":"Exordium Wildlife","floor":11,"turns":4},{"damage":1,"enemies":"Exordium Thugs","floor":14,"turns":5},{"damage":43,"enemies":"The Guardian","floor":16,"turns":12},{"damage":11,"enemies":"2 Thieves","floor":18,"turns":3},{"damage":15,"enemies":"Spheric Guardian","floor":19,"turns":7},{"damage":12,"enemies":"Snecko","floor":20,"turns":4},{"damage":1,"enemies":"Cultist and Chosen","floor":21,"turns":4},{"damage":6,"enemies":"Snake Plant","floor":22,"turns":4},{"damage":16,"enemies":"Sentry and Sphere","floor":24,"turns":7},{"damage":0,"enemies":"3 Cultists","floor":27,"turns":2},{"damage":60,"enemies":"Gremlin Leader","floor":29,"turns":4}],"seed_played":"623782167603982735","potions_obtained":[{"floor":2,"key":"Explosive Potion"},{"floor":3,"key":"Dexterity Potion"},{"floor":4,"key":"Fire Potion"},{"floor":11,"key":"LiquidBronze"},{"floor":13,"key":"Explosive Potion"},{"floor":18,"key":"Poison Potion"},{"floor":19,"key":"Fire Potion"},{"floor":20,"key":"Fire Potion"},{"floor":22,"key":"SteroidPotion"}],"is_trial":false,"path_per_floor":["?","?","M"],"character_chosen":"THE_SILENT","items_purchased":[],"campfire_rested":3,"item_purchase_floors":[],"current_hp_per_floor":[70,70,68,65,65,54,54,41,41,41,38,57,57,58,58,17,65,54,41,31,32,28,47,33,52,52,54,54,0],"gold":328,"neow_bonus":"TRANSFORM_CARD","is_prod":false,"is_daily":false,"chose_seed":false,"campfire_upgraded":4,"win_rate":0.0,"timestamp":1550506978,"path_taken":["M","M","M","M","?","E","R","E","T","R","M","R","?","M","R","BOSS","M","M","?","M","M","R","M","R","T","M","R","E"],"build_version":"2019-01-23","purchased_purges":0,"victory":false,"max_hp_per_floor":[70,70,70,70,65,65,65,65,65,65,65,65,65,65,65,65,65,65,65,65,65,65,65,65,65,65,65,65,65],"card_choices":[{"not_picked":["Acrobatics","Sucker Punch"],"picked":"Dagger Throw","floor":1},{"not_picked":["PiercingWail","Backflip"],"picked":"Deflect","floor":2},{"not_picked":["Quick Slash","Prepared"],"picked":"Bullet Time","floor":3},{"not_picked":["Endless Agony","Slice"],"picked":"Backflip","floor":4},{"not_picked":["Masterful Stab","Prepared"],"picked":"Choke","floor":6},{"not_picked":["Bane","Tactician+1"],"picked":"Dagger Spray","floor":8},{"not_picked":["Caltrops","Calculated Gamble+1"],"picked":"Blur+1","floor":11},{"not_picked":["Eviscerate","Endless Agony"],"picked":"Dagger Throw","floor":14},{"not_picked":["Tools of the Trade","A Thousand Cuts"],"picked":"Corpse Explosion+1","floor":16},{"not_picked":["Well Laid Plans","Dodge and Roll+1"],"picked":"Poisoned Stab+1","floor":18},{"not_picked":["Deflect+1","Underhanded Strike"],"picked":"Backflip+1","floor":19},{"not_picked":["Dagger Throw","Deadly Poison+1"],"picked":"Choke","floor":20},{"not_picked":["Backstab+1","Tactician+1"],"picked":"Quick Slash","floor":21},{"not_picked":["Riddle With Holes","Accuracy+1","Dagger Spray"],"picked":"SKIP","floor":22},{"not_picked":["Acrobatics+1","Flechettes"],"picked":"Prepared+1","floor":24},{"not_picked":["Underhanded Strike","PiercingWail+1"],"picked":"Flying Knee","floor":27}],"player_experience":40028,"relics_obtained":[{"floor":6,"key":"Toxic Egg 2"},{"floor":8,"key":"Orichalcum"},{"floor":9,"key":"Blood Vial"},{"floor":26,"key":"Matryoshka"}],"event_choices":[{"damage_healed":0,"gold_gain":0,"player_choice":"Lose Max HP","damage_taken":0,"relics_obtained":["Golden Idol"],"max_hp_gain":0,"max_hp_loss":5,"event_name":"Golden Idol","floor":5,"gold_loss":0},{"damage_healed":0,"gold_gain":0,"player_choice":"Bought 1 Potion","damage_taken":0,"max_hp_gain":0,"max_hp_loss":0,"event_name":"The Woman in Blue","floor":13,"gold_loss":0}],"is_beta":false,"boss_relics":[{"not_picked":["Orrery","Cursed Key"],"picked":"Ectoplasm"}],"items_purged_floors":[],"is_endless":false,"potions_floor_spawned":[2,3,4,11,18,19,20,22],"killed_by":"Gremlin Leader","ascension_level":0}