{"gold_per_floor":[118,128,191,24,43,76,89,89,89,101,129,129,154,172,172,273,273,284,294,294,171,184,184,217,217,294,160,186,186,186,186,186,288,288,300,300,82,82,49,49,78,89,89,89,105,123,141,171,171,171],"floor_reached":51,"playtime":1896,"items_purged":["Strike_R","Decay","Strike_R+1"],"score":863,"play_id":"0449cbaf-3756-43c4-be4b-0ec63e3018ec","local_time":"20190428152056","is_ascension_mode":false,"campfire_choices":[{"data":"1","floor":8.0,"key":"LIFT"},{"data":"Armaments","floor":15,"key":"SMITH"},{"data":"Immolate","floor":23,"key":"SMITH"},{"data":"2","floor":25,"key":"LIFT"},{"data":"3","floor":32,"key":"LIFT"},{"data":"Shockwave","floor":40,"key":"SMITH"},{"floor":44,"key":"DIG"},{"floor":49,"key":"DIG"}],"neow_cost":"NONE","seed_source_timestamp":0,"circlet_count":0,"master_deck":["Strike_R+1","Strike_R+1","Strike_R+1","Defend_R+1","Defend_R+1","Defend_R+1","Defend_R+1","Wild Strike","Shrug It Off","Shrug It Off","Cleave","Pommel Strike","True Grit","Spot Weakness","Immolate+1","Armaments+1","Immolate","Shockwave+1","Shockwave+1","Spot Weakness","Inflame","Seeing Red","Ghostly Armor+1","Disarm+1","Metallicize+1","Feel No Pain","Feel No Pain","Ghostly Armor","Clothesline+1","Headbutt+1"],"special_seed":0,"relics":["Burning Blood","Ancient Tea Set","Happy Flower","Girya","Magic Flower","Pocketwatch","The Courier","Shovel","Cursed Key","Strawberry","Singing Bowl","Ginger","Enchiridion","Busted Crown","Regal Pillow","Bottled Flame","Mango","Gremlin Horn"],"potions_floor_usage":[24,33,50],"damage_taken":[{"damage":0.0,"enemies":"2 Louse","floor":1.0,"turns":4.0},{"damage":1.0,"enemies":"Jaw Worm","floor":2.0,"turns":3.0},{"damage":1.0,"enemies":"Cultist","floor":5.0,"turns":3.0},{"damage":22.0,"enemies":"Gremlin Nob","floor":6.0,"turns":4.0},{"damage":2.0,"enemies":"Looter","floor":7.0,"turns":3.0},{"damage":1.0,"enemies":"2 Fungi Beasts","floor":10.0,"turns":2.0},{"damage":19.0,"enemies":"3 Sentries","floor":11.0,"turns":8.0},{"damage":14.0,"enemies":"Lagavulin","floor":13.0,"turns":5.0},{"damage":0.0,"enemies":"Large Slime","floor":14.0,"turns":3.0},{"damage":18,"enemies":"The Guardian","floor":16,"turns":14},{"damage":6,"enemies":"Shell Parasite","floor":18,"turns":7},{"damage":0,"enemies":"Chosen","floor":19,"turns":3},{"damage":3,"enemies":"Centurion and Healer","floor":22,"turns":4},{"damage":2,"enemies":"Slavers","floor":24,"turns":2},{"damage":18,"enemies":"Gremlin Leader","floor":28,"turns":6},{"damage":17,"enemies":"Champ","floor":33,"turns":10},{"damage":0,"enemies":"3 Shapes","floor":35,"turns":2},{"damage":0,"enemies":"Giant Head","floor":41,"turns":6},{"damage":0,"enemies":"3 Darklings","floor":42,"turns":4},{"damage":0,"enemies":"4 Shapes","floor":45,"turns":2},{"damage":21,"enemies":"Spire Growth","floor":46,"turns":5},{"damage":0,"enemies":"3 Darklings","floor":47,"turns":2},{"damage":0,"enemies":"Reptomancer","floor":48,"turns":6},{"damage":45,"enemies":"Time Eater","floor":50,"turns":12}],"seed_played":"-2158128439102827470","potions_obtained":[{"floor":2.0,"key":"Explosive Potion"},{"floor":7.0,"key":"Poison Potion"},{"floor":13.0,"key":"GamblersBrew"},{"floor":16,"key":"EssenceOfSteel"},{"floor":18,"key":"FearPotion"},{"floor":24,"key":"Poison Potion"},{"floor":45,"key":"GamblersBrew"},{"floor":47,"key":"GamblersBrew"}],"is_trial":false,"path_per_floor":["M","M","?","$","M","E","M","R","T","M","E","?","E","M","R","B",null,"M","M","?","$","M","R","E","R","T","$","E","?","?","?","R","B",null,"M","?","$","?","$","R","E","M","T","R","M","M","M","E","R","B",null],"character_chosen":"IRONCLAD","items_purchased":["Shrug It Off","Happy Flower","Inflame","Disarm","Feel No Pain","Feel No Pain","Ghostly Armor"],"campfire_rested":0,"item_purchase_floors":[4,4,21,27,37,37,39],"current_hp_per_floor":[80,80,80,80,80,64,68,68,68,76,66,63,58,67,67,58,80,80,80,80,80,80,80,87,87,87,87,80,80,80,64,64,58,91,91,91,91,91,91,91,93,95,95,95,95,85,94,113,113,77],"gold":171,"neow_bonus":"RANDOM_COMMON_RELIC","is_prod":false,"is_daily":false,"chose_seed":false,"campfire_upgraded":3,"win_rate":1,"timestamp":1556490056,"path_taken":["M","M","?","$","M","E","M","R","T","M","E","?","E","M","R","BOSS","M","M","?","?","M","R","E","R","T","$","E","?","?","?","R","BOSS","M","?","$","?","$","R","E","M","T","R","?","?","M","E","R","BOSS"],"build_version":"2019-01-23","purchased_purges":3,"victory":true,"max_hp_per_floor":[80,80,80,80,80,80,80,80,80,80,80,80,80,80,80,80,80,80,80,80,80,80,80,87,87,87,87,89,89,89,89,89,91,91,91,91,91,91,91,91,93,95,95,95,95,97,97,113,113,113],"card_choices":[{"not_picked":["Rupture","Clash"],"picked":"Wild Strike","floor":1.0},{"not_picked":["Sentinel","Headbutt"],"picked":"Shrug It Off","floor":2.0},{"not_picked":["Clash","Shrug It Off"],"picked":"Cleave","floor":5.0},{"not_picked":["Heavy Blade","Evolve"],"picked":"Pommel Strike","floor":6.0},{"not_picked":["Pommel Strike","Evolve","Rupture"],"picked":"SKIP","floor":7.0},{"not_picked":["Reckless Charge","Rampage"],"picked":"True Grit","floor":10.0},{"not_picked":["Thunderclap","Combust"],"picked":"Spot Weakness","floor":11.0},{"not_picked":["Warcry","Cleave"],"picked":"Immolate","floor":13.0},{"not_picked":["Entrench","Cleave"],"picked":"Armaments","floor":14},{"not_picked":["Bludgeon","Reaper"],"picked":"Immolate","floor":16},{"not_picked":["Heavy Blade","Iron Wave"],"picked":"Shockwave","floor":18},{"not_picked":["Flex","Sword Boomerang"],"picked":"Shockwave+1","floor":19},{"not_picked":["Intimidate","Warcry+1"],"picked":"Seeing Red","floor":22},{"not_picked":["Sever Soul","Fiend Fire"],"picked":"Ghostly Armor+1","floor":24},{"not_picked":["Rupture","Twin Strike","Double Tap"],"picked":"Singing Bowl","floor":28},{"not_picked":["Exhume","Barricade","Berserk"],"picked":"Singing Bowl","floor":33},{"not_picked":[],"picked":"Metallicize+1","floor":35},{"not_picked":["Evolve+1"],"picked":"Singing Bowl","floor":41},{"not_picked":["Havoc"],"picked":"Singing Bowl","floor":42},{"not_picked":[],"picked":"Clothesline+1","floor":45},{"not_picked":["Fire Breathing"],"picked":"Singing Bowl","floor":46},{"not_picked":[],"picked":"Headbutt+1","floor":47},{"not_picked":["Berserk"],"picked":"Singing Bowl","floor":48}],"player_experience":641944,"relics_obtained":[{"floor":6.0,"key":"Girya"},{"floor":9.0,"key":"Magic Flower"},{"floor":11.0,"key":"Pocketwatch"},{"floor":13.0,"key":"Shovel"},{"floor":24,"key":"Strawberry"},{"floor":26,"key":"Singing Bowl"},{"floor":28,"key":"Ginger"},{"floor":31,"key":"Enchiridion"},{"floor":41,"key":"Regal Pillow"},{"floor":44,"key":"Bottled Flame"},{"floor":48,"key":"Mango"},{"floor":49,"key":"Gremlin Horn"}],"event_choices":[{"damage_healed":0.0,"max_hp_gain":0.0,"max_hp_loss":0.0,"gold_gain":63.0,"event_name":"Golden Wing","player_choice":"Gained Gold","floor":3.0,"gold_loss":0.0,"damage_taken":0.0},{"damage_healed":0.0,"max_hp_gain":0.0,"max_hp_loss":0.0,"gold_gain":0.0,"event_name":"Scrap Ooze","player_choice":"Success","floor":12.0,"gold_loss":0.0,"damage_taken":3.0,"relics_obtained":["The Courier"]},{"damage_healed":0,"gold_gain":0,"player_choice":"Copied","damage_taken":0,"max_hp_gain":0,"max_hp_loss":0,"event_name":"Duplicator","floor":20,"gold_loss":0,"cards_obtained":["Spot Weakness"]},{"damage_healed":0,"gold_gain":0,"player_choice":"Simplicity","damage_taken":0,"max_hp_gain":0,"max_hp_loss":0,"event_name":"Back to Basics","floor":29,"gold_loss":0,"cards_upgraded":["Strike_R","Strike_R","Strike_R","Strike_R","Defend_R","Defend_R","Defend_R","Defend_R"]},{"damage_healed":0,"gold_gain":0,"player_choice":"Ignored","damage_taken":0,"max_hp_gain":0,"max_hp_loss":0,"event_name":"Ghosts","floor":30,"gold_loss":0},{"damage_healed":0,"gold_gain":0,"player_choice":"Obtained Book","damage_taken":16,"max_hp_gain":0,"max_hp_loss":0,"event_name":"Cursed Tome","floor":31,"gold_loss":0},{"cards_removed":["Bash"],"damage_healed":0,"gold_gain":0,"player_choice":"Removed Attack","damage_taken":0,"max_hp_gain":0,"max_hp_loss":0,"event_name":"Falling","floor":36,"gold_loss":0},{"damage_healed":0,"gold_gain":0,"player_choice":"Forge","damage_taken":0,"max_hp_gain":0,"max_hp_loss":0,"event_name":"Accursed Blacksmith","floor":38,"gold_loss":0,"cards_upgraded":["Disarm"]}],"is_beta":false,"boss_relics":[{"not_picked":["Sozu","Orrery"],"picked":"Cursed Key"},{"not_picked":["Black Star","Empty Cage"],"picked":"Busted Crown"}],"items_purged_floors":[21,27,37],"is_endless":false,"potions_floor_spawned":[2,7,13,16,18,24,28,45,46,47],"ascension_level":0}