{"path_per_floor":["M","M","?","$","M","R","E","?","T","M","?","R","M","M","R","B",null,"M","?","M","M","$","R","E","$","T","T","M","M","E","M","R","B",null,"M","M","$","?","M","E","R","$","T","R","?","R","M","M","R","B"],"character_chosen":"IRONCLAD","items_purchased":["Feed","Metallicize","Apotheosis","Shrug It Off","Pummel","Dramatic Entrance","Lantern"],"gold_per_floor":[219,239,239,55,69,69,95,118,118,132,132,132,152,170,170,273,273,285,285,295,315,27,27,59,14,39,39,57,77,105,119,119,222,222,237,254,127,127,146,175,175,18,18,18,18,18,37,52,52,52],"floor_reached":51,"campfire_rested":2,"playtime":5499,"current_hp_per_floor":[69,72,72,72,75,75,47,34,34,44,44,44,50,58,58,32,92,87,87,97,91,91,91,76,76,76,76,61,61,44,42,73,69,104,87,38,38,91,69,64,64,64,71,71,71,71,72,39,70,19],"items_purged":["Regret"],"gold":52,"score":569,"play_id":"7a57f998-073f-4709-9dcd-7535e5280650","is_prod":false,"is_daily":false,"is_ascension_mode":false,"campfire_upgraded":4,"path_taken":["M","M","?","$","M","R","E","?","T","M","?","R","M","M","R","BOSS","M","?","?","M","$","R","E","?","T","?","?","M","E","M","R","BOSS","M","M","$","?","?","E","R","?","T","R","?","R","M","?","R","BOSS"],"build_version":"2018-02-22-PROD2","purchased_purges":1,"victory":true,"master_deck":["Bash","Clothesline","Headbutt","Feed+1","Metallicize","Infernal Blade+1","Uppercut","Fire Breathing","Battle Trance","Twin Strike","Body Slam+1","Impervious","Clothesline","Whirlwind","Clash","Shockwave","Spot Weakness","Dropkick","Sword Boomerang","Thunderclap","Twin Strike","Rage+1","Rampage+1","Anger+1","Apotheosis+1","Juggernaut","Shrug It Off","Inflame","Dropkick","Iron Wave","Flame Barrier","Flex+1","Carnage","Pummel","Dramatic Entrance","Brutality","Iron Wave+1","Heavy Blade","Anger+1","Rupture+1"],"max_hp_per_floor":[80,80,80,80,80,80,80,80,80,84,84,84,88,92,92,92,92,96,96,100,100,100,100,104,104,104,104,104,104,104,104,104,104,104,104,104,104,91,91,95,95,95,102,102,102,102,102,105,105,105],"relics":["Burning Blood","Omamori","Bronze Scales","Odd Mushroom","Happy Flower","Gambling Chip","Nloth\u0027s Gift","Bag of Marbles","Pen Nib","Smiling Mask","Bottled Flame","Runic Cube","Shovel","Matryoshka","Lantern","Strawberry","Ice Cream","Centennial Puzzle","Shuriken"],"card_choices":[{"not_picked":["Second Wind","Evolve"],"picked":"Clothesline"},{"not_picked":["True Grit","Sword Boomerang"],"picked":"Headbutt"},{"not_picked":["Twin Strike","Thunderclap"],"picked":"Infernal Blade"},{"not_picked":["Metallicize","Twin Strike"],"picked":"Uppercut"},{"not_picked":["Shockwave","Spot Weakness"],"picked":"Fire Breathing"},{"not_picked":["Spot Weakness","Searing Blow"],"picked":"Battle Trance"},{"not_picked":["True Grit","Clash"],"picked":"Twin Strike"},{"not_picked":["Anger","Perfected Strike"],"picked":"Body Slam"},{"not_picked":["Immolate","Fiend Fire"],"picked":"Impervious"},{"not_picked":["Wild Strike","Evolve"],"picked":"Rage"},{"not_picked":["True Grit","Demon Form"],"picked":"Rampage"},{"not_picked":["Sword Boomerang","Clothesline"],"picked":"Anger"},{"not_picked":["Immolate","Burning Pact"],"picked":"Juggernaut"},{"not_picked":["Cleave","Flex"],"picked":"Inflame"},{"not_picked":["Anger","Body Slam"],"picked":"Dropkick"},{"not_picked":["Brutality","Flex"],"picked":"Iron Wave"},{"not_picked":["Battle Trance","Combust"],"picked":"Flame Barrier"},{"not_picked":["Immolate","Barricade"],"picked":"Demon Form"},{"not_picked":["Warcry","Cleave"],"picked":"Flex"},{"not_picked":["Wild Strike","Warcry"],"picked":"Carnage"},{"not_picked":["Armaments","Body Slam"],"picked":"Brutality"},{"not_picked":["Brutality","Fiend Fire"],"picked":"Iron Wave"},{"not_picked":["Clothesline","Corruption"],"picked":"Anger"},{"not_picked":["Warcry","Clothesline"],"picked":"Rupture"}],"player_experience":160817,"potions_floor_usage":[5,10,16,20,21,28,29,31,33,48],"damage_taken":[{"damage":17,"enemies":"Small Slimes","floor":1,"turns":5},{"damage":3,"enemies":"Jaw Worm","floor":2,"turns":6},{"damage":3,"enemies":"2 Louse","floor":5,"turns":2},{"damage":34,"enemies":"Lagavulin","floor":7,"turns":6},{"damage":19,"enemies":"The Mushroom Lair","floor":8,"turns":4},{"damage":0,"enemies":"2 Fungi Beasts","floor":10,"turns":2},{"damage":4,"enemies":"Blue Slaver","floor":13,"turns":3},{"damage":2,"enemies":"3 Louse","floor":14,"turns":2},{"damage":32,"enemies":"Hexaghost","floor":16,"turns":8},{"damage":15,"enemies":"Shell Parasite","floor":18,"turns":4},{"damage":0,"enemies":"Chosen","floor":20,"turns":3},{"damage":12,"enemies":"Centurion and Healer","floor":21,"turns":6},{"damage":25,"enemies":"Slavers","floor":24,"turns":5},{"damage":30,"enemies":"Snake Plant","floor":28,"turns":4},{"damage":6,"enemies":"Snecko","floor":29,"turns":3},{"damage":23,"enemies":"Book of Stabbing","floor":30,"turns":3},{"damage":8,"enemies":"Centurion and Healer","floor":31,"turns":4},{"damage":10,"enemies":"Automaton","floor":33,"turns":6},{"damage":23,"enemies":"3 Darklings","floor":35,"turns":4},{"damage":55,"enemies":"3 Shapes","floor":36,"turns":5},{"damage":28,"enemies":"Sphere and 2 Shapes","floor":39,"turns":4},{"damage":15,"enemies":"Nemesis","floor":40,"turns":5},{"damage":5,"enemies":"Maw","floor":47,"turns":4},{"damage":42,"enemies":"4 Shapes","floor":48,"turns":5},{"damage":57,"enemies":"Time Eater","floor":50,"turns":6}],"event_choices":[{"event_name":"Big Fish","player_choice":"Box","floor":3,"damage_taken":0},{"event_name":"Mushrooms","player_choice":"Fought Mushrooms","floor":8,"damage_taken":0},{"event_name":"Accursed Blacksmith","player_choice":"Rummage","floor":11,"damage_taken":0},{"event_name":"N\u0027loth","player_choice":"Traded a Pandora\u0027s Box","floor":19,"damage_taken":0},{"event_name":"The Moai Head","player_choice":"Heal","floor":38,"damage_taken":0},{"event_name":"Transmorgrifier","player_choice":"Transform","floor":45,"damage_taken":0}],"boss_relics":[{"not_picked":["Cursed Key","Calling Bell"],"picked":"Pandora\u0027s Box"},{"not_picked":["Black Star","Tiny House"],"picked":"Runic Cube"}],"potions_floor_spawned":[1,2,14,16,18,20,21,29,31,35,47],"seed_played":"-3912461157778214239","ascension_level":0,"is_trial":false}