{"gold_per_floor":[109,109,109,122,72,110,110,128,128,169,9,9,9,52,52,52],"floor_reached":16,"playtime":924,"items_purged":[],"score":233,"play_id":"f5a27145-1394-434e-905e-75b6dbeadb3f","local_time":"20190420234019","is_ascension_mode":true,"campfire_choices":[{"data":"Dagger Spray","floor":7,"key":"SMITH"},{"data":"Adrenaline","floor":12,"key":"SMITH"},{"floor":15,"key":"REST"}],"neow_cost":"NONE","seed_source_timestamp":35720321420934,"circlet_count":0,"master_deck":["AscendersBane","Defend_G","Defend_G","Defend_G","Defend_G","Defend_G","Strike_G","Strike_G","Strike_G","Strike_G","Survivor","Neutralize","Backflip","Quick Slash","Dagger Spray+1","Skewer","Adrenaline+1","Predator","Footwork","PiercingWail","Noxious Fumes"],"relics":["Ring of the Snake","NeowsBlessing","Golden Idol","Shovel","Bottled Lightning","Strawberry","Sundial"],"potions_floor_usage":[16],"damage_taken":[{"damage":0,"enemies":"Small Slimes","floor":1,"turns":1},{"damage":0,"enemies":"2 Louse","floor":4,"turns":1},{"damage":0,"enemies":"3 Sentries","floor":6,"turns":1},{"damage":2,"enemies":"Jaw Worm","floor":8,"turns":4},{"damage":41,"enemies":"Lagavulin","floor":10,"turns":10},{"damage":26,"enemies":"Gremlin Nob","floor":14,"turns":5},{"damage":42,"enemies":"Hexaghost","floor":16,"turns":14}],"seed_played":"8874163435398351219","potions_obtained":[{"floor":4,"key":"Regen Potion"},{"floor":10,"key":"Strength Potion"}],"is_trial":false,"path_per_floor":["M","?","?","M","?","E","R","M","T","E","$","R","$","E","R","B"],"character_chosen":"THE_SILENT","items_purchased":["Predator","Footwork","PiercingWail"],"campfire_rested":1,"item_purchase_floors":[11,11,11],"current_hp_per_floor":[63,63,68,68,68,68,68,66,66,32,32,32,32,6,29,0],"gold":52,"neow_bonus":"THREE_ENEMY_KILL","is_prod":false,"is_daily":false,"chose_seed":false,"campfire_upgraded":2,"win_rate":0,"timestamp":1555814419,"path_taken":["M","?","?","M","?","E","R","?","T","E","$","R","?","E","R","BOSS"],"build_version":"2019-01-23","purchased_purges":0,"victory":false,"max_hp_per_floor":[70,65,70,70,70,70,70,70,70,77,77,77,77,77,77,77],"card_choices":[{"not_picked":["Blade Dance","Tactician"],"picked":"Backflip","floor":1},{"not_picked":["Tactician","Flechettes"],"picked":"Quick Slash","floor":4},{"not_picked":["Concentrate","Bane"],"picked":"Dagger Spray","floor":6},{"not_picked":["Outmaneuver","Dagger Throw"],"picked":"Skewer","floor":8},{"not_picked":["Slice","Acrobatics"],"picked":"Adrenaline","floor":10},{"not_picked":["Heel Hook","Riddle With Holes"],"picked":"Noxious Fumes","floor":14}],"player_experience":706363,"relics_obtained":[{"floor":6,"key":"Shovel"},{"floor":9,"key":"Bottled Lightning"},{"floor":10,"key":"Strawberry"},{"floor":14,"key":"Sundial"}],"event_choices":[{"damage_healed":0,"gold_gain":0,"player_choice":"Lose Max HP","damage_taken":0,"relics_obtained":["Golden Idol"],"max_hp_gain":0,"max_hp_loss":5,"event_name":"Golden Idol","floor":2,"gold_loss":0},{"damage_healed":0,"gold_gain":0,"player_choice":"Donut","damage_taken":0,"max_hp_gain":5,"max_hp_loss":0,"event_name":"Big Fish","floor":3,"gold_loss":0},{"cards_removed":["Strike_G"],"damage_healed":0,"gold_gain":0,"player_choice":"Card Removal","damage_taken":0,"max_hp_gain":0,"max_hp_loss":0,"event_name":"The Cleric","floor":5,"gold_loss":50}],"is_beta":false,"boss_relics":[],"items_purged_floors":[],"is_endless":false,"potions_floor_spawned":[4,10,14],"killed_by":"Hexaghost","ascension_level":13}