{"gold_per_floor":[116,129,140,17,0,25,25,35,35,53,63,96,96,121,121,200,200,210,220,237,237,250,250,267,267,267,267,267,299,124,142,142,142],"floor_reached":33,"playtime":1604,"items_purged":["Strike_B"],"score":516,"play_id":"d66b72b1-1a46-44e3-99b8-7fe68423ffe2","local_time":"20190423171138","is_ascension_mode":true,"campfire_choices":[{"floor":7,"key":"REST"},{"data":"Zap","floor":15,"key":"SMITH"},{"data":"Biased Cognition","floor":23,"key":"SMITH"},{"data":"Barrage","floor":27,"key":"SMITH"},{"data":"Defragment","floor":32,"key":"SMITH"}],"neow_cost":"NONE","seed_source_timestamp":5719550027255,"circlet_count":0,"master_deck":["AscendersBane","Defend_B","Defend_B","Defend_B","Defend_B","Zap+1","Dualcast","Cold Snap","Ball Lightning","Cold Snap","Compile Driver","Conserve Battery","Ball Lightning","Genetic Algorithm","Chill","Barrage+1","Biased Cognition+1","Compile Driver+1","Leap+1","Electrodynamics+1","Ball Lightning","Glacier","Bite","Bite","Bite","Bite","Bite","Consume","Self Repair","Dark Shackles","Defragment+1"],"relics":["Cracked Core","Anchor","Dodecahedron","Lantern","Astrolabe","Smiling Mask","MutagenicStrength","Kunai","Darkstone Periapt"],"potions_floor_usage":[33,33],"damage_taken":[{"damage":8,"enemies":"Jaw Worm","floor":1,"turns":4},{"damage":4,"enemies":"Small Slimes","floor":2,"turns":3},{"damage":0,"enemies":"Cultist","floor":3,"turns":3},{"damage":16,"enemies":"3 Sentries","floor":6,"turns":8},{"damage":0,"enemies":"Large Slime","floor":8,"turns":5},{"damage":2,"enemies":"2 Fungi Beasts","floor":10,"turns":4},{"damage":0,"enemies":"Looter","floor":11,"turns":2},{"damage":15,"enemies":"Gremlin Nob","floor":12,"turns":4},{"damage":14,"enemies":"Lagavulin","floor":14,"turns":7},{"damage":28,"enemies":"The Guardian","floor":16,"turns":12},{"damage":0,"enemies":"2 Thieves","floor":18,"turns":2},{"damage":0,"enemies":"Shell Parasite","floor":19,"turns":5},{"damage":20,"enemies":"Snecko","floor":20,"turns":4},{"damage":0,"enemies":"Snake Plant","floor":22,"turns":3},{"damage":2,"enemies":"Cultist and Chosen","floor":24,"turns":5},{"damage":20,"enemies":"Book of Stabbing","floor":29,"turns":5},{"damage":6,"enemies":"3 Cultists","floor":31,"turns":3},{"damage":92,"enemies":"Automaton","floor":33,"turns":12}],"seed_played":"-5037135248544451426","potions_obtained":[{"floor":3,"key":"LiquidBronze"},{"floor":6,"key":"Ancient Potion"},{"floor":11,"key":"FocusPotion"},{"floor":12,"key":"PowerPotion"},{"floor":22,"key":"Regen Potion"}],"is_trial":false,"path_per_floor":["M","M","M","$","?","E","R","M","T","M","M","E","?","E","R","B",null,"M","M","M","?","M","R","M","?","T","R","?","E","$","M","R","B"],"character_chosen":"DEFECT","items_purchased":["Cold Snap","Self Repair","PowerPotion","Dark Shackles"],"campfire_rested":1,"item_purchase_floors":[4,30,30,30],"current_hp_per_floor":[63,59,59,59,59,43,66,66,66,66,68,55,60,48,48,22,68,70,72,54,54,56,56,56,56,56,56,56,44,44,49,49,0],"gold":142,"neow_bonus":"TEN_PERCENT_HP_BONUS","is_prod":false,"is_daily":false,"chose_seed":false,"campfire_upgraded":4,"win_rate":0,"timestamp":1556050298,"path_taken":["M","M","M","$","?","E","R","M","T","M","M","E","?","E","R","BOSS","M","M","M","?","?","R","M","?","T","R","?","E","$","M","R","BOSS"],"build_version":"2019-01-23","purchased_purges":1,"victory":false,"max_hp_per_floor":[78,78,78,78,78,78,78,78,78,78,78,78,83,83,83,83,83,83,83,83,83,83,83,83,83,83,83,83,83,83,83,83,83],"card_choices":[{"not_picked":["Redo","Recycle","Heatsinks"],"picked":"SKIP","floor":1},{"not_picked":["Sweeping Beam","Tempest"],"picked":"Cold Snap","floor":2},{"not_picked":["FTL","Rebound"],"picked":"Ball Lightning","floor":3},{"not_picked":["Coolheaded","BootSequence"],"picked":"Compile Driver","floor":6},{"not_picked":["Beam Cell","Steam"],"picked":"Conserve Battery","floor":8},{"not_picked":["Melter","Turbo"],"picked":"Ball Lightning","floor":10},{"not_picked":["Gash","Melter"],"picked":"Genetic Algorithm","floor":11},{"not_picked":["Rebound","Sunder"],"picked":"Chill","floor":12},{"not_picked":["Compile Driver","Buffer"],"picked":"Barrage","floor":14},{"not_picked":["Fission","Rainbow"],"picked":"Biased Cognition","floor":16},{"not_picked":["Turbo","Heatsinks","Genetic Algorithm"],"picked":"SKIP","floor":18},{"not_picked":["Self Repair","Compile Driver","Redo"],"picked":"SKIP","floor":19},{"not_picked":["Doom and Gloom","Barrage"],"picked":"Ball Lightning","floor":20},{"not_picked":["Chaos","Blizzard","Rebound"],"picked":"SKIP","floor":22},{"not_picked":["Coolheaded","Beam Cell+1"],"picked":"Glacier","floor":24},{"not_picked":["Beam Cell","Turbo+1"],"picked":"Consume","floor":29},{"not_picked":["Streamline","Stack"],"picked":"Defragment","floor":31}],"player_experience":734750,"relics_obtained":[{"floor":6,"key":"Anchor"},{"floor":9,"key":"Blood Vial"},{"floor":12,"key":"Dodecahedron"},{"floor":14,"key":"Lantern"},{"floor":26,"key":"Kunai"},{"floor":29,"key":"Darkstone Periapt"}],"event_choices":[{"damage_healed":0,"gold_gain":0,"player_choice":"Left Gold","damage_taken":0,"max_hp_gain":0,"max_hp_loss":0,"event_name":"World of Goop","floor":5,"gold_loss":17},{"damage_healed":0,"gold_gain":0,"player_choice":"Donut","damage_taken":0,"max_hp_gain":5,"max_hp_loss":0,"event_name":"Big Fish","floor":13,"gold_loss":0},{"damage_healed":0,"gold_gain":0,"player_choice":"Gave Potion","damage_taken":0,"relics_obtained":["Smiling Mask"],"max_hp_gain":0,"max_hp_loss":0,"event_name":"WeMeetAgain","floor":21,"gold_loss":0},{"damage_healed":0,"gold_gain":0,"player_choice":"Inject Mutagens","damage_taken":0,"relics_obtained":["MutagenicStrength"],"max_hp_gain":0,"max_hp_loss":0,"event_name":"Drug Dealer","floor":25,"gold_loss":0},{"damage_healed":0,"gold_gain":0,"player_choice":"Became a vampire (Vial)","damage_taken":0,"max_hp_gain":0,"max_hp_loss":0,"event_name":"Vampires","floor":28,"relics_lost":["Blood Vial"],"gold_loss":0,"cards_obtained":["Bite","Bite","Bite","Bite","Bite"]}],"is_beta":false,"boss_relics":[{"not_picked":["Runic Dome","Pandora\u0027s Box"],"picked":"Astrolabe"}],"items_purged_floors":[4],"is_endless":false,"potions_floor_spawned":[3,6,11,12,22,31],"killed_by":"Automaton","ascension_level":14}