{"gold_per_floor":[119,71,71,71,2,28,28,28,53,72,72,88,88,88,88,191,191,211,211,224,149,161,161,190,207,255,155,165,195,195,206,206,305,305,325,325,425,172,186,186,220,234,234,159,159,173,173,193,193,193,193,193,97,129,129],"floor_reached":56,"playtime":1821,"items_purged":["Strike_R","Strike_R","Defend_R","Bash+1"],"score":1469,"play_id":"121eb487-9c7a-4d6e-8fe4-c1fde8db3b2f","local_time":"20190313001844","is_ascension_mode":true,"campfire_choices":[{"data":"Entrench","floor":8,"key":"SMITH"},{"data":"Shrug It Off","floor":11,"key":"SMITH"},{"data":"Bash","floor":15,"key":"SMITH"},{"data":"Body Slam","floor":23,"key":"SMITH"},{"data":"Flame Barrier","floor":30,"key":"SMITH"},{"data":"Shrug It Off","floor":32,"key":"SMITH"},{"data":"Offering","floor":40,"key":"SMITH"},{"floor":47,"key":"RECALL"},{"data":"Impervious","floor":49,"key":"SMITH"}],"neow_cost":"TEN_PERCENT_HP_LOSS","seed_source_timestamp":316760151100,"circlet_count":0,"master_deck":["Shrug It Off+1","Entrench+1","Offering+1","Flame Barrier+1","Body Slam+1","Body Slam+1","Shrug It Off+1","Impervious+1","Shrug It Off+1"],"relics":["Burning Blood","Question Card","Lantern","Bag of Marbles","Incense Burner","Coffee Dripper","Bird Faced Urn","Anchor","Du-Vu Doll","Empty Cage","Dead Branch","Membership Card","Blue Candle","TheAbacus","Bronze Scales"],"potions_floor_usage":[16,24,25,33,55,55,55],"damage_taken":[{"damage":3,"enemies":"Small Slimes","floor":1,"turns":4},{"damage":47,"enemies":"Gremlin Nob","floor":6,"turns":6},{"damage":0,"enemies":"Jaw Worm","floor":10,"turns":4},{"damage":0,"enemies":"2 Louse","floor":12,"turns":3},{"damage":35,"enemies":"The Guardian","floor":16,"turns":20},{"damage":6,"enemies":"3 Byrds","floor":18,"turns":12},{"damage":10,"enemies":"Chosen","floor":20,"turns":6},{"damage":6,"enemies":"Centurion and Healer","floor":22,"turns":9},{"damage":1,"enemies":"Gremlin Leader","floor":24,"turns":1},{"damage":6,"enemies":"Cultist and Chosen","floor":25,"turns":3},{"damage":1,"enemies":"Snake Plant","floor":28,"turns":2},{"damage":0,"enemies":"Book of Stabbing","floor":29,"turns":3},{"damage":6,"enemies":"Snecko","floor":31,"turns":1},{"damage":6,"enemies":"Collector","floor":33,"turns":6},{"damage":0,"enemies":"Orb Walker","floor":35,"turns":1},{"damage":6,"enemies":"Mind Bloom Boss Battle","floor":37,"turns":1},{"damage":0,"enemies":"3 Shapes","floor":39,"turns":3},{"damage":6,"enemies":"Reptomancer","floor":41,"turns":1},{"damage":0,"enemies":"Jaw Worm Horde","floor":42,"turns":2},{"damage":6,"enemies":"4 Shapes","floor":46,"turns":2},{"damage":6,"enemies":"Maw","floor":48,"turns":5},{"damage":6,"enemies":"Time Eater","floor":50,"turns":1},{"damage":6,"enemies":"Shield and Spear","floor":54,"turns":1},{"damage":53,"enemies":"The Heart","floor":55,"turns":8}],"seed_played":"-7465657646023723618","potions_obtained":[{"floor":10,"key":"Fire Potion"},{"floor":12,"key":"Regen Potion"},{"floor":20,"key":"Block Potion"},{"floor":22,"key":"SkillPotion"},{"floor":24,"key":"Strength Potion"},{"floor":31,"key":"Weak Potion"},{"floor":42,"key":"Fire Potion"}],"is_trial":false,"path_per_floor":["M","$","?","?","$","E","?","R","T","M","R","M","$","T","R","B",null,"M","?","M","$","M","R","E","M","T","$","M","E","R","M","R","B",null,"M","?","?","$","M","R","E","M","T","$","?","M","R","M","R","B",null,"R","$","E","B",null],"character_chosen":"IRONCLAD","items_purchased":["Shrug It Off","Entrench","Membership Card","TheAbacus"],"campfire_rested":0,"item_purchase_floors":[2,5,38,53],"current_hp_per_floor":[72,72,69,69,69,28,21,21,21,27,27,33,33,33,33,19,72,72,72,68,68,68,68,72,72,72,72,72,72,72,72,72,72,72,72,72,72,72,72,72,72,72,72,72,68,68,68,68,68,68,68,68,68,68,21],"gold":129,"neow_bonus":"REMOVE_TWO","is_prod":false,"is_daily":false,"chose_seed":false,"campfire_upgraded":8,"win_rate":0,"timestamp":1552461524,"path_taken":["M","$","?","?","?","E","?","R","T","M","R","M","$","?","R","BOSS","M","?","M","$","M","R","E","M","T","$","M","E","R","M","R","BOSS","M","?","?","?","M","R","E","?","T","$","?","M","R","M","R","BOSS","R","$","E","BOSS"],"build_version":"2019-01-23","purchased_purges":4,"victory":true,"max_hp_per_floor":[72,72,72,72,72,72,72,72,72,72,72,72,72,72,72,72,72,72,72,72,72,72,72,72,72,72,72,72,72,72,72,72,72,72,72,72,72,72,72,72,72,72,72,72,68,68,68,68,68,68,68,68,68,68,68],"card_choices":[{"not_picked":["Headbutt","Hemokinesis","Warcry"],"picked":"SKIP","floor":1},{"not_picked":["Sword Boomerang","Pummel","Fire Breathing","Headbutt"],"picked":"SKIP","floor":6},{"not_picked":["Flex","Combust","Dual Wield","Sword Boomerang"],"picked":"SKIP","floor":10},{"not_picked":["True Grit","Clash","Perfected Strike","Dual Wield"],"picked":"SKIP","floor":12},{"not_picked":["Reaper","Impervious","Bludgeon"],"picked":"Offering","floor":16},{"not_picked":["Clothesline","Pommel Strike+1","Headbutt"],"picked":"Flame Barrier","floor":18},{"not_picked":["Uppercut+1","Headbutt+1","Blood for Blood","Burning Pact+1"],"picked":"SKIP","floor":20},{"not_picked":["Bloodletting","Clash","Flex+1"],"picked":"Body Slam+1","floor":22},{"not_picked":["Seeing Red","Flex+1","Armaments"],"picked":"Shrug It Off","floor":24},{"not_picked":["Pommel Strike","Anger+1","Seeing Red","Thunderclap"],"picked":"SKIP","floor":25},{"not_picked":["Body Slam","Second Wind","Perfected Strike+1","Anger"],"picked":"SKIP","floor":28},{"not_picked":["Armaments","Cleave+1","Dropkick+1","Flame Barrier"],"picked":"SKIP","floor":29},{"not_picked":["Uppercut+1","Twin Strike","Hemokinesis+1","Carnage+1"],"picked":"SKIP","floor":31},{"not_picked":["Dark Embrace","Brutality","Reaper"],"picked":"Impervious","floor":33},{"not_picked":["Blood for Blood","True Grit+1","Sever Soul+1","Heavy Blade"],"picked":"SKIP","floor":35},{"not_picked":["Uppercut","Cleave+1","Headbutt","Flex+1"],"picked":"SKIP","floor":39},{"not_picked":["Exhume","Fiend Fire","Pommel Strike+1","Flex+1"],"picked":"SKIP","floor":41},{"not_picked":["Rage","Havoc+1","Flex+1","Anger"],"picked":"SKIP","floor":42},{"not_picked":["Spot Weakness","Pommel Strike","Iron Wave"],"picked":"Shrug It Off+1","floor":46},{"not_picked":["Ghostly Armor+1","Thunderclap+1","Shockwave+1","Immolate"],"picked":"SKIP","floor":48},{"not_picked":["Feel No Pain","Pummel","Combust","Warcry"],"picked":"SKIP","floor":54}],"player_experience":805408,"relics_obtained":[{"floor":6,"key":"Lantern"},{"floor":9,"key":"Bag of Marbles"},{"floor":14,"key":"Incense Burner"},{"floor":24,"key":"Bird Faced Urn"},{"floor":26,"key":"Anchor"},{"floor":29,"key":"Du-Vu Doll"},{"floor":37,"key":"Dead Branch"},{"floor":41,"key":"Blue Candle"},{"floor":54,"key":"Bronze Scales"}],"event_choices":[{"damage_healed":0,"gold_gain":0,"player_choice":"Success","damage_taken":3,"relics_obtained":["Question Card"],"max_hp_gain":0,"max_hp_loss":0,"event_name":"Scrap Ooze","floor":3,"gold_loss":0},{"cards_removed":["Defend_R"],"damage_healed":0,"gold_gain":0,"player_choice":"Forget","damage_taken":0,"max_hp_gain":0,"max_hp_loss":0,"event_name":"Living Wall","floor":4,"gold_loss":0},{"cards_removed":["Strike_R"],"damage_healed":0,"gold_gain":0,"player_choice":"Card Removal","damage_taken":7,"max_hp_gain":0,"max_hp_loss":0,"event_name":"Golden Wing","floor":7,"gold_loss":0},{"damage_healed":0,"gold_gain":0,"player_choice":"Read","damage_taken":0,"max_hp_gain":0,"max_hp_loss":0,"event_name":"The Library","floor":19,"gold_loss":0,"cards_obtained":["Body Slam"]},{"damage_healed":0,"gold_gain":0,"player_choice":"Memory 1","damage_taken":0,"max_hp_gain":0,"max_hp_loss":0,"event_name":"SensoryStone","floor":36,"gold_loss":0},{"damage_healed":0,"gold_gain":0,"player_choice":"Fight","damage_taken":0,"max_hp_gain":0,"max_hp_loss":0,"event_name":"MindBloom","floor":37,"gold_loss":0},{"damage_healed":0,"gold_gain":0,"player_choice":"Max HP","damage_taken":0,"max_hp_gain":0,"max_hp_loss":4,"event_name":"Winding Halls","floor":45,"gold_loss":0}],"is_beta":false,"boss_relics":[{"not_picked":["Philosopher\u0027s Stone","Ectoplasm"],"picked":"Coffee Dripper"},{"not_picked":["Black Star","Velvet Choker"],"picked":"Empty Cage"}],"items_purged_floors":[21,27,38,44],"is_endless":false,"potions_floor_spawned":[10,12,20,22,24,31,42,46,48],"ascension_level":1}