{"gold_per_floor":[111,128,128,128,128,153,153,169,169,169,27,37,53,88,88,192,192,192,192,107,107,6,6,6,6,6,6,6,6,6,6,6,6,6,6,6,6,0,0,0,0,0,0,0,0,0,0,0,0,0],"floor_reached":51,"playtime":3088,"items_purged":[],"score":1048,"play_id":"182dd500-1fdb-4485-8438-c8f3ef1711e7","local_time":"20190411172547","is_ascension_mode":true,"campfire_choices":[{"data":"Noxious Fumes","floor":7,"key":"SMITH"},{"data":"Neutralize","floor":10,"key":"SMITH"},{"data":"Footwork","floor":15,"key":"SMITH"},{"floor":25,"key":"REST"},{"data":"Backstab","floor":28,"key":"SMITH"},{"data":"Dagger Spray","floor":30,"key":"SMITH"},{"floor":32,"key":"REST"},{"floor":40,"key":"DIG"},{"floor":45,"key":"REST"},{"floor":49,"key":"DIG"}],"neow_cost":"NONE","seed_source_timestamp":0,"circlet_count":0,"master_deck":["Defend_G","Defend_G","Defend_G","Defend_G","Defend_G","Strike_G","Strike_G","Strike_G","Strike_G","Strike_G","Survivor","Neutralize+1","Noxious Fumes+1","Endless Agony","Footwork+1","Cloak And Dagger+1","Dagger Throw","Flying Knee","Dodge and Roll+1","Backstab+1","Corpse Explosion+1","Escape Plan+1","PiercingWail+1","Dodge and Roll+1","Catalyst+1","Dagger Spray+1","PiercingWail+1","Backstab+1","Dodge and Roll+1","A Thousand Cuts+1","Footwork+1","Well Laid Plans+1","Blade Dance+1","Blade Dance+1","Dodge and Roll+1","Prepared+1","Leg Sweep+1"],"special_seed":0,"relics":["Ring of the Snake","Art of War","Matryoshka","Sundial","Gremlin Horn","Toxic Egg 2","Letter Opener","Ectoplasm","FossilizedHelix","Strawberry","Happy Flower","Anchor","Frozen Egg 2","WristBlade","Nunchaku","Red Mask","Shovel","Vajra","PreservedInsect","Bag of Marbles","Ice Cream","Ornamental Fan"],"potions_floor_usage":[16,31,50,50,50],"damage_taken":[{"damage":0,"enemies":"Cultist","floor":1,"turns":4},{"damage":3,"enemies":"Jaw Worm","floor":2,"turns":5},{"damage":16,"enemies":"3 Sentries","floor":6,"turns":9},{"damage":1,"enemies":"Small Slimes","floor":8,"turns":3},{"damage":7,"enemies":"Exordium Thugs","floor":12,"turns":6},{"damage":2,"enemies":"3 Louse","floor":13,"turns":3},{"damage":0,"enemies":"Lagavulin","floor":14,"turns":6},{"damage":22,"enemies":"Slime Boss","floor":16,"turns":11},{"damage":2,"enemies":"Spheric Guardian","floor":18,"turns":4},{"damage":12,"enemies":"3 Byrds","floor":19,"turns":2},{"damage":6,"enemies":"Snake Plant","floor":21,"turns":6},{"damage":31,"enemies":"Book of Stabbing","floor":23,"turns":6},{"damage":11,"enemies":"Sentry and Sphere","floor":27,"turns":5},{"damage":0,"enemies":"Slavers","floor":29,"turns":4},{"damage":0,"enemies":"Snecko","floor":31,"turns":4},{"damage":29,"enemies":"Collector","floor":33,"turns":7},{"damage":0,"enemies":"3 Shapes","floor":35,"turns":3},{"damage":1,"enemies":"Mind Bloom Boss Battle","floor":36,"turns":9},{"damage":0,"enemies":"2 Orb Walkers","floor":39,"turns":2},{"damage":25,"enemies":"Reptomancer","floor":41,"turns":6},{"damage":0,"enemies":"Orb Walker","floor":42,"turns":2},{"damage":0,"enemies":"4 Shapes","floor":44,"turns":5},{"damage":0,"enemies":"Writhing Mass","floor":46,"turns":7},{"damage":0,"enemies":"Nemesis","floor":47,"turns":2},{"damage":1,"enemies":"Awakened One","floor":50,"turns":14}],"seed_played":"-3807126528564513236","potions_obtained":[{"floor":1,"key":"GamblersBrew"},{"floor":14,"key":"SmokeBomb"},{"floor":18,"key":"Fire Potion"},{"floor":27,"key":"Dexterity Potion"},{"floor":33,"key":"EssenceOfSteel"},{"floor":36,"key":"Strength Potion"},{"floor":39,"key":"PowerPotion"}],"is_trial":false,"path_per_floor":["M","M","?","?","T","E","R","M","T","R","$","M","M","E","R","B",null,"M","M","?","M","$","E","$","R","T","M","R","E","R","M","R","B",null,"M","?","$","?","?","R","E","M","T","M","R","M","E","?","R","B",null],"character_chosen":"THE_SILENT","items_purchased":["Footwork","Cloak And Dagger+1","Dagger Throw","Catalyst+1","Dagger Spray"],"campfire_rested":3,"item_purchase_floors":[11,11,11,22,22],"current_hp_per_floor":[70,67,72,72,72,56,56,55,55,55,55,48,46,46,46,24,62,60,48,48,42,42,18,18,42,42,31,31,31,31,31,55,26,68,68,67,67,67,67,67,42,42,42,42,66,66,66,66,66,65],"gold":0,"neow_bonus":"RANDOM_COMMON_RELIC","is_prod":false,"is_daily":false,"chose_seed":false,"campfire_upgraded":5,"win_rate":0,"timestamp":1555014347,"path_taken":["M","M","?","?","?","E","R","M","T","R","?","M","?","E","R","BOSS","M","?","?","M","$","E","?","R","T","M","R","E","R","M","R","BOSS","M","?","$","?","?","R","E","M","T","M","R","?","E","?","R","BOSS"],"build_version":"2019-01-23","purchased_purges":0,"victory":true,"max_hp_per_floor":[70,70,75,75,75,75,75,75,75,75,75,75,75,75,75,75,75,75,75,75,75,75,82,82,82,82,82,82,82,82,82,82,82,82,82,82,82,82,82,82,82,82,82,82,82,82,82,82,82,82],"card_choices":[{"not_picked":["Acrobatics","Underhanded Strike"],"picked":"Noxious Fumes","floor":1},{"not_picked":["Riddle With Holes","Blade Dance"],"picked":"Endless Agony","floor":2},{"not_picked":["Acrobatics","Underhanded Strike"],"picked":"Dagger Throw","floor":6},{"not_picked":["Calculated Gamble","Blade Dance","Acrobatics"],"picked":"SKIP","floor":8},{"not_picked":["Eviscerate","Endless Agony"],"picked":"Flying Knee","floor":12},{"not_picked":["Riddle With Holes","Reflex+1"],"picked":"Dodge and Roll+1","floor":13},{"not_picked":["Poisoned Stab","Dagger Spray"],"picked":"Backstab","floor":14},{"not_picked":["Envenom","Bullet Time+1"],"picked":"Corpse Explosion+1","floor":16},{"not_picked":["All Out Attack","Choke"],"picked":"Escape Plan+1","floor":18},{"not_picked":["Outmaneuver+1","Heel Hook+1"],"picked":"PiercingWail+1","floor":19},{"not_picked":["Slice","Blade Dance+1"],"picked":"Dodge and Roll+1","floor":21},{"not_picked":["Cloak And Dagger+1","Choke"],"picked":"PiercingWail+1","floor":23},{"not_picked":["Heel Hook","All Out Attack"],"picked":"Backstab+1","floor":27},{"not_picked":["Cloak And Dagger+1","Dagger Spray"],"picked":"Dodge and Roll+1","floor":29},{"not_picked":["Unload","Storm of Steel+1"],"picked":"A Thousand Cuts+1","floor":33},{"not_picked":["Backflip+1","Dodge and Roll+1"],"picked":"Footwork+1","floor":35},{"not_picked":["Deadly Poison+1","Dodge and Roll+1"],"picked":"Well Laid Plans+1","floor":39},{"not_picked":["Choke+1","Flying Knee"],"picked":"Blade Dance+1","floor":41},{"not_picked":["Riddle With Holes","Choke+1"],"picked":"Blade Dance+1","floor":42},{"not_picked":["Deadly Poison+1","Calculated Gamble+1"],"picked":"Dodge and Roll+1","floor":44},{"not_picked":["Slice+1","Riddle With Holes"],"picked":"Prepared+1","floor":46},{"not_picked":["Distraction+1","Dodge and Roll+1"],"picked":"Leg Sweep+1","floor":47}],"player_experience":602992,"relics_obtained":[{"floor":5,"key":"Matryoshka"},{"floor":6,"key":"Sundial"},{"floor":9,"key":"Gremlin Horn"},{"floor":9,"key":"Toxic Egg 2"},{"floor":14,"key":"Letter Opener"},{"floor":23,"key":"Strawberry"},{"floor":26,"key":"Happy Flower"},{"floor":26,"key":"Anchor"},{"floor":29,"key":"Frozen Egg 2"},{"floor":36,"key":"Nunchaku"},{"floor":39,"key":"Shovel"},{"floor":40,"key":"Vajra"},{"floor":41,"key":"PreservedInsect"},{"floor":43,"key":"Bag of Marbles"},{"floor":47,"key":"Ice Cream"},{"floor":49,"key":"Ornamental Fan"}],"event_choices":[{"damage_healed":0,"gold_gain":0,"player_choice":"Donut","damage_taken":0,"max_hp_gain":5,"max_hp_loss":0,"event_name":"Big Fish","floor":3,"gold_loss":0},{"damage_healed":0,"gold_gain":0,"player_choice":"Ignored","damage_taken":0,"max_hp_gain":0,"max_hp_loss":0,"event_name":"Shining Light","floor":4,"gold_loss":0},{"damage_healed":0,"gold_gain":0,"player_choice":"Obtained Relic","damage_taken":0,"relics_obtained":["FossilizedHelix"],"max_hp_gain":0,"max_hp_loss":0,"event_name":"Addict","floor":20,"gold_loss":85},{"damage_healed":0,"gold_gain":0,"player_choice":"Fight","damage_taken":0,"max_hp_gain":0,"max_hp_loss":0,"event_name":"MindBloom","floor":36,"gold_loss":0},{"damage_healed":0,"gold_gain":0,"player_choice":"Paid","damage_taken":0,"relics_obtained":["Red Mask"],"max_hp_gain":0,"max_hp_loss":0,"event_name":"Tomb of Lord Red Mask","floor":38,"gold_loss":6},{"damage_healed":0,"gold_gain":0,"player_choice":"Fight","damage_taken":0,"max_hp_gain":0,"max_hp_loss":0,"event_name":"Mysterious Sphere","floor":39,"gold_loss":0},{"cards_removed":["Dagger Throw"],"damage_healed":0,"gold_gain":0,"player_choice":"Removed Attack","damage_taken":0,"max_hp_gain":0,"max_hp_loss":0,"event_name":"Falling","floor":48,"gold_loss":0}],"is_beta":false,"boss_relics":[{"not_picked":["Runic Pyramid","Velvet Choker"],"picked":"Ectoplasm"},{"not_picked":["Tiny House","Snecko Eye"],"picked":"WristBlade"}],"items_purged_floors":[],"is_endless":false,"potions_floor_spawned":[1,14,18,27,31,33,36,39,44,47],"ascension_level":5}