{"gold_per_floor":[112,127,127,145,22,54,54,79,103,120,120,140,159,185,185,284,284,301,312,343,357,407,407,421,421],"floor_reached":25,"playtime":2235,"items_purged":[],"score":315,"play_id":"f78b1efd-ff38-4985-ae32-a8581354050f","local_time":"20190401214724","is_ascension_mode":true,"campfire_choices":[{"data":"True Grit","floor":7.0,"key":"SMITH"},{"data":"Fiend Fire","floor":11.0,"key":"SMITH"},{"data":"Shockwave","floor":15,"key":"SMITH"},{"floor":23,"key":"REST"}],"neow_cost":"NONE","seed_source_timestamp":0,"circlet_count":0,"master_deck":["Strike_R","Strike_R","Strike_R","Strike_R","Strike_R","Defend_R","Defend_R","Defend_R","Defend_R","Bash","Fiend Fire+1","Clothesline","Feel No Pain","Pommel Strike","True Grit+1","Offering","Shrug It Off","Havoc","Shockwave+1","Reaper","Ghostly Armor","Cleave","Shockwave","Dark Embrace"],"special_seed":0,"relics":["Burning Blood","Ancient Tea Set","Happy Flower","Bag of Preparation","Juzu Bracelet","Eternal Feather","Red Mask"],"potions_floor_usage":[21,24,25],"damage_taken":[{"damage":6.0,"enemies":"Jaw Worm","floor":1.0,"turns":5.0},{"damage":0.0,"enemies":"2 Louse","floor":2.0,"turns":3.0},{"damage":15.0,"enemies":"Small Slimes","floor":4.0,"turns":3.0},{"damage":16.0,"enemies":"Gremlin Nob","floor":6.0,"turns":3.0},{"damage":10.0,"enemies":"Lagavulin","floor":8.0,"turns":5.0},{"damage":20.0,"enemies":"Exordium Thugs","floor":10.0,"turns":5.0},{"damage":0.0,"enemies":"Blue Slaver","floor":12.0,"turns":1.0},{"damage":19.0,"enemies":"3 Louse","floor":13.0,"turns":5.0},{"damage":12,"enemies":"Gremlin Nob","floor":14,"turns":3},{"damage":13,"enemies":"Hexaghost","floor":16,"turns":10},{"damage":12,"enemies":"Spheric Guardian","floor":18,"turns":4},{"damage":6,"enemies":"Chosen","floor":19,"turns":4},{"damage":19,"enemies":"Masked Bandits","floor":20,"turns":6},{"damage":42,"enemies":"Sentry and Sphere","floor":21,"turns":11},{"damage":11,"enemies":"Snake Plant","floor":24,"turns":2},{"damage":27,"enemies":"Gremlin Leader","floor":25,"turns":4}],"seed_played":"-6373791662109938478","potions_obtained":[{"floor":0.0,"key":"LiquidBronze"},{"floor":0.0,"key":"FearPotion"},{"floor":0.0,"key":"Fire Potion"},{"floor":1.0,"key":"SteroidPotion"},{"floor":13,"key":"Regen Potion"},{"floor":16,"key":"SpeedPotion"},{"floor":21,"key":"BloodPotion"}],"is_trial":false,"path_per_floor":["M","M","?","M","$","E","R","E","T","M","R","M","M","E","R","B",null,"M","M","?","M","?","R","M","E"],"character_chosen":"IRONCLAD","items_purchased":["Feel No Pain","Pommel Strike"],"campfire_rested":1,"item_purchase_floors":[5,5],"current_hp_per_floor":[72,78,83,74,74,64,64,60,60,46,46,52,39,33,33,26,70,64,70,69,33,33,70,65,58],"gold":421,"neow_bonus":"THREE_SMALL_POTIONS","is_prod":false,"is_daily":false,"chose_seed":false,"campfire_upgraded":3,"win_rate":0,"timestamp":1554166044,"path_taken":["M","M","?","M","$","E","R","E","T","M","R","M","M","E","R","BOSS","M","M","?","M","?","R","M","E"],"build_version":"2019-01-23","purchased_purges":0,"victory":false,"max_hp_per_floor":[80,80,85,85,85,85,85,85,85,85,85,85,85,85,85,85,85,85,85,85,85,85,85,85,85],"card_choices":[{"not_picked":["Perfected Strike","Flex"],"picked":"Fiend Fire","floor":1.0},{"not_picked":["Cleave","Flex"],"picked":"Clothesline","floor":2.0},{"not_picked":["Blood for Blood","Pummel","Armaments"],"picked":"SKIP","floor":4.0},{"not_picked":["Thunderclap","Flex"],"picked":"True Grit","floor":6.0},{"not_picked":["Shrug It Off","Pommel Strike"],"picked":"Offering","floor":8.0},{"not_picked":["Twin Strike","Shockwave"],"picked":"Shrug It Off","floor":10.0},{"not_picked":["Heavy Blade","Twin Strike"],"picked":"Havoc","floor":12.0},{"not_picked":["Sever Soul","Perfected Strike"],"picked":"Shockwave","floor":13},{"not_picked":["Clothesline","Rampage","Limit Break"],"picked":"SKIP","floor":14},{"not_picked":["Feed","Impervious"],"picked":"Reaper","floor":16},{"not_picked":["Sword Boomerang","Heavy Blade","Dropkick"],"picked":"SKIP","floor":18},{"not_picked":["Clothesline","Intimidate"],"picked":"Ghostly Armor","floor":19},{"not_picked":["Clash","Flex"],"picked":"Cleave","floor":20},{"not_picked":["Headbutt","Cleave"],"picked":"Shockwave","floor":21},{"not_picked":["Twin Strike","Rage"],"picked":"Dark Embrace","floor":24}],"player_experience":454985,"relics_obtained":[{"floor":6.0,"key":"Ancient Tea Set"},{"floor":8.0,"key":"Happy Flower"},{"floor":9.0,"key":"Bag of Preparation"},{"floor":14,"key":"Juzu Bracelet"},{"floor":20,"key":"Red Mask"}],"event_choices":[{"damage_healed":0.0,"max_hp_gain":5.0,"max_hp_loss":0.0,"gold_gain":0.0,"event_name":"Big Fish","player_choice":"Donut","floor":3.0,"gold_loss":0.0,"damage_taken":0.0},{"damage_healed":0,"gold_gain":0,"player_choice":"Fought Bandits","damage_taken":0,"max_hp_gain":0,"max_hp_loss":0,"event_name":"Masked Bandits","floor":20,"gold_loss":0},{"damage_healed":0,"gold_gain":100,"player_choice":"Bet on Murderer","damage_taken":0,"max_hp_gain":0,"max_hp_loss":0,"event_name":"The Joust","floor":22,"gold_loss":50}],"is_beta":false,"boss_relics":[{"not_picked":["Pandora\u0027s Box","White Beast Statue"],"picked":"Eternal Feather"}],"items_purged_floors":[],"is_endless":false,"potions_floor_spawned":[1,2,13,16,21],"killed_by":"Gremlin Leader","ascension_level":8}