{"path_per_floor":["M","?","?","$","?","R","E","R","T","M","?","M","E","M","R","B",null,"M","M","$","?","?","R","$"],"character_chosen":"DEFECT","items_purchased":["Undo","Bottled Tornado"],"gold_per_floor":[117,117,67,67,67,67,102,102,129,147,322,333,367,380,380,477,477,497,516,366,366,281,281,21,21],"floor_reached":25,"campfire_rested":1,"playtime":1501,"item_purchase_floors":[20,24],"current_hp_per_floor":[69,69,69,69,62,64,44,48,48,48,48,60,13,13,56,36,75,64,22,22,47,47,53,53,0],"items_purged":["Doubt"],"gold":21,"score":232,"play_id":"924c5604-3f6b-4470-bbeb-be51f49637f0","local_time":"20180626184701","is_prod":false,"is_daily":false,"chose_seed":false,"is_ascension_mode":false,"campfire_upgraded":3,"win_rate":0,"timestamp":1530064021,"campfire_choices":[{"data":"Dualcast","floor":6,"key":"SMITH"},{"data":"Leap","floor":8,"key":"SMITH"},{"floor":15,"key":"REST"},{"data":"Undo","floor":23,"key":"SMITH"}],"path_taken":["M","?","?","$","?","R","E","R","T","M","?","M","E","?","R","BOSS","M","M","$","?","?","R","?","E"],"build_version":"2018-06-21","seed_source_timestamp":985139685226323,"purchased_purges":1,"circlet_count":0,"victory":false,"master_deck":["Strike_B","Strike_B+1","Defend_B","Defend_B","Defend_B+1","Defend_B","Zap+1","Dualcast+1","Leap+1","Go for the Eyes+1","Compile Driver","Coolheaded+1","Compile Driver","Ball Lightning","Echo Form","Compile Driver","Compile Driver","Undo+1"],"max_hp_per_floor":[75,75,75,75,75,75,75,75,75,75,75,75,75,75,75,75,75,75,75,75,75,75,75,75,75],"relics":["Eternal Feather","Whetstone","Regal Pillow","War Paint","Philosopher\u0027s Stone","Question Card","Bottled Tornado"],"card_choices":[{"not_picked":["Recycle","Sweeping Beam"],"picked":"Leap","floor":1},{"not_picked":["Static Discharge","Sweeping Beam"],"picked":"Go for the Eyes","floor":7},{"not_picked":["Beam Cell","Lockon"],"picked":"Compile Driver","floor":10},{"not_picked":["Heatsinks","Lockon"],"picked":"Coolheaded","floor":12},{"not_picked":["Sweeping Beam","Rebound"],"picked":"Compile Driver","floor":13},{"not_picked":["Consume","Double Energy"],"picked":"Ball Lightning","floor":14},{"not_picked":["Thunder Strike","Hyperbeam"],"picked":"Echo Form","floor":16},{"not_picked":["Heatsinks","Streamline"],"picked":"Compile Driver","floor":18},{"not_picked":["Chaos","Gash"],"picked":"Compile Driver","floor":19}],"player_experience":209155,"potions_floor_usage":[7,12,19],"damage_taken":[{"damage":6,"enemies":"Jaw Worm","floor":1,"turns":5},{"damage":20,"enemies":"Lagavulin","floor":7,"turns":8},{"damage":0,"enemies":"2 Louse","floor":10,"turns":2},{"damage":0,"enemies":"Small Slimes","floor":12,"turns":4},{"damage":47,"enemies":"Gremlin Nob","floor":13,"turns":6},{"damage":0,"enemies":"2 Fungi Beasts","floor":14,"turns":4},{"damage":20,"enemies":"The Guardian","floor":16,"turns":13},{"damage":11,"enemies":"Shell Parasite","floor":18,"turns":6},{"damage":56,"enemies":"3 Byrds","floor":19,"turns":5},{"damage":56,"enemies":"Slavers","floor":25,"turns":4}],"relics_obtained":[{"floor":7,"key":"Whetstone"},{"floor":9,"key":"Regal Pillow"},{"floor":13,"key":"War Paint"}],"event_choices":[{"event_name":"Living Wall","player_choice":"Grow","floor":2,"damage_taken":0},{"event_name":"The Cleric","player_choice":"Card Removal","floor":3,"damage_taken":0},{"event_name":"Golden Wing","player_choice":"Card Removal","floor":5,"damage_taken":0},{"event_name":"Liars Game","player_choice":"agreed","floor":11,"damage_taken":0},{"event_name":"The Library","player_choice":"Heal","floor":21,"damage_taken":0},{"event_name":"Addict","player_choice":"Obtained Relic","floor":22,"damage_taken":0}],"boss_relics":[{"not_picked":["Ectoplasm","Runic Dome"],"picked":"Philosopher\u0027s Stone"}],"items_purged_floors":[20],"is_endless":true,"potions_floor_spawned":[1,10,16,19],"seed_played":"117904320063736676","killed_by":"Slavers","ascension_level":0,"potions_obtained":[{"floor":1,"key":"FearPotion"},{"floor":10,"key":"Regen Potion"},{"floor":16,"key":"Regen Potion"},{"floor":19,"key":"SteroidPotion"}],"is_trial":false}