{"path_per_floor":["M","?","?","?","$","E","M","E","T","M","M","E","?","M","R","B",null,"M","M","?","M","M"],"character_chosen":"DEFECT","items_purchased":["FTL","Conserve Battery"],"gold_per_floor":[113,113,213,163,35,64,77,104,131,146,161,187,362,372,372,473,473,493,510,510,528,543,543],"floor_reached":23,"campfire_rested":0,"playtime":1605,"item_purchase_floors":[5,5],"current_hp_per_floor":[71,71,71,71,71,71,71,69,69,75,75,72,72,75,75,75,75,75,68,52,52,52,0],"items_purged":[],"gold":543,"score":313,"play_id":"7e191922-eafe-4597-80db-fb513fc02165","local_time":"20180624180242","is_prod":false,"is_daily":false,"chose_seed":false,"is_ascension_mode":false,"campfire_upgraded":1,"win_rate":0,"timestamp":1529888562,"campfire_choices":[{"data":"Aggregate","floor":15,"key":"SMITH"}],"path_taken":["M","?","?","?","$","E","M","E","T","M","?","E","?","M","R","BOSS","M","?","?","?","M","E"],"build_version":"2018-06-21","seed_source_timestamp":809582944958729,"purchased_purges":0,"circlet_count":0,"victory":false,"master_deck":["Defend_B","Defend_B","Defend_B","Zap+1","Dualcast","Glacier","FTL","Conserve Battery","Ball Lightning","Capacitor","Self Repair","Compile Driver","Cold Snap","Melter","Doubt","Aggregate+1","Seek","Fusion","White Noise+1","Bite","Bite","Bite","Bite","Bite","Storm","Go for the Eyes+1"],"max_hp_per_floor":[75,75,75,75,75,75,75,75,75,75,75,75,75,75,75,75,75,75,75,52,52,52,52],"relics":["Cracked Core","Boot","Bag of Preparation","Orichalcum","Bag of Marbles","White Beast Statue"],"card_choices":[{"not_picked":["Steam","Ball Lightning"],"picked":"Glacier","floor":1},{"not_picked":["Chill","Glacier"],"picked":"Ball Lightning","floor":6},{"not_picked":["Streamline","Conserve Battery"],"picked":"Capacitor","floor":7},{"not_picked":["Beam Cell","Hologram"],"picked":"Self Repair","floor":8},{"not_picked":["Undo","Leap"],"picked":"Compile Driver","floor":10},{"not_picked":["Conserve Battery","Darkness"],"picked":"Cold Snap","floor":11},{"not_picked":["Glacier","Doom and Gloom"],"picked":"Melter","floor":12},{"not_picked":["Force Field","Turbo"],"picked":"Aggregate","floor":14},{"not_picked":["Biased Cognition","Amplify"],"picked":"Seek","floor":16},{"not_picked":["Redo","Beam Cell"],"picked":"Fusion","floor":18},{"not_picked":["Turbo","Capacitor+1"],"picked":"White Noise+1","floor":19},{"not_picked":["Stack","Undo+1"],"picked":"Storm","floor":21},{"not_picked":["Fusion","Ball Lightning"],"picked":"Go for the Eyes+1","floor":22}],"player_experience":184647,"potions_floor_usage":[7,14,16,19,19,23],"damage_taken":[{"damage":4,"enemies":"2 Louse","floor":1,"turns":3},{"damage":0,"enemies":"Lagavulin","floor":6,"turns":8},{"damage":0,"enemies":"Small Slimes","floor":7,"turns":2},{"damage":2,"enemies":"3 Sentries","floor":8,"turns":8},{"damage":0,"enemies":"Jaw Worm","floor":10,"turns":3},{"damage":6,"enemies":"Exordium Thugs","floor":11,"turns":3},{"damage":10,"enemies":"Lagavulin","floor":12,"turns":6},{"damage":2,"enemies":"Lots of Slimes","floor":14,"turns":3},{"damage":0,"enemies":"Slime Boss","floor":16,"turns":8},{"damage":0,"enemies":"Spheric Guardian","floor":18,"turns":1},{"damage":7,"enemies":"2 Thieves","floor":19,"turns":4},{"damage":0,"enemies":"3 Cultists","floor":21,"turns":2},{"damage":3,"enemies":"Snecko","floor":22,"turns":5},{"damage":66,"enemies":"Gremlin Leader","floor":23,"turns":8}],"relics_obtained":[{"floor":6,"key":"Boot"},{"floor":8,"key":"Bag of Preparation"},{"floor":9,"key":"Orichalcum"},{"floor":12,"key":"Bag of Marbles"}],"event_choices":[{"event_name":"Living Wall","player_choice":"Grow","floor":2,"damage_taken":0},{"event_name":"Wheel of Change","player_choice":"Gold","floor":3,"damage_taken":0},{"event_name":"The Cleric","player_choice":"Card Removal","floor":4,"damage_taken":0},{"event_name":"Liars Game","player_choice":"agreed","floor":13,"damage_taken":0},{"event_name":"Vampires","player_choice":"Became a vampire","floor":20,"damage_taken":0}],"boss_relics":[{"not_picked":["Ectoplasm","Coffee Dripper"],"picked":"White Beast Statue"}],"items_purged_floors":[],"is_endless":true,"potions_floor_spawned":[6,11,12,16,18,19,21,22],"seed_played":"-8322168799465526994","killed_by":"Gremlin Leader","ascension_level":0,"potions_obtained":[{"floor":6,"key":"SteroidPotion"},{"floor":11,"key":"Strength Potion"},{"floor":12,"key":"LiquidBronze"},{"floor":16,"key":"Poison Potion"},{"floor":18,"key":"Fire Potion"},{"floor":19,"key":"Dexterity Potion"},{"floor":21,"key":"SpeedPotion"},{"floor":22,"key":"SteroidPotion"}],"is_trial":false}