{"gold_per_floor":[117,117,30,49,124,159,179,179,179,204,204,229,253,269,269,346,346,366,377,427,438,438,438,464,483,483,483],"floor_reached":27,"playtime":1015,"items_purged":[],"score":552,"play_id":"2db1159a-ceb1-47f1-b026-7161325fd732","local_time":"20190208152959","is_ascension_mode":true,"campfire_choices":[{"data":"Deadly Poison","floor":8,"key":"SMITH"},{"data":"All Out Attack","floor":11,"key":"SMITH"},{"floor":15,"key":"REST"},{"data":"Malaise","floor":23,"key":"SMITH"}],"neow_cost":"NONE","seed_source_timestamp":878507598724005,"circlet_count":0,"master_deck":["AscendersBane","Defend_G","Defend_G","Defend_G","Defend_G","Defend_G","Strike_G","Strike_G","Strike_G","Strike_G","Strike_G","Survivor","Neutralize+1","Bane","All Out Attack+1","Deadly Poison+1","Quick Slash","After Image","Poisoned Stab","Malaise+1","Bouncing Flask","Catalyst","Blur","Parasite","Dagger Spray","Cloak And Dagger+1","Normality"],"relics":["Ring of the Snake","NeowsBlessing","Happy Flower","Gremlin Horn","Bag of Preparation","Ancient Tea Set","Odd Mushroom","Cursed Key","Tough Bandages","Unceasing Top","StoneCalendar"],"potions_floor_usage":[10,10,21,24,25],"damage_taken":[{"damage":0,"enemies":"Small Slimes","floor":1,"turns":1},{"damage":0,"enemies":"Jaw Worm","floor":4,"turns":1},{"damage":0,"enemies":"Gremlin Nob","floor":6,"turns":1},{"damage":0,"enemies":"Cultist","floor":7,"turns":3},{"damage":15,"enemies":"Lagavulin","floor":10,"turns":5},{"damage":3,"enemies":"3 Sentries","floor":12,"turns":5},{"damage":0,"enemies":"The Mushroom Lair","floor":13,"turns":3},{"damage":6,"enemies":"3 Louse","floor":14,"turns":3},{"damage":38,"enemies":"Slime Boss","floor":16,"turns":10},{"damage":5,"enemies":"3 Byrds","floor":18,"turns":5},{"damage":0,"enemies":"Chosen","floor":19,"turns":6},{"damage":8,"enemies":"Centurion and Healer","floor":21,"turns":8},{"damage":26,"enemies":"Slavers","floor":24,"turns":7},{"damage":9,"enemies":"Cultist and Chosen","floor":25,"turns":8},{"damage":8,"enemies":"Snake Plant","floor":27,"turns":1}],"seed_played":"3803040925350047582","potions_obtained":[{"floor":4,"key":"Fire Potion"},{"floor":7,"key":"Energy Potion"},{"floor":14,"key":"Ancient Potion"},{"floor":16,"key":"GamblersBrew"},{"floor":21,"key":"Explosive Potion"},{"floor":24,"key":"FearPotion"}],"is_trial":false,"path_per_floor":["M","?","$","M","?","E","M","R","T","E","R","E","?","M","R","B",null,"M","M","?","M","T","R","E","M","T","M"],"character_chosen":"THE_SILENT","items_purchased":["All Out Attack"],"campfire_rested":1,"item_purchase_floors":[3],"current_hp_per_floor":[59,59,59,59,48,48,48,48,48,33,33,30,30,24,43,5,51,46,46,46,38,38,38,12,3,3,0],"gold":483,"neow_bonus":"THREE_ENEMY_KILL","is_prod":false,"is_daily":false,"chose_seed":false,"campfire_upgraded":3,"win_rate":0,"timestamp":1549636199,"path_taken":["M","?","$","M","?","E","M","R","T","E","R","E","?","?","R","BOSS","M","M","?","M","?","R","E","?","T","M"],"build_version":"2019-01-23","purchased_purges":0,"victory":false,"max_hp_per_floor":[66,66,66,66,66,66,66,66,66,66,66,66,66,66,66,66,66,66,66,66,66,66,66,66,66,66,66],"card_choices":[{"not_picked":["Slice","Prepared"],"picked":"Bane","floor":1},{"not_picked":["Slice","Predator"],"picked":"Deadly Poison","floor":4},{"not_picked":["Heel Hook","Cloak And Dagger","Prepared"],"picked":"SKIP","floor":6},{"not_picked":["Expertise","Outmaneuver"],"picked":"Quick Slash","floor":7},{"not_picked":["Choke","Deflect"],"picked":"After Image","floor":10},{"not_picked":["Escape Plan","Backflip"],"picked":"Poisoned Stab","floor":12},{"not_picked":["Poisoned Stab","Underhanded Strike","Slice"],"picked":"SKIP","floor":14},{"not_picked":["Die Die Die","Burst"],"picked":"Malaise","floor":16},{"not_picked":["Endless Agony","Deflect"],"picked":"Bouncing Flask","floor":18},{"not_picked":["Dodge and Roll","Flying Knee"],"picked":"Catalyst","floor":19},{"not_picked":["PiercingWail","Dash"],"picked":"Blur","floor":21},{"not_picked":["Masterful Stab","Riddle With Holes"],"picked":"Dagger Spray","floor":24},{"not_picked":["Underhanded Strike","Bane"],"picked":"Cloak And Dagger+1","floor":25}],"player_experience":1318696,"relics_obtained":[{"floor":6,"key":"Happy Flower"},{"floor":9,"key":"Gremlin Horn"},{"floor":10,"key":"Bag of Preparation"},{"floor":12,"key":"Ancient Tea Set"},{"floor":13,"key":"Odd Mushroom"},{"floor":22,"key":"Tough Bandages"},{"floor":24,"key":"Unceasing Top"},{"floor":26,"key":"StoneCalendar"}],"event_choices":[{"damage_healed":0,"gold_gain":0,"player_choice":"Grow","damage_taken":0,"max_hp_gain":0,"max_hp_loss":0,"event_name":"Living Wall","floor":2,"gold_loss":0,"cards_upgraded":["Neutralize"]},{"damage_healed":0,"gold_gain":75,"player_choice":"Gather Gold","damage_taken":11,"max_hp_gain":0,"max_hp_loss":0,"event_name":"World of Goop","floor":5,"gold_loss":0},{"damage_healed":0,"gold_gain":0,"player_choice":"Fought Mushrooms","damage_taken":0,"max_hp_gain":0,"max_hp_loss":0,"event_name":"Mushrooms","floor":13,"gold_loss":0},{"damage_healed":0,"gold_gain":50,"player_choice":"Stole From Cult","damage_taken":0,"max_hp_gain":0,"max_hp_loss":0,"event_name":"Nest","floor":20,"gold_loss":0}],"is_beta":false,"boss_relics":[{"not_picked":["Pandora\u0027s Box","Snecko Eye"],"picked":"Cursed Key"}],"items_purged_floors":[],"is_endless":false,"potions_floor_spawned":[4,7,14,16,19,21,24],"killed_by":"Snake Plant","ascension_level":20}