{"gold_per_floor":[118,118,135,151,151,192,192,192,239,239,264,32,32,68,68,193,193,212,233,358,378,401,442,442,475,475,475,225,225,235,290,290,395,395,415,415,415,415,415,450,460,492,492,523,523,539,553,564,564,564,564,564,70,99,99],"floor_reached":56,"playtime":2977,"items_purged":["Pain","Flex"],"score":1614,"play_id":"71fdabec-fde7-4f38-8fa2-e0b3b71110f0","local_time":"20190305234935","is_ascension_mode":true,"campfire_choices":[{"data":"True Grit","floor":7,"key":"SMITH"},{"floor":15,"key":"REST"},{"data":"Bash","floor":24,"key":"SMITH"},{"floor":27,"key":"RECALL"},{"data":"Shockwave","floor":32,"key":"SMITH"},{"data":"True Grit","floor":45,"key":"SMITH"},{"data":"Armaments","floor":49,"key":"SMITH"},{"data":"True Grit","floor":52,"key":"SMITH"}],"neow_cost":"PERCENT_DAMAGE","seed_source_timestamp":39726703946967,"circlet_count":0,"master_deck":["Bash+1","Sword Boomerang+1","True Grit+1","Metallicize","Power Through","Impervious","Dropkick+1","Inflame+1","Disarm+1","Ghostly Armor+1","Metallicize","Inflame+1","Metallicize+1","True Grit+1","Shockwave+1","Shrug It Off","Exhume","Warcry","Fiend Fire","Armaments+1","Power Through","Berserk+1","True Grit+1","Sword Boomerang+1","Battle Trance","Panache+1","Panache+1","Shockwave+1","Infernal Blade+1","Sword Boomerang+1","Battle Trance+1","Dual Wield+1","Feel No Pain+1","Feel No Pain+1","Flame Barrier","Flame Barrier+1"],"relics":["Burning Blood","WarpedTongs","Bloody Idol","Art of War","War Paint","Magic Flower","Bag of Marbles","Shuriken","Anchor","Coffee Dripper","FossilizedHelix","Meat on the Bone","Frozen Egg 2","Ornamental Fan","Bronze Scales","Tiny Chest","Pandora\u0027s Box","Mummified Hand","Oddly Smooth Stone","Gremlin Horn","Molten Egg 2","Membership Card","Paper Frog","Whetstone"],"potions_floor_usage":[3,16,18,19,20,23,23,41,50,54,55,55],"damage_taken":[{"damage":5,"enemies":"Small Slimes","floor":1,"turns":4},{"damage":0,"enemies":"Cultist","floor":3,"turns":2},{"damage":3,"enemies":"2 Louse","floor":4,"turns":2},{"damage":32,"enemies":"Gremlin Nob","floor":6,"turns":5},{"damage":3,"enemies":"Large Slime","floor":11,"turns":5},{"damage":5,"enemies":"3 Sentries","floor":14,"turns":9},{"damage":27,"enemies":"Hexaghost","floor":16,"turns":10},{"damage":0,"enemies":"Chosen","floor":18,"turns":5},{"damage":2,"enemies":"Spheric Guardian","floor":19,"turns":5},{"damage":0,"enemies":"Colosseum Slavers","floor":20,"turns":5},{"damage":20,"enemies":"Colosseum Nobs","floor":20,"turns":5},{"damage":0,"enemies":"Snecko","floor":21,"turns":5},{"damage":0,"enemies":"Snake Plant","floor":22,"turns":5},{"damage":6,"enemies":"Gremlin Leader","floor":23,"turns":9},{"damage":0,"enemies":"Book of Stabbing","floor":25,"turns":7},{"damage":0,"enemies":"Cultist and Chosen","floor":30,"turns":6},{"damage":0,"enemies":"Gremlin Leader","floor":31,"turns":7},{"damage":0,"enemies":"Champ","floor":33,"turns":12},{"damage":0,"enemies":"Orb Walker","floor":35,"turns":4},{"damage":0,"enemies":"Giant Head","floor":40,"turns":9},{"damage":0,"enemies":"3 Shapes","floor":41,"turns":4},{"damage":0,"enemies":"Nemesis","floor":42,"turns":9},{"damage":0,"enemies":"Giant Head","floor":44,"turns":6},{"damage":0,"enemies":"Transient","floor":46,"turns":5},{"damage":16,"enemies":"3 Darklings","floor":47,"turns":3},{"damage":0,"enemies":"Sphere and 2 Shapes","floor":48,"turns":3},{"damage":0,"enemies":"Time Eater","floor":50,"turns":8},{"damage":0,"enemies":"Shield and Spear","floor":54,"turns":5},{"damage":57,"enemies":"The Heart","floor":55,"turns":9}],"seed_played":"-3088529591135075170","potions_obtained":[{"floor":1,"key":"FearPotion"},{"floor":3,"key":"LiquidBronze"},{"floor":6,"key":"GamblersBrew"},{"floor":14,"key":"SteroidPotion"},{"floor":16,"key":"Explosive Potion"},{"floor":18,"key":"PowerPotion"},{"floor":20,"key":"BloodPotion"},{"floor":21,"key":"AttackPotion"},{"floor":22,"key":"PowerPotion"},{"floor":33,"key":"Dexterity Potion"},{"floor":40,"key":"BloodPotion"},{"floor":42,"key":"PowerPotion"},{"floor":54,"key":"Energy Potion"}],"is_trial":false,"path_per_floor":["M","?","M","M","?","E","R","?","T","?","M","$","T","E","R","B",null,"M","M","?","M","M","E","R","E","T","R","$","?","M","E","R","B",null,"M","$","?","?","?","E","M","E","T","E","R","M","M","M","R","B",null,"R","$","E","B",null],"character_chosen":"IRONCLAD","items_purchased":["Bag of Marbles","Metallicize+1","True Grit","Bronze Scales","Membership Card","Paper Frog","Feel No Pain+1","Flame Barrier","EssenceOfSteel"],"campfire_rested":1,"item_purchase_floors":[12,28,28,28,53,53,53,53,53],"current_hp_per_floor":[73,73,79,82,58,32,32,13,13,13,19,19,19,23,51,33,96,96,96,85,94,96,96,96,96,96,96,96,96,96,96,96,96,96,96,96,96,86,86,96,96,96,96,96,96,96,94,96,96,96,96,96,96,96,62],"gold":99,"neow_bonus":"TWENTY_PERCENT_HP_BONUS","is_prod":false,"is_daily":false,"chose_seed":false,"campfire_upgraded":6,"win_rate":0,"timestamp":1551854975,"path_taken":["M","?","M","?","?","E","R","?","T","?","?","$","?","E","R","BOSS","M","M","?","M","M","E","R","E","T","R","$","?","M","E","R","BOSS","M","$","?","?","?","E","M","E","T","E","R","?","M","M","R","BOSS","R","$","E","BOSS"],"build_version":"2019-01-23","purchased_purges":2,"victory":true,"max_hp_per_floor":[96,96,96,96,96,96,96,96,96,96,96,96,96,96,96,96,96,96,96,96,96,96,96,96,96,96,96,96,96,96,96,96,96,96,96,96,96,96,96,96,96,96,96,96,96,96,96,96,96,96,96,96,96,96,96],"card_choices":[{"not_picked":["Bloodletting","Pummel"],"picked":"Sword Boomerang","floor":1},{"not_picked":["Thunderclap","Sword Boomerang"],"picked":"Flex","floor":3},{"not_picked":["Pommel Strike","Warcry"],"picked":"True Grit","floor":4},{"not_picked":["Burning Pact","Thunderclap","Seeing Red"],"picked":"SKIP","floor":6},{"not_picked":["Iron Wave","Havoc"],"picked":"Metallicize","floor":11},{"not_picked":["Combust","Blood for Blood"],"picked":"Power Through","floor":14},{"not_picked":["Dark Embrace","Barricade"],"picked":"Impervious","floor":16},{"not_picked":["Anger","Perfected Strike+1"],"picked":"Dropkick","floor":18},{"not_picked":["Clothesline","Clash"],"picked":"Inflame+1","floor":19},{"not_picked":["Sword Boomerang+1","Cleave+1"],"picked":"Disarm+1","floor":20},{"not_picked":["Heavy Blade","Twin Strike"],"picked":"Ghostly Armor+1","floor":21},{"not_picked":["Corruption","Cleave"],"picked":"Metallicize","floor":22},{"not_picked":["Anger+1","Juggernaut","Armaments"],"picked":"SKIP","floor":23},{"not_picked":["Thunderclap","Flex"],"picked":"Inflame+1","floor":25},{"not_picked":["Cleave","Wild Strike+1"],"picked":"Shockwave","floor":30},{"not_picked":["Clash","Uppercut"],"picked":"Shrug It Off","floor":31},{"not_picked":["Brutality+1","Reaper"],"picked":"Exhume","floor":33},{"not_picked":["Infernal Blade","Thunderclap","Havoc"],"picked":"SKIP","floor":35},{"not_picked":["Dark Shackles","Purity"],"picked":"Panache+1","floor":38},{"not_picked":["Dramatic Entrance","Mayhem+1"],"picked":"Panache+1","floor":38},{"not_picked":["Sword Boomerang+1","Intimidate+1"],"picked":"Shockwave+1","floor":40},{"not_picked":["Cleave","Body Slam+1","Havoc+1"],"picked":"SKIP","floor":41},{"not_picked":["True Grit","Infernal Blade+1","Double Tap"],"picked":"SKIP","floor":42},{"not_picked":["True Grit","Double Tap"],"picked":"Infernal Blade+1","floor":42},{"not_picked":["Intimidate+1","Sword Boomerang","Seeing Red+1"],"picked":"SKIP","floor":44},{"not_picked":["Intimidate+1","Seeing Red+1"],"picked":"Sword Boomerang","floor":44},{"not_picked":["Cleave+1","Clothesline+1"],"picked":"Battle Trance+1","floor":46},{"not_picked":["Combust+1","Headbutt+1"],"picked":"Dual Wield+1","floor":47},{"not_picked":["Iron Wave+1","Shrug It Off+1"],"picked":"Feel No Pain+1","floor":48},{"not_picked":["Warcry+1","Disarm+1"],"picked":"Flame Barrier+1","floor":54}],"player_experience":785326,"relics_obtained":[{"floor":6,"key":"Art of War"},{"floor":9,"key":"War Paint"},{"floor":13,"key":"Shuriken"},{"floor":14,"key":"Anchor"},{"floor":20,"key":"FossilizedHelix"},{"floor":20,"key":"Meat on the Bone"},{"floor":23,"key":"Frozen Egg 2"},{"floor":25,"key":"Ornamental Fan"},{"floor":31,"key":"Tiny Chest"},{"floor":40,"key":"Mummified Hand"},{"floor":42,"key":"Oddly Smooth Stone"},{"floor":43,"key":"Gremlin Horn"},{"floor":44,"key":"Molten Egg 2"},{"floor":54,"key":"Whetstone"}],"event_choices":[{"damage_healed":0,"gold_gain":0,"player_choice":"Rummage","damage_taken":0,"relics_obtained":["WarpedTongs"],"max_hp_gain":0,"max_hp_loss":0,"event_name":"Accursed Blacksmith","floor":2,"gold_loss":0,"cards_obtained":["Pain"]},{"damage_healed":0,"gold_gain":0,"player_choice":"Take Damage","damage_taken":24,"relics_obtained":["Golden Idol"],"max_hp_gain":0,"max_hp_loss":0,"event_name":"Golden Idol","floor":5,"gold_loss":0},{"damage_healed":0,"gold_gain":0,"player_choice":"Entered Light","damage_taken":19,"max_hp_gain":0,"max_hp_loss":0,"event_name":"Shining Light","floor":8,"gold_loss":0,"cards_upgraded":["Strike_R","Sword Boomerang"]},{"damage_healed":0,"gold_gain":0,"player_choice":"Gave Potion","damage_taken":0,"relics_obtained":["Magic Flower"],"max_hp_gain":0,"max_hp_loss":0,"event_name":"WeMeetAgain","floor":10,"gold_loss":0},{"damage_healed":0,"gold_gain":0,"player_choice":"Fight","damage_taken":0,"max_hp_gain":0,"max_hp_loss":0,"event_name":"Colosseum","floor":20,"gold_loss":0},{"damage_healed":0,"gold_gain":0,"player_choice":"Fought Nobs","damage_taken":0,"max_hp_gain":0,"max_hp_loss":0,"event_name":"Colosseum","floor":20,"gold_loss":0},{"damage_healed":0,"gold_gain":0,"player_choice":"Gave Idol","damage_taken":0,"relics_obtained":["Bloody Idol"],"max_hp_gain":0,"max_hp_loss":0,"event_name":"Forgotten Altar","floor":29,"relics_lost":["Golden Idol"],"gold_loss":0},{"damage_healed":0,"gold_gain":0,"player_choice":"Ignored","damage_taken":0,"max_hp_gain":0,"max_hp_loss":0,"event_name":"Tomb of Lord Red Mask","floor":37,"gold_loss":0},{"damage_healed":0,"gold_gain":0,"player_choice":"Memory 3","damage_taken":10,"max_hp_gain":0,"max_hp_loss":0,"event_name":"SensoryStone","floor":38,"gold_loss":0},{"cards_removed":["Infernal Blade"],"damage_healed":0,"gold_gain":0,"player_choice":"Removed Skill","damage_taken":0,"max_hp_gain":0,"max_hp_loss":0,"event_name":"Falling","floor":39,"gold_loss":0}],"is_beta":false,"boss_relics":[{"not_picked":["Busted Crown","Runic Pyramid"],"picked":"Coffee Dripper"},{"not_picked":["Lizard Tail","White Beast Statue"],"picked":"Pandora\u0027s Box"}],"items_purged_floors":[12,53],"is_endless":false,"potions_floor_spawned":[1,3,6,14,16,18,20,21,22,33,40,42,47,54],"ascension_level":1}