{"gold_per_floor":[118,118,118,135,155,169,200,200,253,253,272,302,331,347,347,445,445,455,455,465,465,465,494,494,494,546,546,38,38,1,21,21,125,125,136,152,206,206,220,220,237,247,247,247,262,276,276,293,293,293],"floor_reached":51,"playtime":9923,"items_purged":["Strike_R"],"score":687,"play_id":"a1465f52-e215-4e48-8e3d-d1f108c068e2","local_time":"20190416233134","is_ascension_mode":true,"campfire_choices":[{"data":"Inflame","floor":8,"key":"SMITH"},{"data":"Heavy Blade","floor":15,"key":"SMITH"},{"data":"Rampage","floor":24,"key":"SMITH"},{"data":"Heavy Blade","floor":29,"key":"SMITH"},{"floor":32,"key":"REST"},{"data":"Metallicize","floor":40,"key":"SMITH"},{"floor":44,"key":"REST"},{"data":"Inflame","floor":49,"key":"SMITH"}],"neow_cost":"NONE","seed_source_timestamp":365072640198700,"circlet_count":0,"master_deck":["Strike_R","Strike_R+1","Defend_R+1","Defend_R","Defend_R","Bash","Inflame+1","Anger","Burning Pact","Heavy Blade+1","Heavy Blade+1","Rampage+1","Corruption","Twin Strike","Fiend Fire","Clothesline","True Grit","Feel No Pain","Second Wind","Metallicize+1","Juggernaut","Second Wind+1","Clothesline+1","Pommel Strike+1","Warcry+1","Inflame+1"],"relics":["Burning Blood","NeowsBlessing","Bottled Tornado","Pen Nib","Bag of Preparation","Juzu Bracelet","Velvet Choker","Nloth\u0027s Gift","Pocketwatch","Boot","Question Card","Red Skull","Thread and Needle","Mark of Pain","Bird Faced Urn","Vajra"],"potions_floor_usage":[16,16,16,33,33,39,46,50,50],"damage_taken":[{"damage":0,"enemies":"Cultist","floor":1,"turns":1},{"damage":0,"enemies":"2 Louse","floor":4,"turns":1},{"damage":0,"enemies":"Small Slimes","floor":5,"turns":1},{"damage":8,"enemies":"Red Slaver","floor":6,"turns":3},{"damage":18,"enemies":"Lagavulin","floor":7,"turns":5},{"damage":0,"enemies":"Exordium Wildlife","floor":11,"turns":2},{"damage":14,"enemies":"Gremlin Nob","floor":12,"turns":3},{"damage":5,"enemies":"The Mushroom Lair","floor":13,"turns":3},{"damage":12,"enemies":"Blue Slaver","floor":14,"turns":2},{"damage":34,"enemies":"Hexaghost","floor":16,"turns":6},{"damage":10,"enemies":"3 Byrds","floor":18,"turns":4},{"damage":5,"enemies":"Chosen","floor":20,"turns":2},{"damage":55,"enemies":"Slavers","floor":23,"turns":6},{"damage":5,"enemies":"3 Cultists","floor":31,"turns":4},{"damage":46,"enemies":"Automaton","floor":33,"turns":5},{"damage":27,"enemies":"3 Darklings","floor":35,"turns":5},{"damage":3,"enemies":"3 Shapes","floor":36,"turns":5},{"damage":38,"enemies":"2 Orb Walkers","floor":37,"turns":4},{"damage":2,"enemies":"Transient","floor":39,"turns":5},{"damage":27,"enemies":"4 Shapes","floor":41,"turns":3},{"damage":0,"enemies":"Maw","floor":42,"turns":4},{"damage":13,"enemies":"Spire Growth","floor":45,"turns":3},{"damage":7,"enemies":"Writhing Mass","floor":46,"turns":2},{"damage":11,"enemies":"Jaw Worm Horde","floor":48,"turns":4},{"damage":48,"enemies":"Donu and Deca","floor":50,"turns":7}],"seed_played":"-4710792846869460089","potions_obtained":[{"floor":1,"key":"Regen Potion"},{"floor":5,"key":"Poison Potion"},{"floor":11,"key":"Fire Potion"},{"floor":14,"key":"SteroidPotion"},{"floor":18,"key":"SteroidPotion"},{"floor":31,"key":"Energy Potion"},{"floor":33,"key":"Swift Potion"},{"floor":35,"key":"BloodPotion"},{"floor":39,"key":"Energy Potion"},{"floor":42,"key":"Poison Potion"},{"floor":45,"key":"LiquidBronze"},{"floor":48,"key":"EssenceOfSteel"}],"is_trial":false,"path_per_floor":["M","?","?","M","M","M","E","R","T","?","M","E","?","M","R","B",null,"M","?","M","?","?","E","R","?","T","T","$","R","$","M","R","B",null,"M","M","?","?","M","R","M","M","T","R","M","M","?","M","R","B",null],"character_chosen":"IRONCLAD","items_purchased":["Red Skull","Thread and Needle","Metallicize"],"campfire_rested":2,"item_purchase_floors":[28,28,30],"current_hp_per_floor":[80,64,64,70,76,74,62,62,62,59,65,57,58,52,52,39,80,76,76,77,77,77,28,28,28,28,28,28,28,28,29,53,13,80,59,62,30,30,38,38,21,33,33,55,54,57,57,62,62,30],"gold":293,"neow_bonus":"THREE_ENEMY_KILL","is_prod":false,"is_daily":false,"chose_seed":false,"campfire_upgraded":6,"win_rate":0,"timestamp":1555471894,"path_taken":["M","?","?","?","M","M","E","R","T","?","M","E","?","M","R","BOSS","M","?","M","?","?","E","R","?","T","?","$","R","$","M","R","BOSS","M","M","?","?","M","R","M","M","T","R","M","M","?","M","R","BOSS"],"build_version":"2019-01-23","purchased_purges":1,"victory":true,"max_hp_per_floor":[80,80,80,80,80,80,80,80,80,80,80,80,80,80,80,80,80,80,80,80,80,80,80,80,80,80,80,80,80,80,80,80,80,80,80,80,80,76,76,76,76,76,76,76,76,76,76,76,76,76],"card_choices":[{"not_picked":["Armaments","Disarm"],"picked":"Inflame","floor":1},{"not_picked":["Searing Blow","Warcry"],"picked":"Anger","floor":4},{"not_picked":["Cleave","Entrench","Bloodletting"],"picked":"SKIP","floor":5},{"not_picked":["Intimidate","Body Slam"],"picked":"Burning Pact","floor":6},{"not_picked":["Iron Wave","Pommel Strike"],"picked":"Heavy Blade","floor":7},{"not_picked":["Flex","Cleave"],"picked":"Heavy Blade","floor":11},{"not_picked":["Barricade","Twin Strike"],"picked":"Rampage","floor":12},{"not_picked":["Body Slam","Perfected Strike"],"picked":"Corruption","floor":13},{"not_picked":["Cleave","Clash"],"picked":"Twin Strike","floor":14},{"not_picked":["Brutality","Juggernaut"],"picked":"Fiend Fire","floor":16},{"not_picked":["Power Through","Perfected Strike+1"],"picked":"Clothesline","floor":18},{"not_picked":["Twin Strike","Combust"],"picked":"True Grit","floor":20},{"not_picked":["Clothesline","Armaments"],"picked":"Second Wind","floor":23},{"not_picked":["Rampage","Warcry","Sword Boomerang","Armaments"],"picked":"SKIP","floor":31},{"not_picked":["Double Tap","Bludgeon","Impervious"],"picked":"Juggernaut","floor":33},{"not_picked":["Clash","Perfected Strike+1","Dual Wield"],"picked":"Second Wind+1","floor":35},{"not_picked":["Rampage+1","Anger","Body Slam"],"picked":"Clothesline+1","floor":36},{"not_picked":["Infernal Blade","Headbutt","Flex"],"picked":"Pommel Strike+1","floor":37},{"not_picked":["Fiend Fire","Hemokinesis+1","Anger"],"picked":"Warcry+1","floor":39},{"not_picked":["Bludgeon","Hemokinesis","Anger"],"picked":"Inflame","floor":41},{"not_picked":["Warcry+1","Corruption","Iron Wave+1","Intimidate+1"],"picked":"SKIP","floor":42},{"not_picked":["Uppercut+1","Pommel Strike","Iron Wave+1","True Grit"],"picked":"SKIP","floor":45},{"not_picked":["Armaments","Sword Boomerang+1","Juggernaut","Warcry+1"],"picked":"SKIP","floor":46},{"not_picked":["Blood for Blood","Thunderclap+1","Shrug It Off","Flex"],"picked":"SKIP","floor":48}],"player_experience":49067,"relics_obtained":[{"floor":7,"key":"Bottled Tornado"},{"floor":9,"key":"Pen Nib"},{"floor":12,"key":"Juzu Bracelet"},{"floor":13,"key":"Odd Mushroom"},{"floor":23,"key":"Pocketwatch"},{"floor":26,"key":"Boot"},{"floor":27,"key":"Question Card"},{"floor":37,"key":"Bird Faced Urn"},{"floor":43,"key":"Vajra"}],"event_choices":[{"damage_healed":0,"gold_gain":0,"player_choice":"Entered Light","damage_taken":16,"max_hp_gain":0,"max_hp_loss":0,"event_name":"Shining Light","floor":2,"gold_loss":0,"cards_upgraded":["Strike_R","Defend_R"]},{"cards_removed":["Defend_R"],"damage_healed":0,"gold_gain":0,"player_choice":"Offered Basic","damage_taken":0,"max_hp_gain":0,"max_hp_loss":0,"event_name":"Bonfire Elementals","floor":3,"gold_loss":0},{"damage_healed":0,"gold_gain":0,"player_choice":"Success","damage_taken":3,"relics_obtained":["Bag of Preparation"],"max_hp_gain":0,"max_hp_loss":0,"event_name":"Scrap Ooze","floor":10,"gold_loss":0},{"damage_healed":0,"gold_gain":0,"player_choice":"Fought Mushrooms","damage_taken":0,"max_hp_gain":0,"max_hp_loss":0,"event_name":"Mushrooms","floor":13,"gold_loss":0},{"cards_removed":["Strike_R"],"damage_healed":0,"gold_gain":0,"player_choice":"Purged","damage_taken":0,"max_hp_gain":0,"max_hp_loss":0,"event_name":"Purifier","floor":19,"gold_loss":0},{"damage_healed":0,"gold_gain":0,"player_choice":"Read","damage_taken":0,"max_hp_gain":0,"max_hp_loss":0,"event_name":"The Library","floor":21,"gold_loss":0,"cards_obtained":["Feel No Pain"]},{"damage_healed":0,"gold_gain":0,"player_choice":"Traded Relic","damage_taken":0,"relics_obtained":["Nloth\u0027s Gift"],"max_hp_gain":0,"max_hp_loss":0,"event_name":"N\u0027loth","floor":22,"relics_lost":["Odd Mushroom"],"gold_loss":0},{"damage_healed":0,"gold_gain":0,"player_choice":"Ignored","damage_taken":0,"max_hp_gain":0,"max_hp_loss":0,"event_name":"Vampires","floor":25,"gold_loss":0},{"damage_healed":0,"gold_gain":0,"player_choice":"Fight","damage_taken":0,"max_hp_gain":0,"max_hp_loss":0,"event_name":"Mysterious Sphere","floor":37,"gold_loss":0},{"damage_healed":0,"gold_gain":0,"player_choice":"Max HP","damage_taken":0,"max_hp_gain":0,"max_hp_loss":4,"event_name":"Winding Halls","floor":38,"gold_loss":0},{"cards_removed":["Strike_R"],"damage_healed":0,"gold_gain":0,"player_choice":"Purged","damage_taken":0,"max_hp_gain":0,"max_hp_loss":0,"event_name":"Purifier","floor":47,"gold_loss":0}],"is_beta":false,"boss_relics":[{"not_picked":["Runic Pyramid","Fusion Hammer"],"picked":"Velvet Choker"},{"not_picked":["Philosopher\u0027s Stone","Eternal Feather"],"picked":"Mark of Pain"}],"items_purged_floors":[28],"is_endless":false,"potions_floor_spawned":[1,5,11,14,18,31,33,35,39,42,45,48],"ascension_level":1}