{"gold_per_floor":[111,126,145,245,257,288,288,315,363,379,379,23,33,48,48,145,145,155,167,167,167,179,235,235,89,89,107,122,136,112,131,131,233,233,246,598,621,638,39,72,72,106,106,121,121,150,168,181,181,181],"floor_reached":51,"playtime":2461,"items_purged":[],"score":978,"play_id":"96f31062-6069-45af-bd35-fd18afd1133a","local_time":"20180808171138","is_ascension_mode":true,"campfire_choices":[{"data":"Cleave","floor":7,"key":"SMITH"},{"floor":15,"key":"REST"},{"floor":24,"key":"REST"},{"data":"Flex","floor":32,"key":"SMITH"},{"floor":41,"key":"REST"},{"data":"Demon Form","floor":45,"key":"SMITH"},{"floor":49,"key":"REST"}],"neow_cost":"NONE","seed_source_timestamp":196133782709871,"circlet_count":0,"master_deck":["Strike_R+1","Strike_R+1","Strike_R+1","Strike_R+1","Strike_R+1","Defend_R+1","Defend_R+1","Defend_R+1","Defend_R+1","Bash+1","Cleave+1","Thunderclap+1","Heavy Blade","Seeing Red","Immolate","Battle Trance","Clothesline+1","Flex+1","Flex+1","Demon Form+1","Inflame","Writhe","Trip","Heavy Blade+1","Writhe","Iron Wave+1","Flex+1"],"relics":["Black Blood","NeowsBlessing","Regal Pillow","Self Forming Clay","Potion Belt","Vajra","Pen Nib","Enchiridion","Tiny Chest","Dream Catcher","Singing Bowl","Cursed Key","Old Coin","Strawberry","ClockworkSouvenir","Whetstone","Centennial Puzzle","Pantograph","Molten Egg 2","Boot"],"potions_floor_usage":[8,13,16,18,23,33,33,35,36,38,40,40,42,44,46,50],"damage_taken":[{"damage":0,"enemies":"2 Louse","floor":1,"turns":1},{"damage":0,"enemies":"Cultist","floor":2,"turns":1},{"damage":0,"enemies":"Small Slimes","floor":3,"turns":1},{"damage":20,"enemies":"2 Fungi Beasts","floor":5,"turns":4},{"damage":27,"enemies":"Gremlin Nob","floor":6,"turns":4},{"damage":39,"enemies":"Lagavulin","floor":8,"turns":8},{"damage":10,"enemies":"Lots of Slimes","floor":10,"turns":2},{"damage":4,"enemies":"Exordium Thugs","floor":13,"turns":4},{"damage":0,"enemies":"Large Slime","floor":14,"turns":2},{"damage":0,"enemies":"Slime Boss","floor":16,"turns":5},{"damage":6,"enemies":"Spheric Guardian","floor":18,"turns":3},{"damage":7,"enemies":"3 Byrds","floor":19,"turns":3},{"damage":30,"enemies":"Slaver and Parasite","floor":22,"turns":6},{"damage":29,"enemies":"Gremlin Leader","floor":23,"turns":6},{"damage":11,"enemies":"Centurion and Healer","floor":27,"turns":4},{"damage":10,"enemies":"Snecko","floor":28,"turns":3},{"damage":4,"enemies":"Cultist and Chosen","floor":29,"turns":4},{"damage":15,"enemies":"Snake Plant","floor":31,"turns":3},{"damage":59,"enemies":"Champ","floor":33,"turns":9},{"damage":21,"enemies":"Flame Bruiser 1 Orb","floor":35,"turns":5},{"damage":11,"floor":36,"turns":4},{"damage":28,"enemies":"3 Darklings","floor":38,"turns":5},{"damage":30,"enemies":"2 Orb Walkers","floor":40,"turns":3},{"damage":32,"enemies":"Nemesis","floor":42,"turns":5},{"damage":10,"enemies":"Maw","floor":44,"turns":5},{"damage":49,"enemies":"Giant Head","floor":46,"turns":6},{"damage":15,"enemies":"Sphere and 2 Shapes","floor":47,"turns":3},{"damage":8,"enemies":"4 Shapes","floor":48,"turns":3},{"damage":80,"enemies":"Donu and Deca","floor":50,"turns":7}],"seed_played":"8088061108937472167","potions_obtained":[{"floor":1,"key":"SpeedPotion"},{"floor":5,"key":"Ancient Potion"},{"floor":13,"key":"SteroidPotion"},{"floor":16,"key":"Fire Potion"},{"floor":19,"key":"LiquidBronze"},{"floor":22,"key":"GamblersBrew"},{"floor":29,"key":"Regen Potion"},{"floor":33,"key":"Explosive Potion"},{"floor":36,"key":"SpeedPotion"},{"floor":38,"key":"LiquidBronze"},{"floor":40,"key":"Regen Potion"},{"floor":42,"key":"EssenceOfSteel"},{"floor":46,"key":"Weak Potion"}],"is_trial":false,"path_per_floor":["M","M","M","?","M","E","R","E","T","M","?","$","M","M","R","B",null,"M","M","?","?","M","E","R","$","T","M","M","M","$","M","R","B",null,"M","?","T","M","$","E","R","E","T","M","R","E","M","M","R","B"],"character_chosen":"IRONCLAD","items_purchased":["Vajra","Pen Nib","Block Potion","Dream Catcher","Flex","ClockworkSouvenir","Whetstone","Trip","Regen Potion","LiquidBronze"],"campfire_rested":4,"item_purchase_floors":[12,12,12,25,30,39,39,39,39,39],"current_hp_per_floor":[80,80,80,80,66,45,45,12,12,8,8,8,10,16,55,61,80,80,80,80,64,44,25,64,64,64,65,67,75,75,70,70,35,86,77,76,83,67,67,54,100,78,78,85,85,46,43,45,93,37],"gold":181,"neow_bonus":"THREE_ENEMY_KILL","is_prod":false,"is_daily":false,"chose_seed":false,"campfire_upgraded":3,"win_rate":0,"timestamp":1533741098,"path_taken":["M","M","M","?","M","E","R","E","T","M","?","$","M","?","R","BOSS","M","M","?","?","M","E","R","$","T","M","M","M","$","M","R","BOSS","M","?","?","?","?","E","R","E","T","M","R","E","?","M","R","BOSS"],"build_version":"2018-08-02","purchased_purges":0,"victory":true,"max_hp_per_floor":[80,80,80,80,80,80,80,80,80,80,80,80,80,80,80,80,80,80,80,80,80,80,80,80,80,80,82,84,86,86,86,86,86,86,88,88,95,97,97,99,101,101,101,103,103,103,105,105,107,107],"card_choices":[{"not_picked":["Intimidate","Headbutt","Body Slam"],"picked":"SKIP","floor":1},{"not_picked":["Clothesline","Wild Strike"],"picked":"Cleave","floor":2},{"not_picked":["Corruption","Pummel"],"picked":"Thunderclap","floor":3},{"not_picked":["Metallicize","True Grit"],"picked":"Heavy Blade","floor":5},{"not_picked":["True Grit","Burning Pact","Armaments"],"picked":"SKIP","floor":6},{"not_picked":["Feel No Pain","Headbutt"],"picked":"Seeing Red","floor":8},{"not_picked":["Wild Strike","Entrench","True Grit"],"picked":"SKIP","floor":10},{"not_picked":["Blood for Blood","Pommel Strike","Double Tap"],"picked":"SKIP","floor":13},{"not_picked":["Armaments","Anger","Feel No Pain"],"picked":"SKIP","floor":14},{"not_picked":["Offering","Juggernaut"],"picked":"Immolate","floor":16},{"not_picked":["Battle Trance","Warcry","Wild Strike"],"picked":"SKIP","floor":18},{"not_picked":["Warcry","Wild Strike"],"picked":"Battle Trance","floor":18},{"not_picked":["Ghostly Armor","Heavy Blade","Perfected Strike"],"picked":"SKIP","floor":19},{"not_picked":["Clash","Feel No Pain","Havoc"],"picked":"SKIP","floor":22},{"not_picked":["Brutality","Warcry+1"],"picked":"Clothesline+1","floor":23},{"not_picked":["Cleave","Shrug It Off","Spot Weakness"],"picked":"Singing Bowl","floor":27},{"not_picked":["Feel No Pain","Infernal Blade","Warcry+1"],"picked":"Singing Bowl","floor":28},{"not_picked":["Fire Breathing","Ghostly Armor","Havoc"],"picked":"Singing Bowl","floor":29},{"not_picked":["Clash+1","Ghostly Armor+1"],"picked":"Flex+1","floor":31},{"not_picked":["Berserk","Brutality"],"picked":"Demon Form","floor":33},{"not_picked":["Wild Strike","Shrug It Off+1","Pummel"],"picked":"Singing Bowl","floor":35},{"not_picked":["Ghostly Armor+1","Heavy Blade+1"],"picked":"Inflame","floor":36},{"not_picked":["Power Through+1","Feel No Pain","Clothesline+1"],"picked":"Singing Bowl","floor":38},{"not_picked":["Exhume","Corruption+1","Dual Wield"],"picked":"Singing Bowl","floor":40},{"not_picked":["Carnage","Pommel Strike+1","Headbutt"],"picked":"Singing Bowl","floor":41},{"not_picked":["Perfected Strike+1","Feel No Pain+1"],"picked":"Heavy Blade+1","floor":42},{"not_picked":["Power Through","Thunderclap+1","Body Slam+1"],"picked":"Singing Bowl","floor":44},{"not_picked":["True Grit","Twin Strike+1"],"picked":"Iron Wave+1","floor":46},{"not_picked":["Metallicize+1","Clash+1","Twin Strike+1"],"picked":"Singing Bowl","floor":47},{"not_picked":["Twin Strike+1","Body Slam+1"],"picked":"Flex+1","floor":48},{"not_picked":["Rage","Burning Pact","Dropkick+1"],"picked":"Singing Bowl","floor":49}],"player_experience":243607,"relics_obtained":[{"floor":6,"key":"Regal Pillow"},{"floor":8,"key":"Self Forming Clay"},{"floor":9,"key":"Potion Belt"},{"floor":21,"key":"Enchiridion"},{"floor":23,"key":"Tiny Chest"},{"floor":26,"key":"Singing Bowl"},{"floor":36,"key":"Old Coin"},{"floor":37,"key":"Strawberry"},{"floor":40,"key":"Centennial Puzzle"},{"floor":42,"key":"Pantograph"},{"floor":43,"key":"Molten Egg 2"},{"floor":46,"key":"Boot"}],"event_choices":[{"event_name":"Golden Shrine","player_choice":"Pray","floor":4,"damage_taken":0},{"event_name":"Dead Adventurer","player_choice":"Searched \u00270\u0027 times","floor":11,"damage_taken":0},{"event_name":"Back to Basics","player_choice":"Simplicity","floor":20,"damage_taken":0},{"event_name":"Cursed Tome","player_choice":"Obtained Book","floor":21,"damage_taken":0},{"event_name":"Mysterious Sphere","player_choice":"Fight","floor":36,"damage_taken":0}],"is_beta":false,"boss_relics":[{"not_picked":["Black Star","Snecko Eye"],"picked":"Black Blood"},{"not_picked":["Velvet Choker","Astrolabe"],"picked":"Cursed Key"}],"items_purged_floors":[],"is_endless":false,"potions_floor_spawned":[1,5,13,16,19,22,29,33,36,38,40,42,46],"ascension_level":2}