{"gold_per_floor":[115,115,115,151,163,175,212,224,236,289,140,290,88,30,30,121,121,140,140,164,183,133,133,156,156,225,266,266],"floor_reached":28,"playtime":1787,"items_purged":["Doubt","Strike_G"],"score":410,"play_id":"689e7cfb-5f54-43fe-8e7d-36a516e50219","local_time":"20190427040558","is_ascension_mode":true,"campfire_choices":[{"data":"Survivor","floor":6,"key":"SMITH"},{"data":"Acrobatics","floor":8,"key":"SMITH"},{"data":"Footwork","floor":15,"key":"SMITH"},{"floor":23,"key":"REST"},{"floor":25,"key":"REST"}],"neow_cost":"NONE","seed_source_timestamp":44687312631217,"circlet_count":0,"master_deck":["AscendersBane","Defend_G","Defend_G","Defend_G","Defend_G","Defend_G","Strike_G","Strike_G","Strike_G","Strike_G","Survivor+1","Neutralize+1","Acrobatics+1","Adrenaline","Noxious Fumes","Noxious Fumes","Footwork+1","Footwork","Flying Knee","Dagger Throw","Flying Knee","All Out Attack","Quick Slash","PiercingWail"],"relics":["Ring of the Snake","Golden Idol","MawBank","The Courier","Bottled Flame","Membership Card","Busted Crown","Matryoshka","Tingsha"],"potions_floor_usage":[10,16,16,18,27,27],"damage_taken":[{"damage":2,"enemies":"Cultist","floor":1,"turns":4},{"damage":0,"enemies":"2 Louse","floor":4,"turns":3},{"damage":0,"enemies":"Jaw Worm","floor":7,"turns":4},{"damage":38,"enemies":"Gremlin Nob","floor":10,"turns":6},{"damage":9,"enemies":"The Guardian","floor":16,"turns":11},{"damage":9,"enemies":"2 Thieves","floor":18,"turns":5},{"damage":8,"enemies":"Spheric Guardian","floor":20,"turns":6},{"damage":10,"enemies":"Snake Plant","floor":21,"turns":6},{"damage":8,"enemies":"Shelled Parasite and Fungi","floor":24,"turns":8},{"damage":29,"enemies":"Slavers","floor":27,"turns":6},{"damage":8,"enemies":"3 Cultists","floor":28,"turns":4}],"seed_played":"-1465573011196183383","potions_obtained":[{"floor":4,"key":"Strength Potion"},{"floor":10,"key":"EntropicBrew"},{"floor":18,"key":"AttackPotion"},{"floor":21,"key":"FearPotion"}],"is_trial":false,"path_per_floor":["M","?","?","M","$","R","M","R","T","E","$","?","$","$","R","B",null,"M","?","M","M","$","R","M","R","T","E","M"],"character_chosen":"THE_SILENT","items_purchased":["Membership Card","Noxious Fumes","Noxious Fumes","Footwork","Footwork","Flying Knee","Dagger Throw","Flying Knee","All Out Attack","Quick Slash"],"campfire_rested":2,"item_purchase_floors":[11,13,13,13,13,13,13,13,13,14],"current_hp_per_floor":[57,57,57,57,57,57,57,57,57,19,19,19,19,19,19,10,48,39,30,22,12,12,30,22,40,40,11,3],"gold":266,"neow_bonus":"UPGRADE_CARD","is_prod":false,"is_daily":false,"chose_seed":false,"campfire_upgraded":3,"win_rate":0,"timestamp":1556348758,"path_taken":["M","?","?","?","$","R","M","R","T","E","$","?","?","$","R","BOSS","M","?","M","?","$","R","M","R","T","E","?"],"build_version":"2019-01-23","purchased_purges":2,"victory":false,"max_hp_per_floor":[66,60,60,60,60,60,60,60,60,60,60,60,60,60,60,60,60,60,60,60,60,60,60,60,60,60,60,60],"card_choices":[{"not_picked":["Prepared","PiercingWail"],"picked":"Quick Slash","floor":1},{"not_picked":["Underhanded Strike","Distraction","Prepared"],"picked":"SKIP","floor":4},{"not_picked":["Outmaneuver","Slice"],"picked":"Acrobatics","floor":7},{"not_picked":["Caltrops","Night Terror"],"picked":"Adrenaline","floor":10},{"not_picked":["Blade Dance"],"picked":"SKIP","floor":18},{"not_picked":["Sucker Punch"],"picked":"SKIP","floor":20},{"not_picked":["Tactician"],"picked":"SKIP","floor":21},{"not_picked":[],"picked":"PiercingWail","floor":24},{"not_picked":["Deadly Poison"],"picked":"SKIP","floor":27}],"player_experience":767861,"relics_obtained":[{"floor":9,"key":"The Courier"},{"floor":10,"key":"Bottled Flame"},{"floor":26,"key":"Matryoshka"},{"floor":27,"key":"Tingsha"}],"event_choices":[{"damage_healed":0,"gold_gain":0,"player_choice":"Lose Max HP","damage_taken":0,"relics_obtained":["Golden Idol"],"max_hp_gain":0,"max_hp_loss":6,"event_name":"Golden Idol","floor":2,"gold_loss":0},{"cards_removed":["Quick Slash"],"damage_healed":0,"gold_gain":0,"player_choice":"Gave Card","damage_taken":0,"relics_obtained":["MawBank"],"max_hp_gain":0,"max_hp_loss":0,"event_name":"WeMeetAgain","floor":3,"gold_loss":0},{"damage_healed":0,"gold_gain":150,"player_choice":"AGREE","damage_taken":0,"max_hp_gain":0,"max_hp_loss":0,"event_name":"Liars Game","floor":12,"gold_loss":0,"cards_obtained":["Doubt"]},{"damage_healed":0,"gold_gain":0,"player_choice":"Damaged","damage_taken":9,"max_hp_gain":0,"max_hp_loss":0,"event_name":"Wheel of Change","floor":19,"gold_loss":0}],"is_beta":false,"boss_relics":[{"not_picked":["HoveringKite","Calling Bell"],"picked":"Busted Crown"}],"items_purged_floors":[14,22],"is_endless":false,"potions_floor_spawned":[4,10,18,21],"killed_by":"3 Cultists","ascension_level":15}