{"gold_per_floor":[117,117,70,70,90,123,141,141,141,66,81,81,81,81,81,200,200,173,73,73,86,86,86],"floor_reached":23,"playtime":754,"items_purged":["Strike_R","Strike_R"],"score":187,"play_id":"4fc01675-b5d4-4752-bfb5-309e8d434879","local_time":"20190323001453","is_ascension_mode":false,"campfire_choices":[{"data":"1","floor":8,"key":"LIFT"},{"data":"2","floor":12,"key":"LIFT"},{"data":"3","floor":15,"key":"LIFT"}],"neow_cost":"PERCENT_DAMAGE","seed_source_timestamp":32028601360825,"circlet_count":0,"master_deck":["Defend_R","Defend_R","Defend_R","Defend_R","Bash","Flame Barrier","Iron Wave","Spot Weakness","Iron Wave","Iron Wave","Demon Form","Shockwave"],"special_seed":0,"relics":["Burning Blood","Girya","Champion Belt","Golden Idol","Empty Cage","Molten Egg 2","MutagenicStrength"],"potions_floor_usage":[18,18],"damage_taken":[{"damage":1,"enemies":"Cultist","floor":1,"turns":4},{"damage":2,"enemies":"2 Louse","floor":5,"turns":4},{"damage":32,"enemies":"Lagavulin","floor":6,"turns":11},{"damage":0,"enemies":"Jaw Worm","floor":7,"turns":4},{"damage":0,"enemies":"Looter","floor":11,"turns":3},{"damage":30,"enemies":"Hexaghost","floor":16,"turns":10},{"damage":20,"enemies":"2 Thieves","floor":18,"turns":5},{"damage":9,"enemies":"3 Byrds","floor":21,"turns":8},{"damage":62,"enemies":"Slavers","floor":23,"turns":7}],"seed_played":"6202523548511990087","potions_obtained":[{"floor":7,"key":"SteroidPotion"},{"floor":16,"key":"Poison Potion"},{"floor":21,"key":"Fire Potion"}],"is_trial":false,"path_per_floor":["M","?","$","?","M","E","M","R","T","$","M","R","?","?","R","B",null,"M","$","?","M","?","E"],"character_chosen":"IRONCLAD","items_purchased":["Iron Wave"],"campfire_rested":0,"item_purchase_floors":[3],"current_hp_per_floor":[61,54,54,54,58,32,38,38,38,38,44,44,44,49,49,25,79,65,65,65,62,62,0],"gold":86,"neow_bonus":"ONE_RARE_RELIC","is_prod":false,"is_daily":false,"chose_seed":false,"campfire_upgraded":0,"win_rate":0,"timestamp":1553310893,"path_taken":["M","?","$","?","M","E","M","R","T","$","?","R","?","?","R","BOSS","M","$","?","M","?","E"],"build_version":"2019-01-23","purchased_purges":2,"victory":false,"max_hp_per_floor":[80,80,80,80,80,80,80,80,80,80,80,80,74,79,79,79,79,79,79,79,79,79,79],"card_choices":[{"not_picked":["Flex","Inflame"],"picked":"Flame Barrier","floor":1},{"not_picked":["True Grit","Twin Strike"],"picked":"Spot Weakness","floor":5},{"not_picked":["Carnage","Burning Pact"],"picked":"Iron Wave","floor":6},{"not_picked":["Flex","Clash"],"picked":"Iron Wave","floor":7},{"not_picked":["Sever Soul","Body Slam","Anger"],"picked":"SKIP","floor":11},{"not_picked":["Offering","Brutality"],"picked":"Demon Form","floor":16},{"not_picked":["Rupture+1","Warcry+1"],"picked":"Shockwave","floor":18},{"not_picked":["Combust","Anger+1","Metallicize"],"picked":"SKIP","floor":21}],"player_experience":350035,"relics_obtained":[{"floor":6,"key":"Champion Belt"}],"event_choices":[{"cards_removed":["Strike_R"],"damage_healed":0,"gold_gain":0,"player_choice":"Card Removal","damage_taken":7,"max_hp_gain":0,"max_hp_loss":0,"event_name":"Golden Wing","floor":2,"gold_loss":0},{"damage_healed":0,"gold_gain":0,"player_choice":"Bought 0 Potions","damage_taken":0,"max_hp_gain":0,"max_hp_loss":0,"event_name":"The Woman in Blue","floor":4,"gold_loss":0},{"damage_healed":0,"gold_gain":0,"player_choice":"Lose Max HP","damage_taken":0,"relics_obtained":["Golden Idol"],"max_hp_gain":0,"max_hp_loss":6,"event_name":"Golden Idol","floor":13,"gold_loss":0},{"damage_healed":0,"gold_gain":0,"player_choice":"Donut","damage_taken":0,"max_hp_gain":5,"max_hp_loss":0,"event_name":"Big Fish","floor":14,"gold_loss":0},{"damage_healed":0,"gold_gain":0,"player_choice":"Opened","damage_taken":0,"relics_obtained":["Molten Egg 2"],"max_hp_gain":0,"max_hp_loss":0,"event_name":"The Mausoleum","floor":20,"gold_loss":0},{"damage_healed":0,"gold_gain":0,"player_choice":"Inject Mutagens","damage_taken":0,"relics_obtained":["MutagenicStrength"],"max_hp_gain":0,"max_hp_loss":0,"event_name":"Drug Dealer","floor":22,"gold_loss":0}],"is_beta":false,"boss_relics":[{"not_picked":["Pandora\u0027s Box","Runic Cube"],"picked":"Empty Cage"}],"items_purged_floors":[10,19],"is_endless":false,"potions_floor_spawned":[7,16,21],"killed_by":"Slavers","ascension_level":0}