{"gold_per_floor":[116,128,128,149,224,262,262,278,301,320,334,25,25],"floor_reached":13,"playtime":874,"items_purged":[],"score":122,"play_id":"c69e800c-973c-4817-9690-5e5cebe92f4a","local_time":"20180912133111","is_ascension_mode":true,"campfire_choices":[{"floor":7,"key":"REST"}],"neow_cost":"","seed_source_timestamp":671105130260028,"circlet_count":0,"master_deck":["Strike_R","Strike_R","Strike_R","Strike_R","Strike_R","Defend_R","Defend_R","Defend_R","Defend_R","Bash","Shrug It Off","Sword Boomerang","Warcry","Anger","Pommel Strike","Cleave","Madness"],"relics":["Burning Blood","Golden Idol","Omamori","Regal Pillow","Sling"],"potions_floor_usage":[6,8,13],"damage_taken":[{"damage":6,"enemies":"Jaw Worm","floor":1,"turns":5},{"damage":2,"enemies":"Cultist","floor":2,"turns":4},{"damage":0,"enemies":"Small Slimes","floor":4,"turns":3},{"damage":49,"enemies":"3 Sentries","floor":6,"turns":14},{"damage":19,"enemies":"Gremlin Gang","floor":8,"turns":5},{"damage":15,"enemies":"Exordium Thugs","floor":10,"turns":4},{"damage":8,"enemies":"3 Louse","floor":11,"turns":4},{"damage":11,"enemies":"Blue Slaver","floor":13,"turns":3}],"seed_played":"-2907550074601583360","potions_obtained":[{"floor":2,"key":"Swift Potion"},{"floor":6,"key":"Strength Potion"},{"floor":11,"key":"SteroidPotion"}],"is_trial":false,"path_per_floor":["M","M","?","M","?","E","R","M","T","M","M","$"],"character_chosen":"IRONCLAD","items_purchased":["Sling","Madness"],"campfire_rested":1,"item_purchase_floors":[12,12],"current_hp_per_floor":[72,76,56,62,51,8,32,19,19,10,8,8,0],"gold":25,"neow_bonus":"","is_prod":false,"is_daily":false,"chose_seed":false,"campfire_upgraded":0,"win_rate":0,"timestamp":1536751871,"path_taken":["M","M","?","M","?","E","R","?","T","M","M","?","M"],"build_version":"2018-09-06","purchased_purges":0,"victory":false,"max_hp_per_floor":[80,80,80,80,80,80,80,80,80,80,80,80,80],"card_choices":[{"not_picked":["Flex","Bloodletting"],"picked":"Shrug It Off","floor":1},{"not_picked":["Rage","Dual Wield"],"picked":"Sword Boomerang","floor":2},{"not_picked":["Pommel Strike","Rage"],"picked":"Warcry","floor":4},{"not_picked":["Dual Wield","Entrench","Power Through"],"picked":"SKIP","floor":6},{"not_picked":["Wild Strike","Sword Boomerang"],"picked":"Anger","floor":8},{"not_picked":["Headbutt","Rampage"],"picked":"Pommel Strike","floor":10},{"not_picked":["Metallicize","Juggernaut"],"picked":"Cleave","floor":11}],"player_experience":329947,"relics_obtained":[{"floor":6,"key":"Omamori"},{"floor":9,"key":"Regal Pillow"}],"event_choices":[{"event_name":"Golden Idol","player_choice":"Take Damage","floor":3,"damage_taken":0},{"event_name":"World of Goop","player_choice":"Gather Gold","floor":5,"damage_taken":0}],"is_beta":false,"boss_relics":[],"items_purged_floors":[],"is_endless":false,"potions_floor_spawned":[2,6,11],"killed_by":"Blue Slaver","ascension_level":8}