{"gold_per_floor":[114,129,144,144,108,138,138,138,138,138,138,149,204,219,219,319,319,304,304,319,169,184,214,214,229,229,244,259,319,234,264,264,364,364,379,379,394,409,424,424,454,469,494,524,539,539,89,104,104,104],"floor_reached":51,"playtime":3444,"items_purged":[],"score":1144,"play_id":"5a3f95c3-d801-4d91-89d7-370b1e2d5011","local_time":"20190409012155","daily_mods":["Specialized","ControlledChaos","Terminal"],"is_ascension_mode":false,"campfire_choices":[{"data":"Loop","floor":7,"key":"SMITH"},{"data":"Zap","floor":11,"key":"SMITH"},{"data":"Dualcast","floor":15,"key":"SMITH"},{"data":"Defragment","floor":32,"key":"SMITH"},{"data":"Capacitor","floor":40,"key":"SMITH"},{"data":"Defragment","floor":46,"key":"SMITH"},{"data":"Electrodynamics","floor":49,"key":"SMITH"}],"neow_cost":"","seed_source_timestamp":0,"circlet_count":0,"master_deck":["Strike_B","Strike_B","Strike_B","Defend_B","Defend_B","Defend_B","Defend_B","Zap+1","Dualcast+1","Glacier","Glacier+1","Glacier","Glacier+1","Glacier","Conserve Battery","Ball Lightning+1","Loop+1","Aggregate","Steam Power","Core Surge","Echo Form","Glacier","Defragment+1","Compile Driver","FTL","Capacitor+1","Coolheaded","Defragment+1","Tempest","Electrodynamics+1","Rebound+1","Auto Shields+1","Compile Driver+1","Blizzard+1","Steam+1","Loop+1","Undo+1","Coolheaded+1"],"special_seed":17995,"relics":["Cracked Core","Frozen Eye","Smiling Mask","Ornamental Fan","Odd Mushroom","Incense Burner","Coffee Dripper","Bag of Preparation","Blood Vial","Girya","Tiny Chest","Dodecahedron","Meat on the Bone","Nuclear Battery","Art of War","Anchor","Whetstone","Lee\u0027s Waffle","Pear"],"potions_floor_usage":[13,16,16,33,38,39,41,50,50],"damage_taken":[{"damage":0,"enemies":"2 Louse","floor":1,"turns":4},{"damage":0,"enemies":"Small Slimes","floor":2,"turns":3},{"damage":0,"enemies":"Jaw Worm","floor":3,"turns":4},{"damage":0,"enemies":"Lagavulin","floor":6,"turns":8},{"damage":0,"enemies":"The Mushroom Lair","floor":12,"turns":4},{"damage":4,"enemies":"3 Sentries","floor":13,"turns":5},{"damage":0,"enemies":"Blue Slaver","floor":14,"turns":4},{"damage":0,"enemies":"Slime Boss","floor":16,"turns":11},{"damage":0,"enemies":"2 Thieves","floor":18,"turns":5},{"damage":0,"enemies":"Chosen","floor":20,"turns":6},{"damage":0,"enemies":"Shelled Parasite and Fungi","floor":22,"turns":8},{"damage":0,"enemies":"Gremlin Leader","floor":23,"turns":8},{"damage":0,"enemies":"3 Cultists","floor":25,"turns":5},{"damage":0,"enemies":"Snecko","floor":27,"turns":7},{"damage":3,"enemies":"Centurion and Healer","floor":28,"turns":7},{"damage":0,"enemies":"Slavers","floor":29,"turns":6},{"damage":0,"enemies":"Gremlin Leader","floor":31,"turns":6},{"damage":0,"enemies":"Collector","floor":33,"turns":8},{"damage":0,"enemies":"3 Darklings","floor":35,"turns":3},{"damage":0,"enemies":"3 Shapes","floor":37,"turns":5},{"damage":0,"enemies":"Maw","floor":38,"turns":10},{"damage":6,"enemies":"Writhing Mass","floor":39,"turns":8},{"damage":1,"enemies":"Reptomancer","floor":41,"turns":7},{"damage":4,"enemies":"Transient","floor":42,"turns":5},{"damage":0,"enemies":"Giant Head","floor":44,"turns":8},{"damage":0,"enemies":"Maw","floor":45,"turns":8},{"damage":0,"enemies":"Writhing Mass","floor":48,"turns":6},{"damage":0,"enemies":"Awakened One","floor":50,"turns":10}],"seed_played":"2658435093552272744","potions_obtained":[{"floor":3,"key":"Ancient Potion"},{"floor":6,"key":"LiquidBronze"},{"floor":12,"key":"Fire Potion"},{"floor":13,"key":"Energy Potion"},{"floor":20,"key":"Swift Potion"},{"floor":23,"key":"SteroidPotion"},{"floor":28,"key":"FocusPotion"},{"floor":33,"key":"Ancient Potion"},{"floor":38,"key":"SkillPotion"},{"floor":42,"key":"SpeedPotion"},{"floor":45,"key":"LiquidBronze"}],"is_trial":false,"path_per_floor":["M","M","M","?","$","E","R","?","T","$","R","?","?","M","R","B",null,"M","?","M","$","M","E","?","M","T","M","M","E","?","E","R","B",null,"M","?","M","M","M","R","E","M","T","E","M","R","$","M","R","B",null],"character_chosen":"DEFECT","items_purchased":["Loop","Bag of Preparation","Lee\u0027s Waffle","Pear"],"campfire_rested":0,"item_purchase_floors":[5,21,47,47],"current_hp_per_floor":[73,72,71,57,57,57,57,62,62,62,62,62,58,58,58,58,62,61,60,59,58,57,56,55,54,53,52,49,50,49,48,47,46,45,44,43,42,41,35,35,36,34,34,35,34,33,49,48,47,46],"gold":104,"neow_bonus":"","is_prod":false,"is_daily":true,"chose_seed":false,"campfire_upgraded":7,"win_rate":0,"timestamp":1554798115,"path_taken":["M","M","M","?","$","E","R","?","T","$","R","?","?","?","R","BOSS","M","?","M","$","?","E","?","M","T","?","M","E","?","E","R","BOSS","M","?","M","M","M","R","E","M","T","E","M","R","$","M","R","BOSS"],"build_version":"2019-01-23","purchased_purges":0,"victory":true,"max_hp_per_floor":[73,72,71,70,69,68,67,71,70,69,68,67,66,65,64,63,62,61,60,59,58,57,56,55,54,53,52,51,50,49,48,47,46,45,44,43,42,41,40,39,38,37,36,35,34,33,49,48,47,46],"card_choices":[{"not_picked":["Compile Driver","Barrage"],"picked":"Conserve Battery","floor":1},{"not_picked":["Turbo","Lockon"],"picked":"Ball Lightning","floor":2},{"not_picked":["Chaos","Cold Snap","Gash"],"picked":"SKIP","floor":3},{"not_picked":["Barrage","Redo","Force Field"],"picked":"SKIP","floor":6},{"not_picked":["Streamline","Steam"],"picked":"Aggregate","floor":12},{"not_picked":["Conserve Battery","Beam Cell"],"picked":"Steam Power","floor":13},{"not_picked":["Redo","Steam"],"picked":"Core Surge","floor":14},{"not_picked":["Electrodynamics","Creative AI"],"picked":"Echo Form","floor":16},{"not_picked":["Cold Snap+1","Double Energy"],"picked":"Glacier","floor":18},{"not_picked":["Stack+1","BootSequence","Turbo+1"],"picked":"SKIP","floor":20},{"not_picked":["Auto Shields","Streamline"],"picked":"Compile Driver","floor":22},{"not_picked":["Leap+1","Buffer"],"picked":"FTL","floor":23},{"not_picked":["Blizzard","Leap","Turbo"],"picked":"SKIP","floor":25},{"not_picked":["Cold Snap","Stack"],"picked":"Capacitor","floor":27},{"not_picked":["Ball Lightning+1","Hello World"],"picked":"Coolheaded","floor":28},{"not_picked":["Consume","Reboot"],"picked":"Defragment","floor":29},{"not_picked":["Compile Driver","Leap"],"picked":"Tempest","floor":31},{"not_picked":["Creative AI","Fission"],"picked":"Electrodynamics","floor":33},{"not_picked":["Beam Cell","Go for the Eyes"],"picked":"Rebound+1","floor":35},{"not_picked":["Conserve Battery","Barrage"],"picked":"Auto Shields+1","floor":37},{"not_picked":["Redo","Hologram"],"picked":"Compile Driver","floor":38},{"not_picked":["Redo+1","Stack"],"picked":"Blizzard+1","floor":39},{"not_picked":["Coolheaded","Chaos"],"picked":"Steam+1","floor":41},{"not_picked":["Redo","Multi-Cast"],"picked":"Loop+1","floor":42},{"not_picked":["Gash","Conserve Battery+1"],"picked":"Undo+1","floor":44},{"not_picked":["Cold Snap+1","Redo"],"picked":"Coolheaded+1","floor":45},{"not_picked":["Tempest","Cold Snap","Force Field+1"],"picked":"SKIP","floor":48}],"player_experience":907191,"relics_obtained":[{"floor":6,"key":"Smiling Mask"},{"floor":9,"key":"Ornamental Fan"},{"floor":12,"key":"Odd Mushroom"},{"floor":13,"key":"Incense Burner"},{"floor":23,"key":"Blood Vial"},{"floor":26,"key":"Girya"},{"floor":29,"key":"Tiny Chest"},{"floor":31,"key":"Meat on the Bone"},{"floor":41,"key":"Art of War"},{"floor":43,"key":"Anchor"},{"floor":44,"key":"Whetstone"}],"event_choices":[{"damage_healed":0,"gold_gain":0,"player_choice":"Entered Light","damage_taken":14,"max_hp_gain":0,"max_hp_loss":0,"event_name":"Shining Light","floor":4,"gold_loss":0,"cards_upgraded":["Glacier","Glacier"]},{"damage_healed":0,"gold_gain":0,"player_choice":"Donut","damage_taken":0,"max_hp_gain":5,"max_hp_loss":0,"event_name":"Big Fish","floor":8,"gold_loss":0},{"damage_healed":0,"gold_gain":0,"player_choice":"Fought Mushrooms","damage_taken":0,"max_hp_gain":0,"max_hp_loss":0,"event_name":"Mushrooms","floor":12,"gold_loss":0},{"damage_healed":0,"gold_gain":30,"player_choice":"Searched \u00272\u0027 times","damage_taken":0,"max_hp_gain":0,"max_hp_loss":0,"event_name":"Dead Adventurer","floor":13,"gold_loss":0},{"damage_healed":0,"gold_gain":0,"cards_transformed":["Strike_B"],"player_choice":"Transformed","damage_taken":0,"max_hp_gain":0,"max_hp_loss":0,"event_name":"Transmorgrifier","floor":19,"gold_loss":0,"cards_obtained":["Defragment"]},{"damage_healed":0,"gold_gain":0,"player_choice":"Bought 0 Potions","damage_taken":0,"max_hp_gain":0,"max_hp_loss":0,"event_name":"The Woman in Blue","floor":24,"gold_loss":0},{"damage_healed":0,"gold_gain":0,"player_choice":"Obtained Relic","damage_taken":0,"relics_obtained":["Dodecahedron"],"max_hp_gain":0,"max_hp_loss":0,"event_name":"Addict","floor":30,"gold_loss":85},{"damage_healed":0,"gold_gain":0,"player_choice":"Ignored","damage_taken":0,"max_hp_gain":0,"max_hp_loss":0,"event_name":"Tomb of Lord Red Mask","floor":36,"gold_loss":0}],"is_beta":false,"boss_relics":[{"not_picked":["Pandora\u0027s Box","Runic Pyramid"],"picked":"Coffee Dripper"},{"not_picked":["White Beast Statue","Velvet Choker"],"picked":"Nuclear Battery"}],"items_purged_floors":[],"is_endless":false,"potions_floor_spawned":[3,6,12,13,20,23,27,28,29,33,35,38,42,45,48],"ascension_level":0}