{"path_per_floor":["M","?","$","M","M","E","R","E","T","R","$","E","?","M","R","B",null,"M","$","M","$","?","E","R","$","T","M"],"character_chosen":"DEFECT","items_purchased":["Heatsinks","Apotheosis","Loop"],"gold_per_floor":[118,118,43,61,79,105,105,130,130,130,91,125,125,141,141,266,266,287,187,210,18,18,49,49,13,13,36,36],"floor_reached":28,"campfire_rested":2,"playtime":2598,"item_purchase_floors":[],"current_hp_per_floor":[69,69,69,63,62,46,46,41,41,41,41,34,34,47,69,50,75,55,55,49,49,33,28,50,50,50,21,0],"items_purged":["Regret","Injury"],"gold":36,"score":267,"play_id":"46825e19-25f6-4855-9aba-4c3227cb06c3","local_time":"20180603093122","is_prod":false,"is_daily":false,"chose_seed":false,"is_ascension_mode":true,"campfire_upgraded":2,"win_rate":0.0,"timestamp":1528032682,"campfire_choices":[{"data":"Redo","floor":7.0,"key":"SMITH"},{"data":"Creative AI","floor":10.0,"key":"SMITH"},{"floor":15.0,"key":"REST"},{"floor":24.0,"key":"REST"}],"path_taken":["M","?","$","M","M","E","R","E","T","R","?","E","?","?","R","BOSS","M","$","M","$","?","E","R","?","T","M","E"],"build_version":"2018-05-31","seed_source_timestamp":0,"purchased_purges":2,"victory":false,"master_deck":["Strike_B","Strike_B","Strike_B","Strike_B","Defend_B","Defend_B","Defend_B","Defend_B","Zap+1","Dualcast","Heatsinks","Doom and Gloom","Redo+1","Creative AI+1","Heatsinks","Reboot","Apotheosis","Force Field","Loop"],"max_hp_per_floor":[75,75,75,75,75,75,75,75,75,75,75,75,75,75,75,75,75,75,75,75,75,75,75,75,75,75,75,75],"relics":["Cracked Core","Gambling Chip","Meat on the Bone","Bag of Marbles","Bird Faced Urn","Matryoshka","Golden Idol","Velvet Choker","Nilry\u0027s Codex","Torii","Kunai","Prayer Wheel"],"card_choices":[{"not_picked":["Scrape","Steam"],"picked":"Heatsinks","floor":1.0},{"not_picked":["Turbo","Hologram"],"picked":"Doom and Gloom","floor":4.0},{"not_picked":["Gash","Redo","Leap"],"picked":"SKIP","floor":5.0},{"not_picked":["Skim","Gash"],"picked":"Redo","floor":6.0},{"not_picked":["Gash","Force Field"],"picked":"Creative AI","floor":8.0},{"not_picked":["Skim","Redo","Gash"],"picked":"SKIP","floor":12.0},{"not_picked":["Skim","Leap","Sweeping Beam"],"picked":"SKIP","floor":14.0},{"not_picked":["Core Surge","All For One"],"picked":"Reboot","floor":16.0},{"not_picked":["Steam+1","Leap","Ball Lightning"],"picked":"SKIP","floor":18.0},{"not_picked":["Go for the Eyes","Hologram","Streamline"],"picked":"SKIP","floor":20.0},{"not_picked":["Turbo","Storm"],"picked":"Force Field","floor":23.0},{"not_picked":["Skim","Leap","Gash"],"picked":"SKIP","floor":27.0},{"not_picked":["Leap+1","Conserve Battery","Chill+1"],"picked":"SKIP","floor":27.0}],"player_experience":480693,"potions_floor_usage":[],"damage_taken":[{"damage":6.0,"enemies":"Jaw Worm","floor":1.0,"turns":3.0},{"damage":6.0,"enemies":"2 Louse","floor":4.0,"turns":3.0},{"damage":1.0,"enemies":"Cultist","floor":5.0,"turns":3.0},{"damage":16.0,"enemies":"Lagavulin","floor":6.0,"turns":4.0},{"damage":17.0,"enemies":"3 Sentries","floor":8.0,"turns":4.0},{"damage":31.0,"enemies":"Lagavulin","floor":12.0,"turns":6.0},{"damage":9.0,"enemies":"2 Fungi Beasts","floor":14.0,"turns":3.0},{"damage":41.0,"enemies":"The Guardian","floor":16.0,"turns":8.0},{"damage":30.0,"enemies":"2 Thieves","floor":18.0,"turns":4.0},{"damage":18.0,"enemies":"Chosen","floor":20.0,"turns":5.0},{"damage":35.0,"enemies":"Book of Stabbing","floor":23.0,"turns":5.0},{"damage":57.0,"enemies":"Slaver and Parasite","floor":27.0,"turns":5.0},{"damage":39,"enemies":"Gremlin Leader","floor":28,"turns":3}],"relics_obtained":[{"floor":6.0,"key":"Meat on the Bone"},{"floor":8.0,"key":"Bag of Marbles"},{"floor":9.0,"key":"Bird Faced Urn"},{"floor":12.0,"key":"Matryoshka"},{"floor":22.0,"key":"Nilry\u0027s Codex"},{"floor":23.0,"key":"Torii"},{"floor":26.0,"key":"Kunai"},{"floor":26.0,"key":"Prayer Wheel"}],"event_choices":[{"event_name":"Big Fish","player_choice":"Box","floor":2.0,"damage_taken":0.0},{"event_name":"Golden Idol","player_choice":"Take Wound","floor":13.0,"damage_taken":0.0},{"event_name":"Cursed Tome","player_choice":"Obtained Book","floor":22.0,"damage_taken":0.0}],"boss_relics":[],"items_purged_floors":[],"potions_floor_spawned":[1,8,12,14,18],"seed_played":"-8382957202212693183","killed_by":"Gremlin Leader","ascension_level":1,"potions_obtained":[{"floor":1.0,"key":"FearPotion"},{"floor":8.0,"key":"Fire Potion"},{"floor":12.0,"key":"EssenceOfSteel"},{"floor":14.0,"key":"PowerPotion"},{"floor":18.0,"key":"PowerPotion"}],"is_trial":false}