{"gold_per_floor":[110,120,67,67,67,93,113,113,113,145,158,176,51,80,80,156,156,171,171,16,36,52,52,52,52,76,76,76,94,122,133,133,212,212,222,233,233,89,89,89,103,103],"floor_reached":42,"playtime":1800,"items_purged":["Strike_B"],"score":1072,"play_id":"7b2f900b-c590-4346-b9ea-672999357d62","local_time":"20190428130822","is_ascension_mode":true,"campfire_choices":[{"data":"Chill","floor":8,"key":"SMITH"},{"data":"Cold Snap","floor":15,"key":"SMITH"},{"data":"Biased Cognition","floor":23,"key":"SMITH"},{"data":"Capacitor","floor":25,"key":"SMITH"},{"floor":28,"key":"REST"},{"floor":32,"key":"REST"},{"data":"Defragment","floor":40,"key":"SMITH"}],"neow_cost":"NONE","seed_source_timestamp":449398193570900,"circlet_count":0,"master_deck":["AscendersBane","Strike_B","Strike_B","Strike_B","Defend_B","Defend_B","Defend_B+1","Defend_B+1","Zap","Dualcast","Sweeping Beam+1","Coolheaded","Conserve Battery","Cold Snap+1","Chill+1","Conserve Battery","Core Surge","Glacier","Capacitor+1","Electrodynamics","Biased Cognition+1","FTL","Self Repair","Consume","Hologram","Biased Cognition","Barrage","Defragment+1","Cold Snap"],"relics":["Cracked Core","NeowsBlessing","Gremlin Horn","Shuriken","War Paint","Orichalcum","Busted Crown","Potion Belt","Singing Bowl","White Beast Statue"],"potions_floor_usage":[14,16,19,35,42,42,42],"damage_taken":[{"damage":0,"enemies":"2 Louse","floor":1,"turns":1},{"damage":0,"enemies":"Jaw Worm","floor":2,"turns":1},{"damage":0,"enemies":"Gremlin Nob","floor":6,"turns":1},{"damage":0,"enemies":"Small Slimes","floor":7,"turns":2},{"damage":28,"enemies":"Lagavulin","floor":10,"turns":6},{"damage":0,"enemies":"Exordium Wildlife","floor":11,"turns":4},{"damage":1,"enemies":"Large Slime","floor":12,"turns":7},{"damage":4,"enemies":"3 Sentries","floor":14,"turns":9},{"damage":26,"enemies":"Slime Boss","floor":16,"turns":10},{"damage":12,"enemies":"Shell Parasite","floor":18,"turns":8},{"damage":17,"enemies":"Colosseum Slavers","floor":19,"turns":4},{"damage":0,"enemies":"3 Byrds","floor":21,"turns":2},{"damage":0,"enemies":"Sentry and Sphere","floor":22,"turns":6},{"damage":28,"enemies":"Shelled Parasite and Fungi","floor":29,"turns":8},{"damage":0,"enemies":"Book of Stabbing","floor":30,"turns":7},{"damage":5,"enemies":"Snecko","floor":31,"turns":7},{"damage":0,"enemies":"Automaton","floor":33,"turns":15},{"damage":18,"enemies":"Orb Walker","floor":35,"turns":5},{"damage":13,"enemies":"3 Shapes","floor":36,"turns":5},{"damage":43,"enemies":"Writhing Mass","floor":41,"turns":11},{"damage":34,"enemies":"Transient","floor":42,"turns":6}],"seed_played":"4479046646483968755","potions_obtained":[{"floor":6,"key":"Swift Potion"},{"floor":10,"key":"SkillPotion"},{"floor":12,"key":"FearPotion"},{"floor":18,"key":"Fruit Juice"},{"floor":21,"key":"EssenceOfSteel"},{"floor":31,"key":"Energy Potion"},{"floor":35,"key":"SteroidPotion"},{"floor":36,"key":"Fire Potion"},{"floor":41,"key":"AttackPotion"}],"is_trial":false,"path_per_floor":["M","M","$","?","?","E","M","R","T","E","M","M","$","E","R","B",null,"M","?","$","M","M","R","?","R","T","?","R","M","E","M","R","B",null,"M","M","?","$","?","R","M","M"],"character_chosen":"DEFECT","items_purchased":["Conserve Battery","Glacier","Capacitor","FTL","Defragment","Cold Snap"],"campfire_rested":2,"item_purchase_floors":[3,13,13,20,38,38],"current_hp_per_floor":[64,64,64,64,64,64,64,64,64,36,36,35,35,31,31,5,55,43,31,31,31,38,38,38,38,38,38,60,39,46,50,73,78,78,62,56,56,56,56,56,22,0],"gold":103,"neow_bonus":"THREE_ENEMY_KILL","is_prod":false,"is_daily":false,"chose_seed":false,"campfire_upgraded":5,"win_rate":0,"timestamp":1556449702,"path_taken":["M","M","$","?","?","E","M","R","T","E","M","M","?","E","R","BOSS","M","?","$","M","M","R","?","R","T","?","R","?","E","M","R","BOSS","M","M","?","$","?","R","M","M"],"build_version":"2019-01-23","purchased_purges":1,"victory":false,"max_hp_per_floor":[71,71,71,71,71,71,71,71,71,71,71,71,71,71,71,71,71,71,76,76,76,76,76,76,76,76,76,76,76,76,78,78,78,78,80,80,80,80,76,76,78,78],"card_choices":[{"not_picked":["Cold Snap","Redo"],"picked":"Sweeping Beam","floor":1},{"not_picked":["Sweeping Beam","Compile Driver"],"picked":"Coolheaded","floor":2},{"not_picked":["Storm","Go for the Eyes"],"picked":"Cold Snap","floor":6},{"not_picked":["Undo","Rebound"],"picked":"Chill","floor":7},{"not_picked":["Meteor Strike","Chaos","Go for the Eyes"],"picked":"SKIP","floor":10},{"not_picked":["Go for the Eyes","Turbo"],"picked":"Conserve Battery","floor":11},{"not_picked":["Auto Shields","Cold Snap"],"picked":"Core Surge","floor":12},{"not_picked":["Reinforced Body","Stack"],"picked":"Electrodynamics","floor":14},{"not_picked":["Buffer","Creative AI"],"picked":"Biased Cognition","floor":16},{"not_picked":["Lockon"],"picked":"SKIP","floor":18},{"not_picked":[],"picked":"Self Repair","floor":21},{"not_picked":["Rebound"],"picked":"SKIP","floor":22},{"not_picked":[],"picked":"Consume","floor":29},{"not_picked":[],"picked":"Hologram","floor":30},{"not_picked":["Skim"],"picked":"Singing Bowl","floor":31},{"not_picked":[],"picked":"Biased Cognition","floor":33},{"not_picked":["Gash+1"],"picked":"Singing Bowl","floor":35},{"not_picked":[],"picked":"Barrage","floor":36},{"not_picked":["Sunder+1"],"picked":"Singing Bowl","floor":41}],"player_experience":641259,"relics_obtained":[{"floor":6,"key":"Gremlin Horn"},{"floor":9,"key":"Shuriken"},{"floor":10,"key":"War Paint"},{"floor":14,"key":"Orichalcum"},{"floor":26,"key":"Potion Belt"},{"floor":30,"key":"Singing Bowl"}],"event_choices":[{"damage_healed":0,"gold_gain":0,"player_choice":"Ignored","damage_taken":0,"max_hp_gain":0,"max_hp_loss":0,"event_name":"Liars Game","floor":4,"gold_loss":0},{"damage_healed":0,"gold_gain":0,"player_choice":"Grow","damage_taken":0,"max_hp_gain":0,"max_hp_loss":0,"event_name":"Living Wall","floor":5,"gold_loss":0,"cards_upgraded":["Sweeping Beam"]},{"damage_healed":0,"gold_gain":0,"player_choice":"Fight","damage_taken":0,"max_hp_gain":0,"max_hp_loss":0,"event_name":"Colosseum","floor":19,"gold_loss":0},{"damage_healed":0,"gold_gain":0,"player_choice":"Fled From Nobs","damage_taken":0,"max_hp_gain":0,"max_hp_loss":0,"event_name":"Colosseum","floor":19,"gold_loss":0},{"damage_healed":0,"gold_gain":0,"player_choice":"Ignored","damage_taken":0,"max_hp_gain":0,"max_hp_loss":0,"event_name":"Ghosts","floor":24,"gold_loss":0},{"damage_healed":0,"gold_gain":0,"player_choice":"Ignored","damage_taken":0,"max_hp_gain":0,"max_hp_loss":0,"event_name":"Cursed Tome","floor":27,"gold_loss":0},{"damage_healed":0,"gold_gain":0,"player_choice":"Ignored","damage_taken":0,"max_hp_gain":0,"max_hp_loss":0,"event_name":"Tomb of Lord Red Mask","floor":37,"gold_loss":0},{"damage_healed":0,"gold_gain":0,"player_choice":"Max HP","damage_taken":0,"max_hp_gain":0,"max_hp_loss":4,"event_name":"Winding Halls","floor":39,"gold_loss":0}],"is_beta":false,"boss_relics":[{"not_picked":["Orrery","Lizard Tail"],"picked":"Busted Crown"},{"not_picked":["Coffee Dripper","Runic Dome"],"picked":"White Beast Statue"}],"items_purged_floors":[20],"is_endless":false,"potions_floor_spawned":[6,10,11,12,18,21,31,35,36,41],"killed_by":"Transient","ascension_level":20}