{"gold_per_floor":[109,119,131,141,160,190,208,208,256,287,304,304,320,320,320,397,397,409,39,54,4,4],"floor_reached":22,"playtime":1512,"items_purged":["Strike_B"],"score":370,"play_id":"f1cfae15-8011-4183-b3e4-ad6e102991b8","local_time":"20181123132943","is_ascension_mode":true,"campfire_choices":[{"floor":8,"key":"REST"},{"data":"Rainbow","floor":12,"key":"SMITH"},{"floor":15,"key":"REST"}],"neow_cost":"NONE","seed_source_timestamp":933674903654495,"circlet_count":0,"master_deck":["AscendersBane","Strike_B","Strike_B","Strike_B","Defend_B","Defend_B","Defend_B","Defend_B","Zap","Dualcast","Conserve Battery","Melter","Glacier","Glacier","White Noise","Redo","Sweeping Beam","Rainbow+1","Echo Form","Coolheaded+1","Consume"],"relics":["Cracked Core","Bag of Preparation","Bottled Flame","Smiling Mask","Kunai","Ornamental Fan","Black Star","Runic Capacitor","Lantern"],"potions_floor_usage":[4,11,16,20,20],"damage_taken":[{"damage":0,"enemies":"Cultist","floor":1,"turns":3},{"damage":0,"enemies":"Jaw Worm","floor":2,"turns":4},{"damage":2,"enemies":"Small Slimes","floor":3,"turns":3},{"damage":1,"enemies":"Gremlin Gang","floor":4,"turns":7},{"damage":0,"enemies":"Looter","floor":5,"turns":3},{"damage":29,"enemies":"Lagavulin","floor":6,"turns":7},{"damage":16,"enemies":"Exordium Wildlife","floor":7,"turns":8},{"damage":15,"enemies":"3 Sentries","floor":10,"turns":13},{"damage":0,"enemies":"Lots of Slimes","floor":11,"turns":4},{"damage":5,"enemies":"Red Slaver","floor":13,"turns":4},{"damage":30,"enemies":"The Guardian","floor":16,"turns":14},{"damage":21,"enemies":"Chosen","floor":18,"turns":7},{"damage":7,"enemies":"Shell Parasite","floor":20,"turns":9},{"damage":36,"enemies":"Centurion and Healer","floor":22,"turns":11}],"seed_played":"-3171975027820193090","potions_obtained":[{"floor":2,"key":"AttackPotion"},{"floor":7,"key":"Ancient Potion"},{"floor":10,"key":"Energy Potion"},{"floor":13,"key":"Regen Potion"},{"floor":16,"key":"GamblersBrew"},{"floor":18,"key":"EssenceOfSteel"},{"floor":20,"key":"Explosive Potion"}],"is_trial":false,"path_per_floor":["M","M","M","M","M","E","M","R","T","E","M","R","M","?","R","B",null,"M","$","M","$","M"],"character_chosen":"DEFECT","items_purchased":["Runic Capacitor","Lantern"],"campfire_rested":2,"item_purchase_floors":[19,19],"current_hp_per_floor":[64,64,62,61,61,32,16,37,37,22,22,22,17,17,38,23,59,38,38,31,31,0],"gold":4,"neow_bonus":"RANDOM_COMMON_RELIC","is_prod":false,"is_daily":false,"chose_seed":false,"campfire_upgraded":1,"win_rate":0,"timestamp":1542976183,"path_taken":["M","M","?","M","M","E","M","R","T","E","M","R","M","?","R","BOSS","M","?","M","$","?"],"build_version":"2018-11-15","purchased_purges":1,"victory":false,"max_hp_per_floor":[71,71,71,71,71,71,71,71,71,71,71,71,71,71,71,71,71,71,71,71,71,71],"card_choices":[{"not_picked":["Turbo","Cold Snap"],"picked":"Conserve Battery","floor":1},{"not_picked":["Coolheaded","Capacitor"],"picked":"Melter","floor":2},{"not_picked":["Cold Snap","Sweeping Beam"],"picked":"Glacier","floor":3},{"not_picked":["Reinforced Body","Rebound","Scrape"],"picked":"SKIP","floor":4},{"not_picked":["Hello World","Go for the Eyes"],"picked":"Glacier","floor":5},{"not_picked":["Fission","Turbo"],"picked":"White Noise","floor":6},{"not_picked":["Steam","Stack"],"picked":"Redo","floor":7},{"not_picked":["Skim","Chill"],"picked":"Sweeping Beam","floor":10},{"not_picked":["Hologram","Steam"],"picked":"Rainbow","floor":11},{"not_picked":["BootSequence","Force Field","Turbo"],"picked":"SKIP","floor":13},{"not_picked":["All For One","Hyperbeam"],"picked":"Echo Form","floor":16},{"not_picked":["Force Field","Rebound"],"picked":"Coolheaded+1","floor":18},{"not_picked":["Rebound","Reprogram"],"picked":"Consume","floor":20}],"player_experience":847889,"relics_obtained":[{"floor":6,"key":"Bottled Flame"},{"floor":9,"key":"Smiling Mask"},{"floor":10,"key":"Kunai"}],"event_choices":[{"damage_healed":0,"gold_gain":0,"player_choice":"Gave Potion","damage_taken":0,"relics_obtained":["Ornamental Fan"],"max_hp_gain":0,"max_hp_loss":0,"event_name":"WeMeetAgain","floor":14,"gold_loss":0}],"is_beta":false,"boss_relics":[{"not_picked":["Orrery","Tiny House"],"picked":"Black Star"}],"items_purged_floors":[21],"is_endless":false,"potions_floor_spawned":[2,7,10,13,16,18,20],"killed_by":"Centurion and Healer","ascension_level":17}