{"gold_per_floor":[118,135,202,215,215,250,250,278,278,289,289,319,353,370,370,443,443,458,458,160,160,175,175,206,216,216,230,230,249,299,299,299,374,374,388,400,14,29,45,45,74,89,113,127,139,64,64,64,64,64],"floor_reached":51,"playtime":3675,"items_purged":["Strike_G+1"],"score":1271,"play_id":"ee7e3882-d843-49c7-aa38-305edb16ea64","local_time":"20181207135627","is_ascension_mode":true,"campfire_choices":[{"floor":7.0,"key":"REST"},{"data":"Venomology","floor":11.0,"key":"SMITH"},{"data":"Noxious Fumes","floor":15.0,"key":"SMITH"},{"floor":23.0,"key":"REST"},{"floor":32.0,"key":"REST"},{"floor":40.0,"key":"REST"},{"floor":47,"key":"REST"},{"floor":49,"key":"REST"}],"neow_cost":"TEN_PERCENT_HP_LOSS","seed_source_timestamp":0,"circlet_count":0,"master_deck":["AscendersBane","Defend_G","Defend_G","Defend_G","Defend_G","Defend_G","Survivor","Neutralize+1","Wraith Form v2","Venomology+1","Noxious Fumes+1","Dash","Escape Plan","A Thousand Cuts","Blade Dance","Backflip","Dagger Throw","After Image","Well Laid Plans","Malaise","Apotheosis","Caltrops","Malaise","Crippling Poison+1","Dagger Spray+1","Infinite Blades","Predator","Footwork","Unload"],"special_seed":0,"relics":["Ring of the Snake","Ice Cream","Tough Bandages","Tingsha","Oddly Smooth Stone","Snecko Eye","Blue Candle","Matryoshka","Busted Crown","Chemical X","Bronze Scales","Blood Vial","Juzu Bracelet","PreservedInsect"],"potions_floor_usage":[44,44,45,45,45,50,50,50],"damage_taken":[{"damage":0.0,"enemies":"2 Louse","floor":1.0,"turns":5.0},{"damage":6.0,"enemies":"Cultist","floor":2.0,"turns":4.0},{"damage":1.0,"enemies":"Small Slimes","floor":4.0,"turns":5.0},{"damage":39.0,"enemies":"Gremlin Nob","floor":6.0,"turns":7.0},{"damage":10.0,"enemies":"Lagavulin","floor":8.0,"turns":9.0},{"damage":3.0,"enemies":"Looter","floor":10.0,"turns":4.0},{"damage":1.0,"enemies":"3 Sentries","floor":13.0,"turns":8.0},{"damage":1.0,"enemies":"3 Louse","floor":14.0,"turns":5.0},{"damage":7.0,"enemies":"The Guardian","floor":16.0,"turns":12.0},{"damage":8.0,"enemies":"Spheric Guardian","floor":18.0,"turns":10.0},{"damage":15.0,"enemies":"3 Byrds","floor":22.0,"turns":3.0},{"damage":13.0,"enemies":"Book of Stabbing","floor":24.0,"turns":6.0},{"damage":0.0,"enemies":"Snecko","floor":25.0,"turns":4.0},{"damage":16.0,"enemies":"Centurion and Healer","floor":27.0,"turns":7.0},{"damage":4.0,"enemies":"Snake Plant","floor":29.0,"turns":6.0},{"damage":7.0,"enemies":"Automaton","floor":33.0,"turns":12.0},{"damage":0.0,"enemies":"3 Shapes","floor":35.0,"turns":4.0},{"damage":5.0,"enemies":"3 Darklings","floor":36.0,"turns":5.0},{"damage":3.0,"enemies":"4 Shapes","floor":38.0,"turns":6.0},{"damage":12.0,"enemies":"Jaw Worm Horde","floor":39.0,"turns":4.0},{"damage":20.0,"enemies":"Giant Head","floor":41.0,"turns":10.0},{"damage":17.0,"enemies":"Transient","floor":42.0,"turns":6.0},{"damage":9,"enemies":"Spire Growth","floor":44,"turns":7},{"damage":1,"enemies":"Sphere and 2 Shapes","floor":45,"turns":6},{"damage":33,"enemies":"Donu and Deca","floor":50,"turns":11}],"seed_played":"-6069696422638182271","potions_obtained":[{"floor":1.0,"key":"Fire Potion"},{"floor":2.0,"key":"Regen Potion"},{"floor":10.0,"key":"PowerPotion"},{"floor":14.0,"key":"Swift Potion"},{"floor":25.0,"key":"Fire Potion"},{"floor":27.0,"key":"GamblersBrew"},{"floor":33.0,"key":"Swift Potion"},{"floor":41.0,"key":"Strength Potion"},{"floor":44,"key":"EntropicBrew"},{"floor":45,"key":"AttackPotion"}],"is_trial":false,"path_per_floor":["M","M","?","M","?","E","R","E","T","M","R","?","E","M","R","B",null,"M","?","$","?","M","R","E","M","T","M","?","M","?","?","R","B",null,"M","M","$","M","M","R","E","M","T","M","M","$","R","$","R","B",null],"character_chosen":"THE_SILENT","items_purchased":["Apotheosis","Caltrops","Chemical X","Bronze Scales"],"campfire_rested":6,"item_purchase_floors":[20,20,37,37],"current_hp_per_floor":[59,53,53,52,34,25,43,33,33,30,30,30,29,28,28,21,50,42,42,42,42,27,45,32,32,32,16,16,12,12,12,30,23,51,51,46,46,43,31,49,29,14,14,7,8,8,26,26,44,13],"gold":64,"neow_bonus":"TRANSFORM_TWO_CARDS","is_prod":false,"is_daily":false,"chose_seed":false,"campfire_upgraded":2,"win_rate":0,"timestamp":1544187387,"path_taken":["M","M","?","M","?","E","R","E","T","M","R","?","E","M","R","BOSS","M","?","$","?","M","R","E","M","T","?","?","M","?","?","R","BOSS","M","M","$","M","M","R","E","M","T","M","M","?","R","$","R","BOSS"],"build_version":"2018-12-06","purchased_purges":1,"victory":true,"max_hp_per_floor":[60,60,60,60,60,60,60,60,60,60,60,60,60,60,60,60,60,60,60,60,60,60,60,60,60,60,60,60,60,60,60,60,60,60,60,60,60,60,60,60,60,60,60,60,60,60,60,60,60,60],"card_choices":[{"not_picked":["Slice","Deflect"],"picked":"Noxious Fumes","floor":1.0},{"not_picked":["Poisoned Stab","Endless Agony"],"picked":"Dash","floor":2.0},{"not_picked":["Deflect","Sucker Punch","Outmaneuver"],"picked":"SKIP","floor":4.0},{"not_picked":["Deflect","Night Terror"],"picked":"Escape Plan","floor":6.0},{"not_picked":["Blade Dance","Accuracy"],"picked":"A Thousand Cuts","floor":8.0},{"not_picked":["Distraction","Prepared"],"picked":"Blade Dance","floor":10.0},{"not_picked":["Flechettes","Distraction"],"picked":"Backflip","floor":13.0},{"not_picked":["Noxious Fumes","PiercingWail"],"picked":"Dagger Throw","floor":14.0},{"not_picked":["Unload","Malaise"],"picked":"After Image","floor":16.0},{"not_picked":["Cloak And Dagger","Slice","Poisoned Stab"],"picked":"SKIP","floor":18.0},{"not_picked":["Riddle With Holes","Accuracy"],"picked":"Crippling Poison+1","floor":22.0},{"not_picked":["Expertise","Endless Agony"],"picked":"Dagger Spray+1","floor":24.0},{"not_picked":["Dodge and Roll","Dagger Spray"],"picked":"Infinite Blades","floor":25.0},{"not_picked":["Eviscerate","Dagger Spray+1"],"picked":"Predator","floor":27.0},{"not_picked":["Crippling Poison","Reflex"],"picked":"Footwork","floor":29.0},{"not_picked":["Corpse Explosion","Phantasmal Killer"],"picked":"Unload","floor":33.0},{"not_picked":["Deflect"],"picked":"SKIP","floor":35.0},{"not_picked":["Quick Slash"],"picked":"SKIP","floor":36.0},{"not_picked":["Outmaneuver"],"picked":"SKIP","floor":38.0},{"not_picked":["Dagger Spray"],"picked":"SKIP","floor":39.0},{"not_picked":["Poisoned Stab"],"picked":"SKIP","floor":41.0},{"not_picked":["Dodge and Roll"],"picked":"SKIP","floor":42.0},{"not_picked":["Outmaneuver"],"picked":"SKIP","floor":44},{"not_picked":["Finisher"],"picked":"SKIP","floor":45}],"player_experience":906455,"relics_obtained":[{"floor":6.0,"key":"Ice Cream"},{"floor":8.0,"key":"Tough Bandages"},{"floor":9.0,"key":"Tingsha"},{"floor":13.0,"key":"Oddly Smooth Stone"},{"floor":24.0,"key":"Blue Candle"},{"floor":26.0,"key":"Matryoshka"},{"floor":41.0,"key":"Blood Vial"},{"floor":43.0,"key":"Juzu Bracelet"},{"floor":43.0,"key":"PreservedInsect"}],"event_choices":[{"damage_healed":0.0,"max_hp_gain":0.0,"max_hp_loss":0.0,"gold_gain":67.0,"event_name":"Golden Wing","player_choice":"Gained Gold","floor":3.0,"gold_loss":0.0,"damage_taken":0.0},{"damage_healed":0.0,"max_hp_gain":0.0,"max_hp_loss":0.0,"gold_gain":0.0,"event_name":"Shining Light","player_choice":"Entered Light","floor":5.0,"gold_loss":0.0,"damage_taken":18.0,"cards_upgraded":["Strike_G","Neutralize"]},{"damage_healed":0.0,"max_hp_gain":0.0,"max_hp_loss":0.0,"gold_gain":30.0,"event_name":"Dead Adventurer","player_choice":"Searched \u00271\u0027 times","floor":12.0,"gold_loss":0.0,"damage_taken":0.0},{"damage_healed":0.0,"max_hp_gain":0.0,"max_hp_loss":0.0,"gold_gain":0.0,"cards_transformed":["Strike_G","Strike_G"],"event_name":"Drug Dealer","player_choice":"Became Test Subject","floor":19.0,"gold_loss":0.0,"damage_taken":0.0,"cards_obtained":["Well Laid Plans","Malaise"]},{"damage_healed":0.0,"max_hp_gain":0.0,"max_hp_loss":0.0,"gold_gain":0.0,"event_name":"Duplicator","player_choice":"Copied","floor":21.0,"gold_loss":0.0,"damage_taken":0.0,"cards_obtained":["Malaise"]},{"damage_healed":0.0,"max_hp_gain":0.0,"max_hp_loss":0.0,"gold_gain":0.0,"event_name":"Forgotten Altar","player_choice":"Smashed Altar","floor":28.0,"gold_loss":0.0,"damage_taken":0.0,"cards_obtained":["Decay"]},{"damage_healed":0.0,"max_hp_gain":0.0,"max_hp_loss":0.0,"gold_gain":50.0,"event_name":"Nest","player_choice":"Stole From Cult","floor":30.0,"gold_loss":0.0,"damage_taken":0.0},{"cards_removed":["Decay"],"damage_healed":0.0,"max_hp_gain":0.0,"max_hp_loss":0.0,"gold_gain":0.0,"event_name":"Purifier","player_choice":"Purged","floor":31.0,"gold_loss":0.0,"damage_taken":0.0}],"is_beta":false,"boss_relics":[{"not_picked":["Eternal Feather","Black Star"],"picked":"Snecko Eye"},{"not_picked":["Ring of the Serpent","Astrolabe"],"picked":"Busted Crown"}],"items_purged_floors":[46],"is_endless":false,"potions_floor_spawned":[1,2,10,14,25,27,29,33,35,41,44,45],"ascension_level":18}