{"path_per_floor":["M","?","M","$","M","E","M","$","T","R","M","E","M","T","R","B",null,"M","M","?","$","M","E","R","E","T","?","R","?","R","M","R"],"character_chosen":"IRONCLAD","items_purchased":["Clothesline","Swift Strike","Armaments","Inflame","Bandage Up","Armaments"],"gold_per_floor":[109,109,125,7,23,54,65,11,11,11,25,51,62,88,88,184,184,199,209,209,4,21,56,56,82,107,107,107,107,107,124,124],"floor_reached":33,"campfire_rested":4,"playtime":3950,"current_hp_per_floor":[80,80,78,78,80,62,59,59,59,59,65,41,39,39,63,8,80,58,54,54,54,57,18,42,25,25,25,49,49,73,67,67],"items_purged":[],"gold":124,"score":320,"play_id":"8ebdfd3c-bad3-45f1-92f0-b013d9590cd5","is_prod":false,"is_daily":false,"is_ascension_mode":false,"campfire_upgraded":2,"path_taken":["M","?","?","$","M","E","M","$","T","R","M","E","M","?","R","BOSS","M","M","?","$","M","E","R","E","T","?","R","?","R","M","R","BOSS"],"build_version":"2018-02-08-PROD1","purchased_purges":0,"victory":false,"master_deck":["Strike_R+1","Strike_R+1","Strike_R+1","Strike_R+1","Strike_R+1","Defend_R+1","Defend_R+1","Defend_R+1","Defend_R+1","Bash","Shrug It Off","Thunderclap","Clothesline","Swift Strike","Body Slam","Juggernaut+1","Whirlwind","Armaments+1","Pommel Strike","Twin Strike","Headbutt","Reaper","Shockwave","Reckless Charge","Shrug It Off","Thunderclap","Cleave","Second Wind","Pommel Strike","Bludgeon","Inflame","Bandage Up","Armaments","Whirlwind+1","Fiend Fire","Twin Strike+1","Clothesline+1"],"max_hp_per_floor":[80,80,80,80,80,80,80,80,80,80,80,80,80,80,80,80,80,80,80,80,80,80,80,80,80,80,80,80,80,80,80,80],"relics":["Burning Blood","Lantern","Red Skull","Bottled Tornado","Bronze Scales","Orrery","Gremlin Horn","Molten Egg 2","Juzu Bracelet"],"card_choices":[{"not_picked":["Flex","Clash"],"picked":"Shrug It Off"},{"not_picked":["Headbutt","Sword Boomerang"],"picked":"Thunderclap"},{"not_picked":["Shrug It Off","Perfected Strike"],"picked":"Body Slam"},{"not_picked":["Pommel Strike","Armaments"],"picked":"Juggernaut"},{"not_picked":["Rupture","Armaments"],"picked":"Whirlwind"},{"not_picked":["Flex","Battle Trance"],"picked":"Pommel Strike"},{"not_picked":["Perfected Strike","Combust"],"picked":"Twin Strike"},{"not_picked":["Infernal Blade","Body Slam"],"picked":"Headbutt"},{"not_picked":["Offering","Fiend Fire"],"picked":"Reaper"},{"not_picked":["Sword Boomerang","Reckless Charge"],"picked":"Shockwave"},{"not_picked":["Combust","Hemokinesis"],"picked":"Reckless Charge"},{"not_picked":["Dropkick","Battle Trance"],"picked":"Shrug It Off"},{"not_picked":["Armaments","Warcry"],"picked":"Thunderclap"},{"not_picked":["Sword Boomerang","Thunderclap"],"picked":"Cleave"},{"not_picked":["Burning Pact","Infernal Blade"],"picked":"Second Wind"},{"not_picked":["Flame Barrier","Twin Strike"],"picked":"Pommel Strike"},{"not_picked":["Warcry","Corruption"],"picked":"Whirlwind"},{"not_picked":["Dropkick","Clothesline"],"picked":"Fiend Fire"},{"not_picked":["Rage","Reckless Charge"],"picked":"Twin Strike"},{"not_picked":["Flame Barrier","Shrug It Off"],"picked":"Clothesline"}],"player_experience":13150,"potions_floor_usage":[16,16,19,22,23,33],"damage_taken":[{"damage":1,"enemies":"Cultist","floor":1,"turns":3},{"damage":8,"enemies":"Jaw Worm","floor":3,"turns":5},{"damage":4,"enemies":"Blue Slaver","floor":5,"turns":4},{"damage":24,"enemies":"3 Sentries","floor":6,"turns":9},{"damage":9,"enemies":"Exordium Wildlife","floor":7,"turns":3},{"damage":0,"enemies":"3 Louse","floor":11,"turns":1},{"damage":30,"enemies":"Lagavulin","floor":12,"turns":7},{"damage":8,"enemies":"Lots of Slimes","floor":13,"turns":2},{"damage":61,"enemies":"The Guardian","floor":16,"turns":9},{"damage":31,"enemies":"Chosen","floor":18,"turns":6},{"damage":22,"enemies":"2 Thieves","floor":19,"turns":3},{"damage":13,"enemies":"Snake Plant","floor":22,"turns":6},{"damage":45,"enemies":"Book of Stabbing","floor":23,"turns":6},{"damage":31,"enemies":"Gremlin Leader","floor":25,"turns":8},{"damage":34,"enemies":"3 Cultists","floor":31,"turns":5},{"damage":85,"enemies":"Automaton","floor":33,"turns":8}],"event_choices":[{"event_name":"Golden Wing","player_choice":"Ignored","floor":2,"damage_taken":0},{"event_name":"The Library","player_choice":"Read","floor":20,"damage_taken":0},{"event_name":"Back to Basics","player_choice":"Simplicity","floor":27,"damage_taken":0},{"event_name":"Beggar","player_choice":"Ignored","floor":29,"damage_taken":0}],"boss_relics":[{"not_picked":["Sozu","Ectoplasm"],"picked":"Orrery"}],"potions_floor_spawned":[5,7,16,19,22,31],"seed_played":"-8804416896948698917","killed_by":"Automaton","ascension_level":0,"is_trial":false}