{"gold_per_floor":[209,225,243,254,99,99,132,132,132,159,123,158,158,188,188,290,290,300,300,300,136,136,136,149,149,196,196,230,230,264,284,284,382,382,402,419,419,379,159,159,191,191,216,15,45,55,55,66,66,66],"floor_reached":51,"playtime":3892,"items_purged":["Well Laid Plans"],"score":979,"play_id":"ee3cbf4b-c2ca-409e-a91d-5d3fa5b8be9b","local_time":"20190415170208","is_ascension_mode":true,"campfire_choices":[{"data":"Footwork","floor":6,"key":"SMITH"},{"floor":8,"key":"REST"},{"data":"Neutralize","floor":13,"key":"SMITH"},{"data":"Backstab","floor":15,"key":"SMITH"},{"data":"Backstab","floor":23,"key":"SMITH"},{"data":"Footwork","floor":27,"key":"SMITH"},{"data":"Die Die Die","floor":29,"key":"SMITH"},{"data":"Dagger Spray","floor":32,"key":"SMITH"},{"data":"Dodge and Roll","floor":40,"key":"SMITH"},{"data":"Endless Agony","floor":42,"key":"SMITH"},{"floor":49,"key":"REST"}],"neow_cost":"NONE","seed_source_timestamp":2098367302265,"circlet_count":0,"master_deck":["Defend_G","Defend_G","Defend_G","Defend_G","Defend_G","Survivor","Neutralize+1","Leg Sweep","Flying Knee","Endless Agony+1","Footwork+1","Dagger Throw","Cloak And Dagger","Backstab+1","Dash","Die Die Die+1","Bite","Bite","Bite","Bite","Bite","Footwork+1","Backstab+1","Backflip","PiercingWail","Dagger Spray+1","Burst+1","Deflect","Dodge and Roll+1","Good Instincts","After Image","Dodge and Roll","Crippling Poison+1","Flechettes+1"],"relics":["Ring of the Snake","Orichalcum","Pear","Anchor","Odd Mushroom","Eternal Feather","Smiling Mask","Oddly Smooth Stone","Regal Pillow","Runic Pyramid","Molten Egg 2","Bronze Scales","Bag of Marbles","Pen Nib"],"potions_floor_usage":[7,10,16,28,33,33],"damage_taken":[{"damage":0,"enemies":"Small Slimes","floor":1,"turns":4},{"damage":0,"enemies":"2 Louse","floor":2,"turns":3},{"damage":2,"enemies":"Jaw Worm","floor":3,"turns":4},{"damage":10,"enemies":"2 Fungi Beasts","floor":4,"turns":5},{"damage":27,"enemies":"Lagavulin","floor":7,"turns":12},{"damage":10,"enemies":"3 Sentries","floor":10,"turns":12},{"damage":12,"enemies":"Gremlin Nob","floor":12,"turns":4},{"damage":0,"enemies":"The Mushroom Lair","floor":14,"turns":5},{"damage":28,"enemies":"Hexaghost","floor":16,"turns":16},{"damage":0,"enemies":"Shell Parasite","floor":18,"turns":8},{"damage":2,"enemies":"Chosen","floor":24,"turns":5},{"damage":39,"enemies":"Book of Stabbing","floor":28,"turns":9},{"damage":20,"enemies":"Slavers","floor":30,"turns":24},{"damage":21,"enemies":"Sentry and Sphere","floor":31,"turns":10},{"damage":103,"enemies":"Automaton","floor":33,"turns":21},{"damage":5,"enemies":"Orb Walker","floor":35,"turns":5},{"damage":0,"enemies":"3 Shapes","floor":36,"turns":4},{"damage":31,"enemies":"Nemesis","floor":41,"turns":17},{"damage":50,"enemies":"Reptomancer","floor":45,"turns":16},{"damage":9,"enemies":"3 Darklings","floor":46,"turns":7},{"damage":38,"enemies":"Maw","floor":48,"turns":12},{"damage":93,"enemies":"Awakened One","floor":50,"turns":36}],"seed_played":"-5393424465646085562","potions_obtained":[{"floor":3,"key":"Weak Potion"},{"floor":4,"key":"PowerPotion"},{"floor":14,"key":"Poison Potion"},{"floor":16,"key":"Weak Potion"},{"floor":24,"key":"PowerPotion"},{"floor":31,"key":"Weak Potion"},{"floor":33,"key":"SteroidPotion"},{"floor":35,"key":"Block Potion"}],"is_trial":false,"path_per_floor":["M","M","M","M","$","R","E","R","T","E","$","E","R","?","R","B",null,"M","?","?","$","?","R","M","?","T","R","E","R","E","M","R","B",null,"M","M","$","?","$","R","E","R","T","$","E","M","T","M","R","B",null],"character_chosen":"THE_SILENT","items_purchased":["Dagger Throw","Sucker Punch","Block Potion","Backstab","Footwork","Backstab","Backflip","Deflect","Dodge and Roll","Good Instincts","After Image","Dodge and Roll"],"campfire_rested":2,"item_purchase_floors":[5,5,5,11,21,21,21,39,39,39,44,44],"current_hp_per_floor":[63,63,61,51,51,51,24,45,45,47,47,37,37,39,39,13,63,65,65,65,65,65,77,80,80,80,80,57,72,80,75,80,9,62,67,75,75,75,75,80,75,80,80,80,48,49,49,23,80,35],"gold":66,"neow_bonus":"HUNDRED_GOLD","is_prod":false,"is_daily":false,"chose_seed":false,"campfire_upgraded":9,"win_rate":0,"timestamp":1555358528,"path_taken":["M","M","M","M","$","R","E","R","T","E","$","E","R","?","R","BOSS","M","?","?","$","?","R","?","?","T","R","E","R","E","M","R","BOSS","M","M","$","?","$","R","E","R","T","?","E","?","?","M","R","BOSS"],"build_version":"2019-01-23","purchased_purges":1,"victory":true,"max_hp_per_floor":[70,70,70,70,70,70,70,70,70,80,80,80,80,80,80,80,80,80,80,80,80,80,80,80,80,80,80,80,80,80,80,80,80,80,80,80,80,80,80,80,80,80,80,80,80,80,80,80,80,80],"card_choices":[{"not_picked":["Poisoned Stab","Deadly Poison"],"picked":"Leg Sweep","floor":1},{"not_picked":["Dagger Throw","Reflex"],"picked":"Flying Knee","floor":2},{"not_picked":["Dodge and Roll","Masterful Stab"],"picked":"Endless Agony","floor":3},{"not_picked":["Eviscerate","Quick Slash"],"picked":"Footwork","floor":4},{"not_picked":["Sucker Punch","Dagger Spray"],"picked":"Cloak And Dagger","floor":7},{"not_picked":["Choke","Blade Dance","Envenom"],"picked":"SKIP","floor":10},{"not_picked":["Accuracy","Cloak And Dagger"],"picked":"Dash","floor":12},{"not_picked":["Grand Finale","Phantasmal Killer"],"picked":"Die Die Die","floor":16},{"not_picked":["Underhanded Strike","Blade Dance","Poisoned Stab"],"picked":"SKIP","floor":18},{"not_picked":["Infinite Blades+1","Caltrops"],"picked":"PiercingWail","floor":24},{"not_picked":["Bane","Deadly Poison","Poisoned Stab"],"picked":"SKIP","floor":28},{"not_picked":["Dagger Throw","Poisoned Stab+1"],"picked":"Well Laid Plans","floor":30},{"not_picked":["Riddle With Holes","Prepared+1"],"picked":"Dagger Spray","floor":31},{"not_picked":["Corpse Explosion","Venomology"],"picked":"Burst","floor":33},{"not_picked":["Outmaneuver","Infinite Blades","Dagger Spray"],"picked":"SKIP","floor":35},{"not_picked":["Dagger Throw+1","Accuracy","Heel Hook+1"],"picked":"SKIP","floor":36},{"not_picked":["Deadly Poison","Slice","Distraction+1"],"picked":"SKIP","floor":41},{"not_picked":["Blade Dance","Catalyst+1"],"picked":"Crippling Poison+1","floor":45},{"not_picked":["Dagger Throw+1","Blade Dance"],"picked":"Flechettes+1","floor":46},{"not_picked":["Quick Slash+1","Skewer+1","Doppelganger"],"picked":"SKIP","floor":48}],"player_experience":628361,"relics_obtained":[{"floor":7,"key":"Blood Vial"},{"floor":9,"key":"Orichalcum"},{"floor":10,"key":"Pear"},{"floor":12,"key":"Anchor"},{"floor":14,"key":"Odd Mushroom"},{"floor":26,"key":"Oddly Smooth Stone"},{"floor":28,"key":"Regal Pillow"},{"floor":41,"key":"Molten Egg 2"},{"floor":43,"key":"Bronze Scales"},{"floor":45,"key":"Bag of Marbles"},{"floor":47,"key":"Pen Nib"}],"event_choices":[{"damage_healed":0,"gold_gain":0,"player_choice":"Fought Mushrooms","damage_taken":0,"max_hp_gain":0,"max_hp_loss":0,"event_name":"Mushrooms","floor":14,"gold_loss":0},{"damage_healed":0,"gold_gain":0,"player_choice":"Became a vampire (Vial)","damage_taken":0,"max_hp_gain":0,"max_hp_loss":0,"event_name":"Vampires","floor":19,"relics_lost":["Blood Vial"],"gold_loss":0,"cards_obtained":["Bite","Bite","Bite","Bite","Bite"]},{"damage_healed":0,"gold_gain":0,"player_choice":"Opened","damage_taken":0,"relics_obtained":["Smiling Mask"],"max_hp_gain":0,"max_hp_loss":0,"event_name":"The Mausoleum","floor":20,"gold_loss":0},{"cards_removed":["Sucker Punch"],"damage_healed":0,"gold_gain":0,"player_choice":"Purged","damage_taken":0,"max_hp_gain":0,"max_hp_loss":0,"event_name":"Purifier","floor":22,"gold_loss":0},{"damage_healed":0,"gold_gain":0,"player_choice":"Ignored","damage_taken":0,"max_hp_gain":0,"max_hp_loss":0,"event_name":"Beggar","floor":25,"gold_loss":0},{"damage_healed":0,"gold_gain":0,"player_choice":"Upgrade","damage_taken":0,"max_hp_gain":0,"max_hp_loss":0,"event_name":"Designer","floor":38,"gold_loss":40,"cards_upgraded":["Burst"]}],"is_beta":false,"boss_relics":[{"not_picked":["Velvet Choker","Black Star"],"picked":"Eternal Feather"},{"not_picked":["Runic Dome","Tiny House"],"picked":"Runic Pyramid"}],"items_purged_floors":[39],"is_endless":false,"potions_floor_spawned":[3,4,14,16,24,31,33,35,48],"ascension_level":7}