{"gold_per_floor":[115,115,115,115,128,128,140,159,159,159,171,96,96,422,422,422],"floor_reached":16,"playtime":417,"items_purged":["Strike_R"],"score":105,"play_id":"3802aea3-e0a9-4ef8-86b0-3fce85062b17","local_time":"20190324224713","is_ascension_mode":true,"campfire_choices":[{"data":"Offering","floor":6,"key":"SMITH"},{"data":"Whirlwind","floor":15,"key":"SMITH"}],"neow_cost":"TEN_PERCENT_HP_LOSS","seed_source_timestamp":523306218541700,"circlet_count":0,"master_deck":["Strike_R","Strike_R","Strike_R","Defend_R","Defend_R","Defend_R","Defend_R","Bash","Offering+1","Whirlwind+1"],"relics":["Burning Blood","FossilizedHelix","Ornamental Fan","Old Coin"],"potions_floor_usage":[14,16],"damage_taken":[{"damage":9,"enemies":"2 Louse","floor":1,"turns":3},{"damage":6,"enemies":"Cultist","floor":5,"turns":2},{"damage":11,"enemies":"Jaw Worm","floor":7,"turns":5},{"damage":19,"enemies":"Gremlin Gang","floor":8,"turns":6},{"damage":0,"enemies":"Looter","floor":11,"turns":4},{"damage":31,"enemies":"3 Sentries","floor":14,"turns":7},{"damage":77,"enemies":"The Guardian","floor":16,"turns":15}],"seed_played":"1708941527941592806","potions_obtained":[{"floor":1,"key":"Regen Potion"},{"floor":5,"key":"FearPotion"}],"is_trial":false,"path_per_floor":["M","$","?","$","M","R","M","M","T","T","M","$","$","E","R","B"],"character_chosen":"IRONCLAD","items_purchased":[],"campfire_rested":0,"item_purchase_floors":[],"current_hp_per_floor":[69,69,69,69,69,69,64,51,51,51,57,57,57,47,47,0],"gold":422,"neow_bonus":"THREE_RARE_CARDS","is_prod":false,"is_daily":false,"chose_seed":false,"campfire_upgraded":2,"win_rate":0,"timestamp":1553492833,"path_taken":["M","$","?","?","M","R","M","?","T","?","M","?","$","E","R","BOSS"],"build_version":"2019-01-23","purchased_purges":1,"victory":false,"max_hp_per_floor":[72,72,72,72,72,72,72,72,72,72,72,72,72,72,72,72],"card_choices":[{"not_picked":["Bludgeon","Juggernaut"],"picked":"Offering","floor":0},{"not_picked":["Armaments","Warcry","Thunderclap"],"picked":"SKIP","floor":1},{"not_picked":["Warcry","Havoc","Power Through"],"picked":"SKIP","floor":5},{"not_picked":["True Grit","Clash","Wild Strike"],"picked":"SKIP","floor":7},{"not_picked":["Ghostly Armor","Inflame"],"picked":"Whirlwind","floor":8},{"not_picked":["Wild Strike","Rage","Inflame"],"picked":"SKIP","floor":11},{"not_picked":["Shrug It Off","Entrench","Bludgeon"],"picked":"SKIP","floor":14}],"player_experience":832595,"relics_obtained":[{"floor":9,"key":"FossilizedHelix"},{"floor":10,"key":"Ornamental Fan"},{"floor":14,"key":"Old Coin"}],"event_choices":[{"cards_removed":["Strike_R"],"damage_healed":0,"gold_gain":0,"player_choice":"Purged","damage_taken":0,"max_hp_gain":0,"max_hp_loss":0,"event_name":"Purifier","floor":3,"gold_loss":0}],"is_beta":false,"boss_relics":[],"items_purged_floors":[12],"is_endless":false,"potions_floor_spawned":[1,5],"killed_by":"The Guardian","ascension_level":1}