{"gold_per_floor":[113,113,128,144,157,197,197,211,235,274,274,300,300,323,323,446,446,469,50,70,90,113,144,144,144,144,144,159,59,72,86,86,216,279,294,313,329,329,342,342,62,62,89,113,131,155,155,168,168,168],"floor_reached":50,"playtime":1875,"items_purged":["Strike_R","Rupture+1","Strike_R"],"score":532,"play_id":"59f7b5aa-5402-4799-94d7-d5257aeea370","local_time":"20190419102147","is_ascension_mode":false,"campfire_choices":[{"data":"Bash","floor":7.0,"key":"SMITH"},{"floor":11.0,"key":"REST"},{"data":"Thunderclap","floor":13.0,"key":"SMITH"},{"data":"Clash","floor":15.0,"key":"SMITH"},{"floor":24.0,"key":"REST"},{"data":"Feed","floor":27.0,"key":"SMITH"},{"floor":32.0,"key":"REST"},{"floor":40.0,"key":"REST"},{"data":"Clash","floor":42.0,"key":"SMITH"},{"floor":47.0,"key":"REST"},{"floor":49.0,"key":"REST"}],"neow_cost":"NONE","seed_source_timestamp":661929915191800,"circlet_count":0,"master_deck":["Strike_R","Defend_R+1","Defend_R+1","Defend_R+1","Bash+1","Thunderclap+1","Clash+1","Feed+1","Armaments+1","Pommel Strike+1","Clash+1","Headbutt","Shrug It Off+1","Flex+1","Flex+1"],"special_seed":0,"relics":["Burning Blood","Golden Idol","Pantograph","War Paint","Juzu Bracelet","Pen Nib","Astrolabe","Kunai","Ancient Tea Set","Calipers","Tiny House","Orichalcum","Art of War"],"potions_floor_usage":[50],"damage_taken":[{"damage":3.0,"enemies":"2 Louse","floor":1.0,"turns":4.0},{"damage":8.0,"enemies":"Jaw Worm","floor":3.0,"turns":4.0},{"damage":1.0,"enemies":"Cultist","floor":4.0,"turns":4.0},{"damage":5.0,"enemies":"Large Slime","floor":5.0,"turns":6.0},{"damage":21.0,"enemies":"Lagavulin","floor":6.0,"turns":4.0},{"damage":2.0,"enemies":"3 Louse","floor":8.0,"turns":4.0},{"damage":15.0,"enemies":"3 Sentries","floor":10.0,"turns":9.0},{"damage":0.0,"enemies":"Red Slaver","floor":14.0,"turns":3.0},{"damage":45.0,"enemies":"The Guardian","floor":16.0,"turns":6.0},{"damage":22.0,"enemies":"3 Byrds","floor":18.0,"turns":4.0},{"damage":10.0,"enemies":"Shell Parasite","floor":20.0,"turns":4.0},{"damage":16.0,"enemies":"Centurion and Healer","floor":21.0,"turns":6.0},{"damage":13.0,"enemies":"3 Cultists","floor":22.0,"turns":4.0},{"damage":25.0,"enemies":"Slavers","floor":23.0,"turns":4.0},{"damage":27.0,"enemies":"Sentry and Sphere","floor":28.0,"turns":6.0},{"damage":16.0,"enemies":"Centurion and Healer","floor":30.0,"turns":5.0},{"damage":0.0,"enemies":"3 Cultists","floor":31.0,"turns":5.0},{"damage":56.0,"enemies":"Collector","floor":33.0,"turns":8.0},{"damage":17.0,"enemies":"Orb Walker","floor":35.0,"turns":4.0},{"damage":11.0,"enemies":"3 Darklings","floor":36.0,"turns":6.0},{"damage":37.0,"enemies":"Maw","floor":37.0,"turns":9.0},{"damage":12.0,"enemies":"Sphere and 2 Shapes","floor":39.0,"turns":4.0},{"damage":51.0,"enemies":"Transient","floor":44.0,"turns":5.0},{"damage":26.0,"enemies":"Writhing Mass","floor":45.0,"turns":6.0},{"damage":2.0,"enemies":"Jaw Worm Horde","floor":46.0,"turns":4.0},{"damage":7.0,"enemies":"Sphere and 2 Shapes","floor":48.0,"turns":4.0},{"damage":146,"enemies":"Donu and Deca","floor":50,"turns":8}],"seed_played":"1723439006805533796","potions_obtained":[{"floor":0.0,"key":"EntropicBrew"},{"floor":0.0,"key":"Weak Potion"},{"floor":0.0,"key":"Fire Potion"},{"floor":1.0,"key":"Strength Potion"},{"floor":8.0,"key":"Block Potion"},{"floor":14.0,"key":"Strength Potion"},{"floor":20.0,"key":"PowerPotion"},{"floor":28.0,"key":"Block Potion"},{"floor":34.0,"key":"SkillPotion"},{"floor":48.0,"key":"Fruit Juice"}],"is_trial":false,"path_per_floor":["M","?","M","M","M","E","R","M","T","E","R","T","R","M","R","B",null,"M","$","M","M","M","E","R","?","T","R","M","$","M","M","R","B",null,"M","M","M","?","M","R","$","R","T","M","M","M","R","M","R","B"],"character_chosen":"IRONCLAD","items_purchased":["Kunai","Clash","SteroidPotion","Orichalcum"],"campfire_rested":6,"item_purchase_floors":[19,19,19,41],"current_hp_per_floor":[80,60,58,63,64,49,49,53,53,44,68,68,68,74,74,41,80,68,68,67,60,57,41,70,61,61,61,44,44,38,48,80,59,118,107,106,75,75,69,103,103,103,103,58,38,46,82,90,128,0],"gold":168,"neow_bonus":"THREE_SMALL_POTIONS","is_prod":false,"is_daily":false,"chose_seed":false,"campfire_upgraded":5,"win_rate":0,"timestamp":1555662107,"path_taken":["M","?","M","M","M","E","R","M","T","E","R","?","R","M","R","BOSS","M","$","M","M","M","E","R","?","T","R","M","$","M","M","R","BOSS","M","M","M","?","M","R","$","R","T","M","M","M","R","M","R","BOSS"],"build_version":"2019-01-23","purchased_purges":3,"victory":false,"max_hp_per_floor":[80,80,80,80,80,80,80,80,80,80,80,80,80,80,80,80,80,84,84,87,90,94,97,97,97,97,97,101,101,105,109,109,113,118,118,122,122,116,116,116,116,116,116,116,116,120,120,129,129,129],"card_choices":[{"not_picked":["Cleave","Heavy Blade"],"picked":"Thunderclap","floor":1.0},{"not_picked":["Bloodletting","Perfected Strike","Havoc"],"picked":"SKIP","floor":3.0},{"not_picked":["Entrench","Dark Embrace"],"picked":"Clash","floor":4.0},{"not_picked":["Heavy Blade","Pommel Strike","Wild Strike"],"picked":"SKIP","floor":5.0},{"not_picked":["Flame Barrier","Burning Pact","Intimidate"],"picked":"SKIP","floor":6.0},{"not_picked":["Havoc","Second Wind","Anger"],"picked":"SKIP","floor":8.0},{"not_picked":["Metallicize","Pommel Strike","Perfected Strike"],"picked":"SKIP","floor":10.0},{"not_picked":["Seeing Red","Warcry","Armaments"],"picked":"SKIP","floor":14.0},{"not_picked":["Double Tap","Exhume"],"picked":"Feed","floor":16.0},{"not_picked":["Headbutt","Carnage","Cleave"],"picked":"SKIP","floor":18.0},{"not_picked":["Ghostly Armor","Havoc","Intimidate"],"picked":"SKIP","floor":20.0},{"not_picked":["Ghostly Armor","Havoc","Intimidate"],"picked":"SKIP","floor":20.0},{"not_picked":["Anger","Armaments"],"picked":"Headbutt","floor":21.0},{"not_picked":["True Grit","Carnage","Clothesline"],"picked":"SKIP","floor":22.0},{"not_picked":["Brutality","Sentinel","Havoc+1"],"picked":"SKIP","floor":23.0},{"not_picked":["Pommel Strike+1","Seeing Red","Perfected Strike+1"],"picked":"SKIP","floor":28.0},{"not_picked":["Perfected Strike+1","Heavy Blade","Iron Wave+1"],"picked":"SKIP","floor":30.0},{"not_picked":["Anger","Cleave"],"picked":"Shrug It Off+1","floor":31.0},{"not_picked":["Cleave","Clash"],"picked":"Flex+1","floor":34.0},{"not_picked":["Havoc+1","Reckless Charge+1","Iron Wave+1"],"picked":"SKIP","floor":35.0},{"not_picked":["Corruption+1","Shrug It Off","Body Slam+1"],"picked":"SKIP","floor":36.0},{"not_picked":["Juggernaut","Iron Wave","Cleave+1"],"picked":"SKIP","floor":37.0},{"not_picked":["Battle Trance+1","Burning Pact","Cleave+1"],"picked":"SKIP","floor":39.0},{"not_picked":["Clash","Rupture","Body Slam"],"picked":"SKIP","floor":44.0},{"not_picked":["Shrug It Off","Clothesline+1","Sword Boomerang+1"],"picked":"SKIP","floor":45.0},{"not_picked":["Carnage","Reckless Charge"],"picked":"Flex+1","floor":46.0},{"not_picked":["Battle Trance+1","Havoc+1","Flex"],"picked":"SKIP","floor":48.0}],"player_experience":609979,"relics_obtained":[{"floor":6.0,"key":"Pantograph"},{"floor":9.0,"key":"War Paint"},{"floor":10.0,"key":"Juzu Bracelet"},{"floor":12.0,"key":"Pen Nib"},{"floor":23.0,"key":"Ancient Tea Set"},{"floor":26.0,"key":"Calipers"},{"floor":43.0,"key":"Art of War"}],"event_choices":[{"damage_healed":0.0,"max_hp_gain":0.0,"max_hp_loss":0.0,"gold_gain":0.0,"event_name":"Golden Idol","player_choice":"Take Damage","floor":2.0,"gold_loss":0.0,"damage_taken":20.0,"relics_obtained":["Golden Idol"]},{"damage_healed":0.0,"max_hp_gain":0.0,"max_hp_loss":0.0,"gold_gain":0.0,"event_name":"Knowing Skull","player_choice":"","floor":25.0,"potions_obtained":[],"gold_loss":0.0,"damage_taken":9.0,"cards_obtained":[]},{"damage_healed":0.0,"max_hp_gain":0.0,"max_hp_loss":6.0,"gold_gain":0.0,"event_name":"Winding Halls","player_choice":"Max HP","floor":38.0,"gold_loss":0.0,"damage_taken":0.0}],"is_beta":false,"boss_relics":[{"not_picked":["Runic Pyramid","Black Blood"],"picked":"Astrolabe"},{"not_picked":["Snecko Eye","Pandora\u0027s Box"],"picked":"Tiny House"}],"items_purged_floors":[19,29,41],"is_endless":false,"potions_floor_spawned":[1,5,8,14,20,22,28,30,31,35,37,45,46,48],"killed_by":"Donu and Deca","ascension_level":0}