{"gold_per_floor":[117,117,117,117,38,64,92,92,92,121,135,147,147,164,164,265,265,284,284,209,62,1,28,46,65,119,134,148,164,164,182,182,279,279,293,293,293,313,138,138,171,171,226,251,103,103,115,145,145,145],"floor_reached":51,"playtime":7647,"items_purged":["Strike_R","Strike_R"],"score":906,"play_id":"383d73b3-9774-4c7f-b556-8181255b0e17","local_time":"20190421212835","is_ascension_mode":true,"campfire_choices":[{"data":"Bash","floor":8,"key":"SMITH"},{"floor":15,"key":"REST"},{"floor":30,"key":"REST"},{"floor":32,"key":"REST"},{"data":"Demon Form","floor":40,"key":"SMITH"},{"floor":42,"key":"REST"},{"data":"Limit Break","floor":46,"key":"SMITH"},{"data":"Heavy Blade","floor":49,"key":"SMITH"}],"neow_cost":"NONE","seed_source_timestamp":791959178223500,"circlet_count":0,"master_deck":["Strike_R","Strike_R","Strike_R+1","Defend_R+1","Defend_R+1","Defend_R+1","Defend_R","Bash+1","Limit Break+1","Battle Trance","Uppercut","Perfected Strike","True Grit","Demon Form+1","Clothesline","RitualDagger","Heavy Blade+1","Clothesline","Armaments","Shockwave+1","Feed","Rage+1","Exhume","Whirlwind","Shrug It Off","Anger"],"relics":["Burning Blood","NeowsBlessing","Unceasing Top","War Paint","Oddly Smooth Stone","Odd Mushroom","Anchor","Thread and Needle","Dodecahedron","Cursed Key","Omamori","StoneCalendar","Vajra","Sozu","Bag of Preparation","PreservedInsect","Sundial","Happy Flower","Potion Belt"],"potions_floor_usage":[16,16,24,24,35],"damage_taken":[{"damage":0,"enemies":"Jaw Worm","floor":1,"turns":1},{"damage":2,"enemies":"3 Sentries","floor":6,"turns":2},{"damage":0,"enemies":"The Mushroom Lair","floor":7,"turns":1},{"damage":46,"enemies":"Lagavulin","floor":10,"turns":9},{"damage":2,"enemies":"Small Slimes","floor":11,"turns":3},{"damage":0,"enemies":"Cultist","floor":12,"turns":3},{"damage":5,"enemies":"Blue Slaver","floor":14,"turns":3},{"damage":28,"enemies":"Slime Boss","floor":16,"turns":14},{"damage":0,"enemies":"Chosen","floor":18,"turns":3},{"damage":72,"enemies":"Gremlin Leader","floor":23,"turns":8},{"damage":0,"enemies":"2 Thieves","floor":24,"turns":4},{"damage":0,"enemies":"Snecko","floor":25,"turns":3},{"damage":1,"enemies":"Snake Plant","floor":27,"turns":3},{"damage":1,"enemies":"Shelled Parasite and Fungi","floor":28,"turns":6},{"damage":20,"enemies":"Centurion and Healer","floor":29,"turns":5},{"damage":8,"enemies":"3 Cultists","floor":31,"turns":4},{"damage":16,"enemies":"Collector","floor":33,"turns":8},{"damage":10,"enemies":"3 Shapes","floor":35,"turns":5},{"damage":8,"enemies":"3 Darklings","floor":38,"turns":5},{"damage":55,"enemies":"Nemesis","floor":41,"turns":7},{"damage":14,"enemies":"Reptomancer","floor":44,"turns":5},{"damage":5,"enemies":"4 Shapes","floor":47,"turns":3},{"damage":0,"enemies":"Giant Head","floor":48,"turns":5},{"damage":13,"enemies":"Time Eater","floor":50,"turns":7}],"seed_played":"5304826923053001353","potions_obtained":[{"floor":1,"key":"LiquidBronze"},{"floor":6,"key":"Dexterity Potion"},{"floor":11,"key":"Block Potion"},{"floor":23,"key":"Block Potion"},{"floor":24,"key":"Fire Potion"}],"is_trial":false,"path_per_floor":["M","?","?","?","$","E","?","R","T","E","M","M","T","M","R","B",null,"M","?","?","$","?","E","M","M","T","M","M","M","R","M","R","B",null,"M","?","?","M","$","R","E","R","T","E","$","R","M","E","R","B",null],"character_chosen":"IRONCLAD","items_purchased":["Limit Break","Heavy Blade","Clothesline","Whirlwind","Happy Flower"],"campfire_rested":4,"item_purchase_floors":[5,21,21,39,45],"current_hp_per_floor":[80,77,61,61,61,65,71,71,71,31,35,41,41,42,66,44,80,80,74,74,74,74,8,14,20,20,25,30,16,40,38,62,52,80,76,76,76,74,74,74,25,49,49,41,41,41,42,51,51,44],"gold":145,"neow_bonus":"THREE_ENEMY_KILL","is_prod":false,"is_daily":false,"chose_seed":false,"campfire_upgraded":4,"win_rate":0,"timestamp":1555896515,"path_taken":["M","?","?","?","$","E","?","R","T","E","M","?","?","?","R","BOSS","M","?","?","?","?","E","M","M","T","M","?","M","R","M","R","BOSS","M","?","?","M","$","R","E","R","T","E","$","R","M","E","R","BOSS"],"build_version":"2019-01-23","purchased_purges":2,"victory":true,"max_hp_per_floor":[80,80,80,80,80,80,80,80,80,80,80,80,80,80,80,80,80,80,80,80,80,80,80,80,80,80,80,80,80,80,80,80,80,80,80,80,80,80,80,80,80,80,80,80,80,80,80,83,83,83],"card_choices":[{"not_picked":["Searing Blow","Dropkick","Flex"],"picked":"SKIP","floor":1},{"not_picked":["Reckless Charge","Dropkick"],"picked":"Battle Trance","floor":6},{"not_picked":["Shrug It Off","Shockwave"],"picked":"Uppercut","floor":10},{"not_picked":["Battle Trance","Body Slam"],"picked":"Perfected Strike","floor":11},{"not_picked":["Thunderclap","Clash","Dark Embrace"],"picked":"SKIP","floor":12},{"not_picked":["Heavy Blade","Sword Boomerang"],"picked":"True Grit","floor":14},{"not_picked":["Brutality","Double Tap"],"picked":"Demon Form","floor":16},{"not_picked":["Twin Strike+1","Searing Blow"],"picked":"Clothesline","floor":18},{"not_picked":["Evolve","Feel No Pain","Dark Embrace"],"picked":"SKIP","floor":23},{"not_picked":["Sever Soul+1","Anger"],"picked":"Armaments","floor":24},{"not_picked":["Power Through","Warcry","Iron Wave"],"picked":"SKIP","floor":25},{"not_picked":["Uppercut","Headbutt+1"],"picked":"Shockwave+1","floor":27},{"not_picked":["Second Wind","Iron Wave+1"],"picked":"Feed","floor":28},{"not_picked":["Wild Strike","Searing Blow+1"],"picked":"Rage+1","floor":29},{"not_picked":["Havoc","Wild Strike","True Grit"],"picked":"SKIP","floor":31},{"not_picked":["Fiend Fire","Juggernaut"],"picked":"Exhume","floor":33},{"not_picked":["Twin Strike","Intimidate+1","Havoc"],"picked":"SKIP","floor":35},{"not_picked":["PanicButton","Forethought"],"picked":"Trip","floor":36},{"not_picked":["Fire Breathing","Twin Strike","Reckless Charge+1"],"picked":"SKIP","floor":38},{"not_picked":["Entrench","Whirlwind","Wild Strike"],"picked":"SKIP","floor":41},{"not_picked":["Intimidate+1","Second Wind","Headbutt+1"],"picked":"SKIP","floor":44},{"not_picked":["Intimidate+1","Second Wind","Headbutt+1"],"picked":"SKIP","floor":44},{"not_picked":["Perfected Strike","Heavy Blade"],"picked":"Shrug It Off","floor":47},{"not_picked":["Sentinel","Twin Strike+1"],"picked":"Anger","floor":48}],"player_experience":96178,"relics_obtained":[{"floor":6,"key":"Oddly Smooth Stone"},{"floor":7,"key":"Odd Mushroom"},{"floor":9,"key":"Anchor"},{"floor":10,"key":"Thread and Needle"},{"floor":13,"key":"Dodecahedron"},{"floor":23,"key":"StoneCalendar"},{"floor":26,"key":"Vajra"},{"floor":41,"key":"Bag of Preparation"},{"floor":43,"key":"PreservedInsect"},{"floor":44,"key":"Sundial"},{"floor":48,"key":"Potion Belt"}],"event_choices":[{"damage_healed":0,"gold_gain":0,"player_choice":"Success","damage_taken":3,"relics_obtained":["Unceasing Top"],"max_hp_gain":0,"max_hp_loss":0,"event_name":"Scrap Ooze","floor":2,"gold_loss":0},{"damage_healed":0,"gold_gain":0,"player_choice":"Entered Light","damage_taken":16,"max_hp_gain":0,"max_hp_loss":0,"event_name":"Shining Light","floor":3,"gold_loss":0,"cards_upgraded":["Strike_R","Defend_R"]},{"damage_healed":0,"gold_gain":0,"player_choice":"Box","damage_taken":0,"relics_obtained":["War Paint"],"max_hp_gain":0,"max_hp_loss":0,"event_name":"Big Fish","floor":4,"gold_loss":0,"cards_obtained":["Regret"]},{"damage_healed":0,"gold_gain":0,"player_choice":"Fought Mushrooms","damage_taken":0,"max_hp_gain":0,"max_hp_loss":0,"event_name":"Mushrooms","floor":7,"gold_loss":0},{"damage_healed":0,"gold_gain":0,"player_choice":"Joined the Cult","damage_taken":6,"max_hp_gain":0,"max_hp_loss":0,"event_name":"Nest","floor":19,"gold_loss":0,"cards_obtained":["RitualDagger"]},{"cards_removed":["Regret"],"damage_healed":0,"gold_gain":0,"player_choice":"Gave Gold","damage_taken":0,"max_hp_gain":0,"max_hp_loss":0,"event_name":"Beggar","floor":20,"gold_loss":75},{"damage_healed":0,"gold_gain":0,"player_choice":"Paid Gold","damage_taken":0,"relics_obtained":["Omamori"],"max_hp_gain":0,"max_hp_loss":0,"event_name":"WeMeetAgain","floor":22,"gold_loss":61},{"damage_healed":0,"gold_gain":0,"player_choice":"Memory 1","damage_taken":0,"max_hp_gain":0,"max_hp_loss":0,"event_name":"SensoryStone","floor":36,"gold_loss":0},{"cards_removed":["Trip"],"damage_healed":0,"gold_gain":0,"player_choice":"Removed Skill","damage_taken":0,"max_hp_gain":0,"max_hp_loss":0,"event_name":"Falling","floor":37,"gold_loss":0}],"is_beta":false,"boss_relics":[{"not_picked":["Calling Bell","White Beast Statue"],"picked":"Cursed Key"},{"not_picked":["Busted Crown","Runic Dome"],"picked":"Sozu"}],"items_purged_floors":[21,39],"is_endless":false,"potions_floor_spawned":[1,6,11,23,24,41,47],"ascension_level":3}