{"gold_per_floor":[109,122,142,142,155,190,190,190,190,190,206,234,16,35,35,140,140,150,65,165,178,193,193,37,55,133,168,182,182,182,199,199,297,297,310,310,25,0,10,10,24,49,73,106,106,29,79,98,98,98],"floor_reached":51,"playtime":2732,"items_purged":["Strike_B"],"score":1099,"play_id":"3c45117c-2f26-42f8-8d88-594f6b7987c7","local_time":"20181015144623","is_ascension_mode":true,"campfire_choices":[{"data":"Echo Form","floor":8,"key":"SMITH"},{"floor":15,"key":"REST"},{"data":"Seek","floor":23,"key":"SMITH"},{"data":"Beam Cell","floor":32,"key":"SMITH"},{"data":"Chill","floor":40,"key":"SMITH"},{"data":"Defragment","floor":49,"key":"SMITH"}],"neow_cost":"NONE","seed_source_timestamp":252659635186475,"circlet_count":0,"master_deck":["Defend_B","Defend_B","Defend_B","Zap","Dualcast","AscendersBane","Streamline+1","Leap","Conserve Battery+1","Auto Shields","Echo Form+1","Go for the Eyes","Self Repair","Melter","Seek+1","Beam Cell+1","Electrodynamics","Genetic Algorithm+1","Hologram+1","Consume+1","Go for the Eyes","Madness","Madness","Chill+1","Ball Lightning+1","Double Energy+1","Tempest+1","Go for the Eyes+1","Defragment+1","White Noise"],"relics":["Cracked Core","Strawberry","Matryoshka","Omamori","Pantograph","Odd Mushroom","Orichalcum","Nuclear Battery","Shuriken","Bag of Preparation","Tiny Chest","Vajra","Meat on the Bone","Symbiotic Virus","Bag of Marbles","Astrolabe","Runic Capacitor","Red Mask","PreservedInsect","DataDisk","Du-Vu Doll","Ginger","Turnip"],"potions_floor_usage":[6,11,14,27,33,39,42,42,45],"damage_taken":[{"damage":3,"enemies":"Jaw Worm","floor":1,"turns":4},{"damage":7,"enemies":"Small Slimes","floor":2,"turns":2},{"damage":1,"enemies":"Cultist","floor":3,"turns":4},{"damage":10,"enemies":"Looter","floor":5,"turns":4},{"damage":13,"enemies":"Gremlin Nob","floor":6,"turns":4},{"damage":9,"enemies":"Lots of Slimes","floor":11,"turns":4},{"damage":0,"enemies":"The Mushroom Lair","floor":12,"turns":4},{"damage":4,"enemies":"Large Slime","floor":14,"turns":7},{"damage":27,"enemies":"The Guardian","floor":16,"turns":15},{"damage":4,"enemies":"Shell Parasite","floor":18,"turns":6},{"damage":0,"enemies":"Spheric Guardian","floor":21,"turns":3},{"damage":20,"enemies":"Shelled Parasite and Fungi","floor":22,"turns":8},{"damage":19,"enemies":"Chosen and Byrds","floor":25,"turns":6},{"damage":36,"enemies":"Slavers","floor":27,"turns":10},{"damage":26,"enemies":"Sentry and Sphere","floor":28,"turns":5},{"damage":3,"enemies":"Centurion and Healer","floor":31,"turns":7},{"damage":35,"enemies":"Champ","floor":33,"turns":12},{"damage":10,"enemies":"3 Shapes","floor":35,"turns":4},{"damage":0,"enemies":"Orb Walker","floor":39,"turns":4},{"damage":8,"enemies":"4 Shapes","floor":41,"turns":5},{"damage":11,"enemies":"2 Orb Walkers","floor":42,"turns":4},{"damage":25,"enemies":"Giant Head","floor":44,"turns":7},{"damage":11,"enemies":"Mind Bloom Boss Battle","floor":45,"turns":6},{"damage":0,"enemies":"Mysterious Sphere","floor":47,"turns":3},{"damage":0,"enemies":"Reptomancer","floor":48,"turns":5},{"damage":28,"enemies":"Time Eater","floor":50,"turns":11}],"seed_played":"-1382556806269468793","potions_obtained":[{"floor":5,"key":"Weak Potion"},{"floor":6,"key":"AttackPotion"},{"floor":11,"key":"GamblersBrew"},{"floor":12,"key":"SpeedPotion"},{"floor":16,"key":"Weak Potion"},{"floor":33,"key":"Swift Potion"},{"floor":35,"key":"Explosive Potion"},{"floor":41,"key":"PowerPotion"},{"floor":44,"key":"SkillPotion"},{"floor":45,"key":"Weak Potion"},{"floor":48,"key":"GamblersBrew"}],"is_trial":false,"path_per_floor":["M","M","M","?","M","E","?","R","T","?","M","?","$","M","R","B",null,"M","?","?","M","M","R","$","M","T","E","M","T","T","M","R","B",null,"M","?","$","?","M","R","M","E","T","E","?","$","?","M","R","B"],"character_chosen":"DEFECT","items_purchased":["Orichalcum","Bag of Preparation","Runic Capacitor","Chill","Defragment"],"campfire_rested":1,"item_purchase_floors":[13,24,37,37,46],"current_hp_per_floor":[72,65,64,64,54,41,41,41,41,25,16,16,16,19,43,48,74,77,77,77,77,64,64,64,52,52,30,23,23,23,39,39,48,74,71,61,61,61,68,68,67,56,56,57,82,82,82,82,82,61],"gold":98,"neow_bonus":"RANDOM_COMMON_RELIC","is_prod":false,"is_daily":false,"chose_seed":false,"campfire_upgraded":5,"win_rate":0,"timestamp":1539607583,"path_taken":["M","M","M","?","M","E","?","R","T","?","M","?","$","?","R","BOSS","M","?","?","?","M","R","$","M","T","E","M","?","?","?","R","BOSS","M","?","$","?","M","R","M","E","T","E","?","?","?","M","R","BOSS"],"build_version":"2018-10-11","purchased_purges":1,"victory":true,"max_hp_per_floor":[82,82,82,82,82,82,82,82,82,82,82,82,82,82,82,82,82,82,82,82,82,82,82,82,82,82,82,82,82,82,82,82,82,82,82,82,82,82,82,82,82,82,82,82,82,82,82,82,82,82],"card_choices":[{"not_picked":["Turbo","Rebound"],"picked":"Streamline","floor":1},{"not_picked":["Compile Driver","Go for the Eyes"],"picked":"Leap","floor":2},{"not_picked":["Stack","Rip and Tear"],"picked":"Conserve Battery","floor":3},{"not_picked":["Rebound","Barrage"],"picked":"Auto Shields","floor":5},{"not_picked":["Chaos","Gash","Cold Snap"],"picked":"SKIP","floor":6},{"not_picked":["Barrage","All For One"],"picked":"Go for the Eyes","floor":11},{"not_picked":["Undo","Cold Snap"],"picked":"Self Repair","floor":12},{"not_picked":["Cold Snap","Leap"],"picked":"Melter","floor":14},{"not_picked":["Amplify","Fission"],"picked":"Seek","floor":16},{"not_picked":["Glacier","Redo","Reinforced Body"],"picked":"SKIP","floor":18},{"not_picked":["Tempest","Consume","Gash"],"picked":"SKIP","floor":21},{"not_picked":["Darkness","Aggregate"],"picked":"Beam Cell","floor":22},{"not_picked":["Heatsinks+1","Chill","Steam+1"],"picked":"SKIP","floor":25},{"not_picked":["Streamline","Stack+1","Multi-Cast"],"picked":"SKIP","floor":27},{"not_picked":["Compile Driver+1","Rebound","Reprogram"],"picked":"SKIP","floor":28},{"not_picked":["Storm","Redo+1","Stack"],"picked":"SKIP","floor":31},{"not_picked":["Multi-Cast","Biased Cognition"],"picked":"Electrodynamics","floor":33},{"not_picked":["Streamline","Beam Cell"],"picked":"Go for the Eyes","floor":35},{"not_picked":["Stack","Rebound"],"picked":"Ball Lightning+1","floor":39},{"not_picked":["Redo+1","Consume+1"],"picked":"Double Energy+1","floor":41},{"not_picked":["Storm+1","Conserve Battery+1"],"picked":"Tempest+1","floor":42},{"not_picked":["Cold Snap","Streamline"],"picked":"Go for the Eyes+1","floor":44},{"not_picked":["Leap+1","Steam"],"picked":"White Noise","floor":47},{"not_picked":["Rebound","Cold Snap","FTL"],"picked":"SKIP","floor":48}],"player_experience":556749,"relics_obtained":[{"floor":6,"key":"Matryoshka"},{"floor":9,"key":"Omamori"},{"floor":9,"key":"Pantograph"},{"floor":12,"key":"Odd Mushroom"},{"floor":26,"key":"Tiny Chest"},{"floor":26,"key":"Vajra"},{"floor":27,"key":"Meat on the Bone"},{"floor":29,"key":"Symbiotic Virus"},{"floor":30,"key":"Bag of Marbles"},{"floor":42,"key":"PreservedInsect"},{"floor":43,"key":"DataDisk"},{"floor":44,"key":"Du-Vu Doll"},{"floor":45,"key":"Ginger"},{"floor":47,"key":"Turnip"}],"event_choices":[{"event_name":"Golden Idol","player_choice":"Ignored","floor":4,"damage_taken":0},{"event_name":"Transmorgrifier","player_choice":"Transform","floor":7,"damage_taken":0},{"event_name":"Shining Light","player_choice":"Entered Light","floor":10,"damage_taken":0},{"event_name":"Mushrooms","player_choice":"Fought Mushrooms","floor":12,"damage_taken":0},{"event_name":"Addict","player_choice":"Obtained Relic","floor":19,"damage_taken":0},{"event_name":"Golden Shrine","player_choice":"Pray","floor":20,"damage_taken":0},{"event_name":"Winding Halls","player_choice":"Embrace Madness","floor":36,"damage_taken":0},{"event_name":"Tomb of Lord Red Mask","player_choice":"Paid","floor":38,"damage_taken":0},{"event_name":"MindBloom","player_choice":"Fight","floor":45,"damage_taken":0},{"event_name":"Mysterious Sphere","player_choice":"Fight","floor":47,"damage_taken":0}],"is_beta":false,"boss_relics":[{"not_picked":["Tiny House","Fusion Hammer"],"picked":"Nuclear Battery"},{"not_picked":["Snecko Eye","Lizard Tail"],"picked":"Astrolabe"}],"items_purged_floors":[13],"is_endless":false,"potions_floor_spawned":[5,6,11,12,16,18,33,35,41,44,45,48],"ascension_level":11}