{"gold_per_floor":[111,122,132,132,132,132,161,175,175,175],"floor_reached":10,"playtime":652,"items_purged":[],"score":136,"play_id":"2ad32d01-0d01-4f95-89ca-8971864a5372","local_time":"20190308160832","is_ascension_mode":true,"campfire_choices":[{"data":"Neutralize","floor":6,"key":"SMITH"}],"neow_cost":"NONE","seed_source_timestamp":88175017128560,"circlet_count":0,"master_deck":["AscendersBane","Defend_G","Defend_G","Defend_G","Defend_G","Defend_G","Strike_G+1","Strike_G","Strike_G+1","Strike_G","Survivor","Neutralize+1","Sucker Punch","Caltrops","Poisoned Stab+1","Caltrops","Dagger Spray"],"relics":["Ring of the Snake","NeowsBlessing","Whetstone","Toxic Egg 2"],"potions_floor_usage":[7,7],"damage_taken":[{"damage":0,"enemies":"Cultist","floor":1,"turns":1},{"damage":0,"enemies":"Small Slimes","floor":2,"turns":1},{"damage":0,"enemies":"Jaw Worm","floor":3,"turns":1},{"damage":47,"enemies":"Lagavulin","floor":7,"turns":12},{"damage":12,"enemies":"Exordium Thugs","floor":8,"turns":6},{"damage":12,"enemies":"3 Sentries","floor":10,"turns":2}],"seed_played":"896955622005023727","potions_obtained":[{"floor":2,"key":"Ancient Potion"},{"floor":3,"key":"Regen Potion"}],"is_trial":false,"path_per_floor":["M","M","M","?","?","R","E","M","T","E"],"character_chosen":"THE_SILENT","items_purchased":[],"campfire_rested":0,"item_purchase_floors":[],"current_hp_per_floor":[59,59,59,59,52,52,20,8,8,0],"gold":175,"neow_bonus":"THREE_ENEMY_KILL","is_prod":false,"is_daily":false,"chose_seed":false,"campfire_upgraded":1,"win_rate":0,"timestamp":1552057712,"path_taken":["M","M","M","?","?","R","E","M","T","E"],"build_version":"2019-01-23","purchased_purges":0,"victory":false,"max_hp_per_floor":[66,66,66,66,66,66,66,66,66,66],"card_choices":[{"not_picked":["Prepared","Cloak And Dagger"],"picked":"Sucker Punch","floor":1},{"not_picked":["Bane","Quick Slash"],"picked":"Caltrops","floor":2},{"not_picked":["Blade Dance","Flying Knee"],"picked":"Poisoned Stab","floor":3},{"not_picked":["Bane","Prepared"],"picked":"Caltrops","floor":7},{"not_picked":["Concentrate","Quick Slash"],"picked":"Dagger Spray","floor":8}],"player_experience":1367116,"relics_obtained":[{"floor":7,"key":"Whetstone"},{"floor":9,"key":"Toxic Egg 2"}],"event_choices":[{"damage_healed":0,"gold_gain":0,"player_choice":"Grow","damage_taken":0,"max_hp_gain":0,"max_hp_loss":0,"event_name":"Living Wall","floor":4,"gold_loss":0,"cards_upgraded":["Poisoned Stab"]},{"cards_removed":["Strike_G"],"damage_healed":0,"gold_gain":0,"player_choice":"Card Removal","damage_taken":7,"max_hp_gain":0,"max_hp_loss":0,"event_name":"Golden Wing","floor":5,"gold_loss":0}],"is_beta":false,"boss_relics":[],"items_purged_floors":[],"is_endless":false,"potions_floor_spawned":[2,3],"killed_by":"3 Sentries","ascension_level":20}