{"gold_per_floor":[110,185,203,217,190,190,219,219,299,299,313,343,343,396,396,396],"floor_reached":16,"playtime":610,"items_purged":[],"score":220,"play_id":"2486cf75-db39-4d23-98b7-cd23a08d9ddd","local_time":"20190131140930","is_ascension_mode":true,"campfire_choices":[{"data":"Crippling Poison","floor":6,"key":"SMITH"},{"data":"Poisoned Stab","floor":8,"key":"SMITH"},{"floor":10,"key":"REST"},{"floor":15,"key":"REST"}],"neow_cost":"TEN_PERCENT_HP_LOSS","seed_source_timestamp":182842517457797,"circlet_count":0,"master_deck":["AscendersBane","Defend_G","Defend_G","Defend_G","Defend_G","Defend_G","Strike_G","Strike_G","Strike_G","Strike_G","Strike_G","Survivor","Neutralize","Adrenaline","Poisoned Stab+1","Backstab","Crippling Poison+1","Acrobatics","Corpse Explosion","Bane"],"relics":["Ring of the Snake","Tough Bandages","Shuriken","Oddly Smooth Stone"],"potions_floor_usage":[16,16],"damage_taken":[{"damage":1,"enemies":"Cultist","floor":1,"turns":4},{"damage":0,"enemies":"Jaw Worm","floor":3,"turns":4},{"damage":0,"enemies":"Small Slimes","floor":4,"turns":3},{"damage":3,"enemies":"Exordium Thugs","floor":5,"turns":4},{"damage":28,"enemies":"Lagavulin","floor":7,"turns":7},{"damage":1,"enemies":"2 Fungi Beasts","floor":11,"turns":3},{"damage":15,"enemies":"3 Sentries","floor":12,"turns":4},{"damage":43,"enemies":"Slime Boss","floor":16,"turns":9}],"seed_played":"-7624962286185016416","potions_obtained":[{"floor":4,"key":"Poison Potion"},{"floor":5,"key":"AttackPotion"},{"floor":7,"key":"PowerPotion"}],"is_trial":false,"path_per_floor":["M","?","M","M","M","R","E","R","T","R","M","E","?","?","R","B"],"character_chosen":"THE_SILENT","items_purchased":[],"campfire_rested":2,"item_purchase_floors":[],"current_hp_per_floor":[58,47,47,47,44,44,16,16,16,34,33,18,23,23,42,0],"gold":396,"neow_bonus":"THREE_RARE_CARDS","is_prod":false,"is_daily":false,"chose_seed":false,"campfire_upgraded":2,"win_rate":0,"timestamp":1548940170,"path_taken":["M","?","M","M","M","R","E","R","T","R","M","E","?","?","R","BOSS"],"build_version":"2019-01-23","purchased_purges":0,"victory":false,"max_hp_per_floor":[60,60,60,60,60,60,60,60,60,60,60,60,65,65,65,65],"card_choices":[{"not_picked":["Grand Finale","Tools of the Trade"],"picked":"Adrenaline","floor":0},{"not_picked":["Dodge and Roll","Finisher"],"picked":"Poisoned Stab","floor":1},{"not_picked":["Dagger Spray","PiercingWail"],"picked":"Backstab","floor":3},{"not_picked":["Finisher","Dagger Spray"],"picked":"Crippling Poison","floor":4},{"not_picked":["Accuracy","Acrobatics","Quick Slash"],"picked":"SKIP","floor":5},{"not_picked":["Distraction","Tactician"],"picked":"Acrobatics","floor":7},{"not_picked":["Dagger Spray","Backflip"],"picked":"Corpse Explosion","floor":11},{"not_picked":["Poisoned Stab","PiercingWail"],"picked":"Bane","floor":12}],"player_experience":1274967,"relics_obtained":[{"floor":7,"key":"Tough Bandages"},{"floor":9,"key":"Shuriken"},{"floor":12,"key":"Oddly Smooth Stone"}],"event_choices":[{"damage_healed":0,"gold_gain":75,"player_choice":"Gather Gold","damage_taken":11,"max_hp_gain":0,"max_hp_loss":0,"event_name":"World of Goop","floor":2,"gold_loss":0},{"damage_healed":0,"gold_gain":0,"player_choice":"Donut","damage_taken":0,"max_hp_gain":5,"max_hp_loss":0,"event_name":"Big Fish","floor":13,"gold_loss":0},{"damage_healed":0,"gold_gain":53,"player_choice":"Gained Gold","damage_taken":0,"max_hp_gain":0,"max_hp_loss":0,"event_name":"Golden Wing","floor":14,"gold_loss":0}],"is_beta":false,"boss_relics":[],"items_purged_floors":[],"is_endless":false,"potions_floor_spawned":[4,5,7],"killed_by":"Slime Boss","ascension_level":20}