{"path_per_floor":["M","?","M","?","M","R","E","R","T","E","M","?","M","E","R","B",null,"M","M","?","M"],"character_chosen":"IRONCLAD","items_purchased":[],"gold_per_floor":[110,70,80,80,99,99,131,131,131,165,180,180,193,227,227,323,323,334,346,269,284,284],"floor_reached":22,"campfire_rested":0,"playtime":1561,"current_hp_per_floor":[80,80,80,85,84,84,54,54,54,26,24,45,51,41,41,47,76,58,47,47,8,0],"items_purged":[],"gold":284,"score":320,"play_id":"6b8ddc84-5095-4952-9595-a99fa4fc994e","local_time":"20180509223725","is_prod":false,"is_daily":false,"chose_seed":false,"is_ascension_mode":true,"campfire_upgraded":3,"timestamp":1525930645,"path_taken":["M","?","M","?","M","R","E","R","T","E","?","?","M","E","R","BOSS","M","M","?","M","M"],"build_version":"2018-05-03","seed_source_timestamp":1223525328051016,"purchased_purges":0,"victory":false,"master_deck":["Strike_R","Strike_R","Strike_R","Strike_R","Strike_R","Defend_R","Defend_R","Defend_R","Bash","Headbutt+1","Battle Trance+1","Cleave","Demon Form","Corruption+1","Parasite","Battle Trance","Feed","Headbutt","Evolve","J.A.X.","Flame Barrier"],"max_hp_per_floor":[80,80,80,85,85,85,85,85,85,85,85,85,85,85,85,85,85,85,85,85,85,85],"relics":["Burning Blood","The Courier","Kunai","Ancient Tea Set","Centennial Puzzle","Snecko Eye"],"card_choices":[{"not_picked":["Havoc","Warcry"],"picked":"Headbutt","floor":1},{"not_picked":["Thunderclap","Flex"],"picked":"Battle Trance","floor":3},{"not_picked":["Pommel Strike","Headbutt"],"picked":"Cleave","floor":5},{"not_picked":["Intimidate","Feed"],"picked":"Demon Form","floor":7},{"not_picked":["Fire Breathing","Infernal Blade"],"picked":"Corruption","floor":11},{"not_picked":["Wild Strike","True Grit"],"picked":"Battle Trance","floor":14},{"not_picked":["Barricade","Impervious"],"picked":"Feed","floor":16},{"not_picked":["True Grit","Flex"],"picked":"Headbutt","floor":18},{"not_picked":["Pommel Strike","Flex"],"picked":"Evolve","floor":19},{"not_picked":["Entrench","Wild Strike"],"picked":"Flame Barrier","floor":21}],"player_experience":380135,"potions_floor_usage":[3,7,7,10,14,14,18],"damage_taken":[{"damage":0,"enemies":"Small Slimes","floor":1,"turns":3},{"damage":0,"enemies":"Cultist","floor":3,"turns":2},{"damage":7,"enemies":"Jaw Worm","floor":5,"turns":4},{"damage":45,"enemies":"Lagavulin","floor":7,"turns":6},{"damage":34,"enemies":"Gremlin Nob","floor":10,"turns":4},{"damage":8,"enemies":"Blue Slaver","floor":11,"turns":2},{"damage":0,"enemies":"Exordium Wildlife","floor":13,"turns":3},{"damage":16,"enemies":"Lagavulin","floor":14,"turns":5},{"damage":0,"enemies":"Slime Boss","floor":16,"turns":5},{"damage":24,"enemies":"3 Byrds","floor":18,"turns":5},{"damage":17,"enemies":"Spheric Guardian","floor":19,"turns":4},{"damage":45,"enemies":"Snake Plant","floor":21,"turns":4},{"damage":9,"enemies":"Centurion and Healer","floor":22,"turns":1}],"event_choices":[{"event_name":"The Woman in Blue","player_choice":"Bought 3 Potions","floor":2,"damage_taken":0},{"event_name":"Big Fish","player_choice":"Donut","floor":4,"damage_taken":0},{"event_name":"Mushrooms","player_choice":"Healed and dodged fight","floor":12,"damage_taken":0},{"event_name":"Drug Dealer","player_choice":"Got JAXXED","floor":20,"damage_taken":0}],"boss_relics":[{"not_picked":["Orrery","Velvet Choker"],"picked":"Snecko Eye"}],"potions_floor_spawned":[5,11,13,16],"seed_played":"-2986515850110034553","killed_by":"Centurion and Healer","ascension_level":5,"is_trial":false}