{"gold_per_floor":[115,190,190,202,218,65,77,106,106,5,17,29,46,71,71,173,173,113,9,9,20,20,50,66,16,67,83,183,47,59,77,77,173,173,187,199,45,56,6,6,22,47,127,77,97,97,97,497,497,497],"floor_reached":51,"playtime":3707,"items_purged":["Strike_R","Strike_R","Strike_R","Strike_R","Defend_R","Defend_R","Defend_R"],"score":724,"play_id":"b1bb0a54-c972-42b9-820a-a8befc20b92f","local_time":"20190128191627","is_ascension_mode":false,"campfire_choices":[{"floor":15,"key":"REST"},{"floor":32,"key":"REST"},{"data":"True Grit","floor":40,"key":"SMITH"},{"floor":46,"key":"REST"},{"data":"Dual Wield","floor":49,"key":"SMITH"}],"neow_cost":"NONE","seed_source_timestamp":1183190215657700,"circlet_count":0,"master_deck":["Defend_R","Bash","Forethought","Rampage","Disarm","Shrug It Off","Ghostly Armor","Dropkick","Shrug It Off","Reaper","Inflame","Feed","Dual Wield+1","Pommel Strike","Forethought","Infernal Blade","Feel No Pain","Shockwave","Metallicize","True Grit+1","Wild Strike","Shrug It Off+1","Juggernaut","Evolve+1","Dropkick+1","Corruption","Infernal Blade","Sentinel+1","Wild Strike","Clothesline+1","Shrug It Off+1","Power Through+1"],"relics":["Burning Blood","Orichalcum","Pen Nib","Smiling Mask","Odd Mushroom","Mark of Pain","Regal Pillow","Omamori","Cursed Key","Juzu Bracelet","Shuriken","Old Coin"],"potions_floor_usage":[8,14,14,30,33,33,33,41,42,45],"damage_taken":[{"damage":2,"enemies":"2 Louse","floor":1,"turns":3},{"damage":20,"enemies":"Jaw Worm","floor":4,"turns":5},{"damage":8,"enemies":"Small Slimes","floor":5,"turns":4},{"damage":0,"enemies":"Exordium Thugs","floor":7,"turns":5},{"damage":50,"enemies":"Lagavulin","floor":8,"turns":10},{"damage":0,"enemies":"Looter","floor":11,"turns":5},{"damage":1,"enemies":"Exordium Wildlife","floor":12,"turns":5},{"damage":6,"enemies":"Blue Slaver","floor":13,"turns":5},{"damage":5,"enemies":"The Mushroom Lair","floor":14,"turns":5},{"damage":33,"enemies":"The Guardian","floor":16,"turns":14},{"damage":12,"enemies":"2 Thieves","floor":18,"turns":4},{"damage":21,"enemies":"3 Byrds","floor":21,"turns":10},{"damage":40,"enemies":"Book of Stabbing","floor":23,"turns":8},{"damage":22,"enemies":"Centurion and Healer","floor":24,"turns":10},{"damage":11,"enemies":"Snake Plant","floor":27,"turns":6},{"damage":23,"enemies":"3 Cultists","floor":30,"turns":8},{"damage":38,"enemies":"Centurion and Healer","floor":31,"turns":8},{"damage":71,"enemies":"Collector","floor":33,"turns":17},{"damage":31,"enemies":"3 Shapes","floor":35,"turns":7},{"damage":10,"enemies":"Orb Walker","floor":36,"turns":5},{"damage":0,"enemies":"4 Shapes","floor":38,"turns":6},{"damage":45,"enemies":"Jaw Worm Horde","floor":41,"turns":6},{"damage":54,"enemies":"Reptomancer","floor":42,"turns":8},{"damage":5,"enemies":"Writhing Mass","floor":45,"turns":6},{"damage":31,"enemies":"Mind Bloom Boss Battle","floor":48,"turns":6},{"damage":16,"enemies":"Time Eater","floor":50,"turns":13}],"seed_played":"-3123055550805596088","potions_obtained":[{"floor":5,"key":"FearPotion"},{"floor":11,"key":"Block Potion"},{"floor":12,"key":"Explosive Potion"},{"floor":16,"key":"SpeedPotion"},{"floor":24,"key":"PowerPotion"},{"floor":27,"key":"AttackPotion"},{"floor":31,"key":"Weak Potion"},{"floor":33,"key":"Energy Potion"},{"floor":35,"key":"SneckoOil"},{"floor":38,"key":"EssenceOfSteel"},{"floor":42,"key":"Explosive Potion"}],"is_trial":false,"path_per_floor":["M","?","?","M","M","$","M","E","T","$","M","M","M","?","R","B",null,"M","$","?","M","$","E","M","$","T","M","?","$","M","M","R","B",null,"M","M","$","M","$","R","M","E","T","$","M","R","?","?","R","B",null],"character_chosen":"IRONCLAD","items_purchased":["Orichalcum","Shrug It Off","Pommel Strike","Metallicize","True Grit","Corruption","Infernal Blade"],"campfire_rested":3,"item_purchase_floors":[6,10,19,29,29,37,37],"current_hp_per_floor":[80,69,69,55,53,53,59,15,15,15,21,26,38,47,71,56,80,78,78,78,65,65,46,45,45,45,46,46,46,46,25,66,10,89,72,68,68,89,89,89,56,16,16,16,17,60,84,63,63,64],"gold":497,"neow_bonus":"RANDOM_COLORLESS","is_prod":false,"is_daily":false,"chose_seed":false,"campfire_upgraded":2,"win_rate":0,"timestamp":1548728187,"path_taken":["M","?","?","M","M","$","M","E","T","$","M","M","M","?","R","BOSS","M","$","?","M","?","E","M","$","T","M","?","$","M","M","R","BOSS","M","M","$","M","$","R","M","E","T","$","M","R","?","?","R","BOSS"],"build_version":"2019-01-23","purchased_purges":7,"victory":true,"max_hp_per_floor":[80,80,80,80,80,80,80,80,80,80,80,80,80,80,80,80,80,80,80,80,80,80,83,83,83,83,83,83,83,86,89,89,89,89,92,92,92,95,95,95,95,95,95,95,95,95,95,95,95,98],"card_choices":[{"not_picked":["Headbutt","Heavy Blade"],"picked":"Rampage","floor":1},{"not_picked":["Cleave","Anger"],"picked":"Disarm","floor":4},{"not_picked":["Clothesline","Entrench"],"picked":"Shrug It Off","floor":5},{"not_picked":["Clash","Heavy Blade"],"picked":"Ghostly Armor","floor":7},{"not_picked":["Rupture","Twin Strike"],"picked":"Dropkick","floor":8},{"not_picked":["Warcry","Hemokinesis","Iron Wave"],"picked":"SKIP","floor":11},{"not_picked":["Flex","Armaments"],"picked":"Reaper","floor":12},{"not_picked":["True Grit","Heavy Blade","Reckless Charge"],"picked":"SKIP","floor":13},{"not_picked":["Sword Boomerang","Armaments"],"picked":"Inflame","floor":14},{"not_picked":["Impervious","Bludgeon"],"picked":"Feed","floor":16},{"not_picked":["Sword Boomerang","Clash+1"],"picked":"Dual Wield","floor":18},{"not_picked":["Carnage","True Grit"],"picked":"Infernal Blade","floor":21},{"not_picked":["Flex","Rage","Twin Strike"],"picked":"SKIP","floor":23},{"not_picked":["Clothesline","Anger+1"],"picked":"Feel No Pain","floor":24},{"not_picked":["Limit Break","Headbutt"],"picked":"Shockwave","floor":27},{"not_picked":["Second Wind+1","Thunderclap"],"picked":"Wild Strike","floor":30},{"not_picked":["Clash","Uppercut"],"picked":"Shrug It Off+1","floor":31},{"not_picked":["Brutality","Exhume"],"picked":"Juggernaut","floor":33},{"not_picked":["Flex","Inflame"],"picked":"Evolve+1","floor":35},{"not_picked":["Iron Wave","Burning Pact+1"],"picked":"Dropkick+1","floor":36},{"not_picked":["Combust+1","Clothesline+1"],"picked":"Sentinel+1","floor":38},{"not_picked":["Heavy Blade","Flex+1"],"picked":"Wild Strike","floor":41},{"not_picked":["Cleave+1","Armaments"],"picked":"Clothesline+1","floor":42},{"not_picked":["Sever Soul+1","Iron Wave"],"picked":"Shrug It Off+1","floor":45},{"not_picked":["Sword Boomerang","Flex"],"picked":"Power Through+1","floor":48}],"player_experience":414158,"relics_obtained":[{"floor":8,"key":"Pen Nib"},{"floor":9,"key":"Smiling Mask"},{"floor":14,"key":"Odd Mushroom"},{"floor":23,"key":"Regal Pillow"},{"floor":26,"key":"Omamori"},{"floor":42,"key":"Juzu Bracelet"},{"floor":43,"key":"Shuriken"},{"floor":48,"key":"Old Coin"}],"event_choices":[{"damage_healed":0,"gold_gain":75,"player_choice":"Gather Gold","damage_taken":11,"max_hp_gain":0,"max_hp_loss":0,"event_name":"World of Goop","floor":2,"gold_loss":0},{"cards_removed":["Strike_R"],"damage_healed":0,"gold_gain":0,"player_choice":"Forget","damage_taken":0,"max_hp_gain":0,"max_hp_loss":0,"event_name":"Living Wall","floor":3,"gold_loss":0},{"damage_healed":0,"gold_gain":0,"player_choice":"Fought Mushrooms","damage_taken":0,"max_hp_gain":0,"max_hp_loss":0,"event_name":"Mushrooms","floor":14,"gold_loss":0},{"damage_healed":0,"gold_gain":0,"player_choice":"Copied","damage_taken":0,"max_hp_gain":0,"max_hp_loss":0,"event_name":"Duplicator","floor":20,"gold_loss":0,"cards_obtained":["Forethought"]},{"damage_healed":0,"gold_gain":100,"player_choice":"Pray","damage_taken":0,"max_hp_gain":0,"max_hp_loss":0,"event_name":"Golden Shrine","floor":28,"gold_loss":0},{"damage_healed":24,"gold_gain":0,"player_choice":"Writhe","damage_taken":0,"max_hp_gain":0,"max_hp_loss":0,"event_name":"Winding Halls","floor":47,"gold_loss":0,"cards_obtained":["Writhe"]},{"damage_healed":0,"gold_gain":0,"player_choice":"Fight","damage_taken":0,"max_hp_gain":0,"max_hp_loss":0,"event_name":"MindBloom","floor":48,"gold_loss":0}],"is_beta":true,"boss_relics":[{"not_picked":["Orrery","Snecko Eye"],"picked":"Mark of Pain"},{"not_picked":["Fusion Hammer","White Beast Statue"],"picked":"Cursed Key"}],"items_purged_floors":[10,19,25,29,37,39,44],"is_endless":false,"potions_floor_spawned":[5,11,12,16,24,27,31,33,35,38,42],"ascension_level":0}