{"gold_per_floor":[11,27,38,38,50,85,109,168,168,178],"floor_reached":10,"playtime":537,"items_purged":[],"score":77,"play_id":"e3650565-37e0-48c9-9ca9-e719a4c383f1","local_time":"20180808132916","is_ascension_mode":true,"campfire_choices":[],"neow_cost":"NO_GOLD","seed_source_timestamp":184728275581135,"circlet_count":0,"master_deck":["Strike_R","Strike_R","Strike_R","Strike_R","Strike_R","Defend_R","Defend_R","Defend_R","Defend_R","Bash","Intimidate","Heavy Blade","Carnage"],"relics":["Burning Blood","StoneCalendar","Du-Vu Doll","Odd Mushroom","Bottled Flame","Pear"],"potions_floor_usage":[6,6,8],"damage_taken":[{"damage":6,"enemies":"Jaw Worm","floor":1,"turns":5},{"damage":1,"enemies":"Small Slimes","floor":2,"turns":5},{"damage":8,"enemies":"2 Louse","floor":3,"turns":3},{"damage":12,"enemies":"2 Fungi Beasts","floor":5,"turns":4},{"damage":21,"enemies":"3 Sentries","floor":6,"turns":7},{"damage":31,"floor":7,"turns":5},{"damage":20,"enemies":"Gremlin Nob","floor":8,"turns":4},{"damage":15,"enemies":"Exordium Wildlife","floor":10,"turns":4}],"seed_played":"-8180691844309540467","potions_obtained":[{"floor":1,"key":"Ancient Potion"},{"floor":2,"key":"PowerPotion"},{"floor":5,"key":"GamblersBrew"},{"floor":7,"key":"Fire Potion"},{"floor":10,"key":"SpeedPotion"}],"is_trial":false,"path_per_floor":["M","M","M","?","M","E","?","?","T"],"character_chosen":"IRONCLAD","items_purchased":[],"campfire_rested":0,"item_purchase_floors":[],"current_hp_per_floor":[80,80,78,78,72,57,32,18,28,19],"gold":178,"neow_bonus":"ONE_RARE_RELIC","is_prod":false,"is_daily":false,"chose_seed":false,"campfire_upgraded":0,"win_rate":0,"timestamp":1533727756,"path_taken":["M","M","M","?","M","E","?","?","T","?"],"build_version":"2018-08-02","purchased_purges":0,"victory":false,"max_hp_per_floor":[80,80,80,80,80,80,80,80,90,90],"card_choices":[{"not_picked":["Blood for Blood","Rampage"],"picked":"Intimidate","floor":1},{"not_picked":["Dropkick","Fire Breathing"],"picked":"Heavy Blade","floor":2},{"not_picked":["Pommel Strike","Combust","Perfected Strike"],"picked":"SKIP","floor":3},{"not_picked":["Hemokinesis","Thunderclap","Shockwave"],"picked":"SKIP","floor":5},{"not_picked":["Hemokinesis","Thunderclap","Shockwave"],"picked":"SKIP","floor":5},{"not_picked":["Pommel Strike","Wild Strike"],"picked":"Carnage","floor":6}],"player_experience":240078,"relics_obtained":[{"floor":6,"key":"Du-Vu Doll"},{"floor":7,"key":"Odd Mushroom"},{"floor":8,"key":"Bottled Flame"},{"floor":9,"key":"Pear"}],"event_choices":[{"event_name":"The Cleric","player_choice":"Leave","floor":4,"damage_taken":0},{"event_name":"Mushrooms","player_choice":"Fought Mushrooms","floor":7,"damage_taken":0},{"event_name":"Dead Adventurer","player_choice":"Searched \u00271\u0027 times","floor":8,"damage_taken":0}],"is_beta":false,"boss_relics":[],"items_purged_floors":[],"is_endless":false,"potions_floor_spawned":[1,2,5,7,10],"killed_by":"Exordium Wildlife","ascension_level":2}