{"gold_per_floor":[111,111,71,84,84,111,111,123,123,123,149,164,194,204,204,204],"floor_reached":16,"playtime":765,"items_purged":[],"score":150,"play_id":"0fef4099-0b8e-495a-9481-d2ab4a370975","local_time":"20190214193246","is_ascension_mode":true,"campfire_choices":[{"floor":7,"key":"REST"},{"data":"Zap","floor":10,"key":"SMITH"},{"floor":15,"key":"REST"}],"neow_cost":"TEN_PERCENT_HP_LOSS","seed_source_timestamp":2655962804090900,"circlet_count":0,"master_deck":["Strike_B","Strike_B","Defend_B","Defend_B","Defend_B","Defend_B","Zap+1","Dualcast","Blizzard","Force Field","Melter","Genetic Algorithm","Beam Cell","Hologram","Conserve Battery","Turbo","Self Repair","White Noise","Sunder"],"relics":["Cracked Core","Kunai","Happy Flower","Ornamental Fan"],"potions_floor_usage":[6,6,11,13,14,16],"damage_taken":[{"damage":6,"enemies":"Cultist","floor":1,"turns":4},{"damage":4,"enemies":"Jaw Worm","floor":4,"turns":3},{"damage":14,"enemies":"Lagavulin","floor":6,"turns":5},{"damage":0,"enemies":"Small Slimes","floor":8,"turns":2},{"damage":35,"enemies":"Gremlin Nob","floor":11,"turns":5},{"damage":9,"enemies":"Red Slaver","floor":12,"turns":4},{"damage":20,"enemies":"Lagavulin","floor":13,"turns":6},{"damage":5,"enemies":"2 Fungi Beasts","floor":14,"turns":4},{"damage":38,"enemies":"Hexaghost","floor":16,"turns":9}],"seed_played":"-4307242954629259154","potions_obtained":[{"floor":3,"key":"Poison Potion"},{"floor":3,"key":"FocusPotion"},{"floor":3,"key":"Swift Potion"},{"floor":4,"key":"Weak Potion"},{"floor":8,"key":"GamblersBrew"},{"floor":12,"key":"Energy Potion"},{"floor":13,"key":"SkillPotion"}],"is_trial":false,"path_per_floor":["M","?","?","M","?","E","R","M","T","R","E","M","E","M","R","B"],"character_chosen":"DEFECT","items_purchased":[],"campfire_rested":2,"item_purchase_floors":[],"current_hp_per_floor":[62,67,67,63,63,49,70,70,70,70,35,26,13,15,36,0],"gold":204,"neow_bonus":"TRANSFORM_TWO_CARDS","is_prod":false,"is_daily":false,"chose_seed":false,"campfire_upgraded":1,"win_rate":0,"timestamp":1550197966,"path_taken":["M","?","?","?","?","E","R","M","T","R","E","M","E","?","R","BOSS"],"build_version":"2019-02-06","purchased_purges":0,"victory":false,"max_hp_per_floor":[68,73,73,73,73,73,73,73,73,73,73,73,73,73,73,73],"card_choices":[{"not_picked":["Streamline","Redo"],"picked":"Melter","floor":1},{"not_picked":["Melter","Go for the Eyes"],"picked":"Genetic Algorithm","floor":4},{"not_picked":["Heatsinks","Streamline"],"picked":"Hologram","floor":6},{"not_picked":["Double Energy","Leap"],"picked":"Conserve Battery","floor":8},{"not_picked":["Thunder Strike","Compile Driver"],"picked":"Turbo","floor":11},{"not_picked":["Conserve Battery","Undo"],"picked":"Self Repair","floor":12},{"not_picked":["Conserve Battery","Capacitor"],"picked":"White Noise","floor":13},{"not_picked":["Static Discharge","Doom and Gloom"],"picked":"Sunder","floor":14}],"player_experience":513328,"relics_obtained":[{"floor":6,"key":"Kunai"},{"floor":11,"key":"Happy Flower"},{"floor":13,"key":"Ornamental Fan"}],"event_choices":[{"damage_healed":0,"gold_gain":0,"player_choice":"Donut","damage_taken":0,"max_hp_gain":5,"max_hp_loss":0,"event_name":"Big Fish","floor":2,"gold_loss":0},{"damage_healed":0,"gold_gain":0,"player_choice":"Bought 3 Potions","damage_taken":0,"max_hp_gain":0,"max_hp_loss":0,"event_name":"The Woman in Blue","floor":3,"gold_loss":0},{"damage_healed":0,"gold_gain":0,"player_choice":"1 cards matched","damage_taken":0,"max_hp_gain":0,"max_hp_loss":0,"event_name":"Match and Keep!","floor":5,"gold_loss":0,"cards_obtained":["Beam Cell"]}],"is_beta":true,"boss_relics":[],"items_purged_floors":[],"is_endless":false,"potions_floor_spawned":[4,8,12,13],"killed_by":"Hexaghost","ascension_level":5}