{"gold_per_floor":[115,115,115,129,144,144,156,121,147,162,162,191,191,218,218,295,295,308,308,308,308,323,44,44],"floor_reached":24,"playtime":684,"items_purged":[],"score":408,"play_id":"a5d849f4-a377-48b1-ad0e-530c0097a1e7","local_time":"20190109132631","is_ascension_mode":true,"campfire_choices":[{"data":"Zap","floor":6,"key":"SMITH"},{"data":"Static Discharge","floor":11,"key":"SMITH"},{"data":"Defragment","floor":15,"key":"SMITH"}],"neow_cost":"NONE","seed_source_timestamp":95521206018870,"circlet_count":0,"master_deck":["AscendersBane","Strike_B+1","Strike_B","Defend_B","Defend_B","Defend_B","Defend_B+1","Zap+1","Dualcast","Core Surge","Rebound","Static Discharge+1","Ball Lightning","Self Repair","Sweeping Beam","Defragment+1","Reboot","Static Discharge+1","Necronomicurse","Coolheaded"],"relics":["Cracked Core","Oddly Smooth Stone","Bag of Marbles","Kunai","Dream Catcher","Empty Cage","MutagenicStrength","Necronomicon","Frozen Egg 2"],"potions_floor_usage":[14,24],"damage_taken":[{"damage":0,"enemies":"Cultist","floor":1,"turns":2},{"damage":2,"enemies":"Jaw Worm","floor":4,"turns":3},{"damage":0,"enemies":"2 Louse","floor":5,"turns":2},{"damage":4,"enemies":"Looter","floor":7,"turns":3},{"damage":14,"enemies":"Blue Slaver","floor":10,"turns":2},{"damage":28,"enemies":"3 Sentries","floor":12,"turns":5},{"damage":5,"enemies":"Gremlin Nob","floor":14,"turns":3},{"damage":13,"enemies":"Hexaghost","floor":16,"turns":8},{"damage":11,"enemies":"Spheric Guardian","floor":18,"turns":3},{"damage":29,"enemies":"2 Thieves","floor":22,"turns":2},{"damage":3,"enemies":"Sentry and Sphere","floor":24,"turns":3}],"seed_played":"-5088084524764241122","potions_obtained":[{"floor":7,"key":"Fire Potion"},{"floor":10,"key":"SteroidPotion"},{"floor":14,"key":"Fire Potion"}],"is_trial":false,"path_per_floor":["M","?","?","M","M","R","M","?","T","M","R","E","T","E","R","B",null,"M","?","?","?","M","$","M"],"character_chosen":"DEFECT","items_purchased":["Frozen Egg 2"],"campfire_rested":0,"item_purchase_floors":[23],"current_hp_per_floor":[64,43,43,41,41,41,37,54,54,40,40,19,19,21,21,15,57,53,53,53,32,3,3,0],"gold":44,"neow_bonus":"ONE_RANDOM_RARE_CARD","is_prod":false,"is_daily":false,"chose_seed":false,"campfire_upgraded":3,"win_rate":0,"timestamp":1547036791,"path_taken":["M","?","?","M","M","R","M","?","T","M","R","E","?","E","R","BOSS","M","?","?","?","M","$","?"],"build_version":"2019-01-03v4","purchased_purges":0,"victory":false,"max_hp_per_floor":[71,71,71,71,71,71,71,71,71,71,71,71,71,71,71,71,71,71,71,71,71,71,71,71],"card_choices":[{"not_picked":["Redo","Compile Driver"],"picked":"Rebound","floor":1},{"not_picked":["Coolheaded","Hologram"],"picked":"Static Discharge","floor":4},{"not_picked":["Stack","Reprogram","Recycle"],"picked":"SKIP","floor":5},{"not_picked":["Reboot","Barrage"],"picked":"Ball Lightning","floor":7},{"not_picked":["Hello World","Hologram"],"picked":"Self Repair","floor":10},{"not_picked":["Skim","Fission"],"picked":"Sweeping Beam","floor":12},{"not_picked":["Self Repair","Storm"],"picked":"Defragment","floor":14},{"not_picked":["Amplify","Multi-Cast"],"picked":"Reboot","floor":16},{"not_picked":["Hologram","Stack"],"picked":"Static Discharge+1","floor":18},{"not_picked":["Fusion","Stack+1"],"picked":"Coolheaded","floor":22}],"player_experience":1141499,"relics_obtained":[{"floor":9,"key":"Oddly Smooth Stone"},{"floor":12,"key":"Bag of Marbles"},{"floor":13,"key":"Kunai"},{"floor":14,"key":"Dream Catcher"},{"floor":21,"key":"Necronomicon"}],"event_choices":[{"damage_healed":0,"gold_gain":0,"player_choice":"Entered Light","damage_taken":21,"max_hp_gain":0,"max_hp_loss":0,"event_name":"Shining Light","floor":2,"gold_loss":0,"cards_upgraded":["Defend_B","Strike_B"]},{"damage_healed":0,"gold_gain":0,"player_choice":"Ignored","damage_taken":0,"max_hp_gain":0,"max_hp_loss":0,"event_name":"Liars Game","floor":3,"gold_loss":0},{"damage_healed":17,"gold_gain":0,"player_choice":"Healed","damage_taken":0,"max_hp_gain":0,"max_hp_loss":0,"event_name":"The Cleric","floor":8,"gold_loss":35},{"damage_healed":0,"gold_gain":0,"player_choice":"Inject Mutagens","damage_taken":0,"relics_obtained":["MutagenicStrength"],"max_hp_gain":0,"max_hp_loss":0,"event_name":"Drug Dealer","floor":19,"gold_loss":0},{"damage_healed":0,"gold_gain":0,"player_choice":"Ignored","damage_taken":0,"max_hp_gain":0,"max_hp_loss":0,"event_name":"Vampires","floor":20,"gold_loss":0},{"damage_healed":0,"gold_gain":0,"player_choice":"Obtained Book","damage_taken":21,"max_hp_gain":0,"max_hp_loss":0,"event_name":"Cursed Tome","floor":21,"gold_loss":0}],"is_beta":false,"boss_relics":[{"not_picked":["Fusion Hammer","White Beast Statue"],"picked":"Empty Cage"}],"items_purged_floors":[],"is_endless":false,"potions_floor_spawned":[7,10,14,18,22],"killed_by":"Sentry and Sphere","ascension_level":20}