{"path_per_floor":["M","?","?","?","$","E","R","E","T","R","E","M","M","M","R","B",null,"M","?","?","$","M","E","R","M","T","E","?","M","$","?","R","B",null,"M","M","?","M"],"character_chosen":"THE_SILENT","items_purchased":["Footwork","Leg Sweep"],"gold_per_floor":[113,113,113,188,113,148,148,179,256,256,291,306,316,331,331,432,432,452,367,367,267,286,321,321,331,331,359,359,372,136,136,136,234,234,247,265,265,285,285],"floor_reached":39,"campfire_rested":5,"playtime":3455,"current_hp_per_floor":[68,68,68,57,57,25,46,21,21,42,36,42,42,37,58,32,70,68,68,68,68,43,34,55,55,55,45,45,14,14,5,26,41,70,47,43,34,21,0],"items_purged":["Defend_G","Defend_G","Strike_G"],"gold":285,"score":459,"play_id":"da93e0a5-0d12-4b85-aaf2-36727b5e3c7e","local_time":"20180520181855","is_prod":false,"is_daily":false,"chose_seed":false,"is_ascension_mode":true,"campfire_upgraded":0,"timestamp":1526865535,"campfire_choices":[{"floor":7.0,"key":"REST"},{"floor":10.0,"key":"REST"},{"floor":15.0,"key":"REST"},{"floor":24.0,"key":"REST"},{"floor":32.0,"key":"REST"}],"path_taken":["M","?","?","?","$","E","R","E","T","R","E","?","?","M","R","BOSS","M","?","?","$","M","E","R","?","T","E","?","M","$","?","R","BOSS","M","?","?","M","?"],"build_version":"2018-05-17","seed_source_timestamp":647816626871,"purchased_purges":3,"victory":false,"master_deck":["Defend_G","Defend_G","Strike_G+1","Survivor","Neutralize+1","Skewer","Quick Slash","Night Terror","Calculated Gamble","Skewer","Burst","Malaise","Die Die Die","Dagger Spray+1","Footwork+1","Bouncing Flask","Catalyst+1","Footwork","Leg Sweep","Malaise","After Image","Slice+1","Glass Knife+1","Normality","Deadly Poison","Dodge and Roll","Madness","Madness","Cloak And Dagger+1"],"max_hp_per_floor":[70,70,70,70,70,70,70,70,70,70,70,70,70,70,70,70,70,70,70,70,70,70,70,70,70,70,70,70,70,70,70,70,70,70,70,70,70,70,70],"relics":["Ring of the Snake","Whetstone","Pantograph","Meat on the Bone","Dodecahedron","Velvet Choker","Pen Nib","Boot","Vajra","Dream Catcher","Astrolabe"],"card_choices":[{"not_picked":["PiercingWail","Blade Dance"],"picked":"Skewer","floor":1.0},{"not_picked":["Underhanded Strike","Flechettes"],"picked":"Quick Slash","floor":6.0},{"not_picked":["Caltrops","Flying Knee"],"picked":"Night Terror","floor":8.0},{"not_picked":["Dagger Throw","Flying Knee"],"picked":"Calculated Gamble","floor":11.0},{"not_picked":["Leg Sweep","Dodge and Roll"],"picked":"Skewer","floor":12.0},{"not_picked":["Leg Sweep","Prepared","Calculated Gamble"],"picked":"SKIP","floor":13.0},{"not_picked":["Dagger Throw","Sucker Punch","Endless Agony"],"picked":"SKIP","floor":14.0},{"not_picked":["Wraith Form v2","Adrenaline"],"picked":"Burst","floor":16.0},{"not_picked":["Eviscerate","Quick Slash"],"picked":"Malaise","floor":18.0},{"not_picked":["Quick Slash","Slice"],"picked":"Dagger Spray+1","floor":22.0},{"not_picked":["Expertise","PiercingWail"],"picked":"Footwork+1","floor":23.0},{"not_picked":["Bane","Prepared","Poisoned Stab"],"picked":"SKIP","floor":25.0},{"not_picked":["Poisoned Stab","Choke"],"picked":"Bouncing Flask","floor":27.0},{"not_picked":["Concentrate","Prepared"],"picked":"Catalyst+1","floor":29.0},{"not_picked":["Eviscerate","Reflex"],"picked":"Malaise","floor":32.0},{"not_picked":["Doppelganger","Bullet Time"],"picked":"After Image","floor":33},{"not_picked":["Underhanded Strike+1","Deflect+1"],"picked":"Deadly Poison","floor":35},{"not_picked":["Dagger Throw","Poisoned Stab+1"],"picked":"Dodge and Roll","floor":36},{"not_picked":["Masterful Stab+1","PiercingWail+1"],"picked":"Cloak And Dagger+1","floor":38}],"player_experience":383875,"potions_floor_usage":[38],"damage_taken":[{"damage":2.0,"enemies":"Small Slimes","floor":1.0,"turns":4.0},{"damage":32.0,"enemies":"Gremlin Nob","floor":6.0,"turns":5.0},{"damage":25.0,"enemies":"3 Sentries","floor":8.0,"turns":11.0},{"damage":6.0,"enemies":"Lagavulin","floor":11.0,"turns":8.0},{"damage":6.0,"enemies":"Jaw Worm","floor":12.0,"turns":3.0},{"damage":0.0,"enemies":"Cultist","floor":13.0,"turns":3.0},{"damage":5.0,"enemies":"Large Slime","floor":14.0,"turns":7.0},{"damage":50.0,"enemies":"Slime Boss","floor":16.0,"turns":11.0},{"damage":2.0,"enemies":"Chosen","floor":18.0,"turns":3.0},{"damage":25.0,"enemies":"Spheric Guardian","floor":22.0,"turns":6.0},{"damage":21.0,"enemies":"Gremlin Leader","floor":23.0,"turns":8.0},{"damage":0.0,"enemies":"Snake Plant","floor":25.0,"turns":4.0},{"damage":22.0,"enemies":"Book of Stabbing","floor":27.0,"turns":8.0},{"damage":43.0,"enemies":"Slaver and Parasite","floor":29.0,"turns":3.0},{"damage":22,"enemies":"Champ","floor":33,"turns":8},{"damage":23,"enemies":"Orb Walker","floor":35,"turns":3},{"damage":16,"enemies":"3 Shapes","floor":36,"turns":3},{"damage":25,"enemies":"Sphere and 2 Shapes","floor":38,"turns":7},{"damage":24,"enemies":"Mysterious Sphere","floor":39,"turns":3}],"relics_obtained":[{"floor":6.0,"key":"Whetstone"},{"floor":8.0,"key":"Pantograph"},{"floor":9.0,"key":"Meat on the Bone"},{"floor":11.0,"key":"Dodecahedron"},{"floor":23.0,"key":"Boot"},{"floor":26.0,"key":"Vajra"},{"floor":27.0,"key":"Dream Catcher"}],"event_choices":[{"event_name":"Living Wall","player_choice":"Forget","floor":2.0,"damage_taken":0.0},{"event_name":"Bonfire Elementals","player_choice":"BASIC","floor":3.0,"damage_taken":0.0},{"event_name":"World of Goop","player_choice":"Gather Gold","floor":4.0,"damage_taken":0.0},{"event_name":"Addict","player_choice":"Obtained Relic","floor":19.0,"damage_taken":0.0},{"event_name":"Match and Keep!","player_choice":"1 cards matched","floor":20.0,"damage_taken":0.0},{"event_name":"Wheel of Change","player_choice":"Curse","floor":28.0,"damage_taken":0.0},{"event_name":"Cursed Tome","player_choice":"Stopped","floor":31.0,"damage_taken":0.0},{"event_name":"Winding Halls","player_choice":"Embrace Madness","floor":37,"damage_taken":0},{"event_name":"Mysterious Sphere","player_choice":"Fight","floor":39,"damage_taken":0}],"boss_relics":[{"not_picked":["Black Star","Snecko Eye"],"picked":"Astrolabe"}],"potions_floor_spawned":[1,8,14,16,18,27,29,38],"seed_played":"-6093776139351009801","killed_by":"Mysterious Sphere","ascension_level":1,"potions_obtained":[{"floor":1.0,"key":"Strength Potion"},{"floor":8.0,"key":"SpeedPotion"},{"floor":14.0,"key":"LiquidBronze"},{"floor":16.0,"key":"Energy Potion"},{"floor":18.0,"key":"Block Potion"},{"floor":27.0,"key":"Weak Potion"},{"floor":29.0,"key":"Swift Potion"},{"floor":38,"key":"Block Potion"}],"is_trial":false}