{"gold_per_floor":[217,217,217,232,248,289,247,62,62,81,81,81,114,132,132,261,261,261,17,17,17,17,17,17,17,17,17,0,0,0,0,0,0,0,0,0,0,0,0,0,0,0,0,0,0,0,0,0,0,0],"floor_reached":51,"playtime":10141,"items_purged":[],"score":752,"play_id":"5a05e109-8a22-4856-9700-8f0c766b57f6","local_time":"20190420225049","is_ascension_mode":false,"campfire_choices":[{"floor":12,"key":"REST"},{"data":"Demon Form","floor":15,"key":"SMITH"},{"data":"Heavy Blade","floor":25,"key":"SMITH"},{"floor":32,"key":"REST"},{"floor":47,"key":"REST"},{"floor":49,"key":"REST"}],"neow_cost":"NONE","seed_source_timestamp":707998481410700,"circlet_count":0,"master_deck":["Strike_R+1","Strike_R+1","Strike_R+1","Strike_R+1","Defend_R+1","Defend_R+1","Defend_R+1","Defend_R+1","Bash+1","Thunderclap+1","True Grit+1","Rage+1","Ghostly Armor+1","Battle Trance+1","Demon Form+1","Anger+1","Heavy Blade+1","Whirlwind+1","Shrug It Off+1","Shrug It Off+1","Warcry+1","Impervious+1","Cleave+1","Whirlwind+1","Uppercut+1","Spot Weakness+1","Flame Barrier+1","Seeing Red+1","Body Slam+1"],"relics":["Burning Blood","Golden Idol","Shuriken","PreservedInsect","Sundial","Strawberry","Red Skull","Ectoplasm","Lantern","Happy Flower","Pocketwatch","Molten Egg 2","MawBank","Fusion Hammer","Mark of the Bloom","Vajra","Smiling Mask","Oddly Smooth Stone","Anchor"],"potions_floor_usage":[6,16,23,30,30,30,50,50,50],"damage_taken":[{"damage":1,"enemies":"Cultist","floor":1,"turns":4},{"damage":12,"enemies":"Small Slimes","floor":4,"turns":3},{"damage":8,"enemies":"Jaw Worm","floor":5,"turns":6},{"damage":26,"enemies":"3 Sentries","floor":6,"turns":12},{"damage":4,"enemies":"Looter","floor":10,"turns":4},{"damage":12,"enemies":"Gremlin Nob","floor":13,"turns":4},{"damage":14,"enemies":"Blue Slaver","floor":14,"turns":5},{"damage":27,"enemies":"The Guardian","floor":16,"turns":6},{"damage":7,"enemies":"Shell Parasite","floor":18,"turns":4},{"damage":1,"enemies":"Chosen","floor":21,"turns":3},{"damage":25,"enemies":"Snake Plant","floor":22,"turns":4},{"damage":34,"enemies":"Slavers","floor":23,"turns":5},{"damage":6,"enemies":"3 Cultists","floor":24,"turns":4},{"damage":21,"enemies":"Book of Stabbing","floor":27,"turns":3},{"damage":14,"enemies":"Shelled Parasite and Fungi","floor":30,"turns":4},{"damage":0,"enemies":"Gremlin Leader","floor":31,"turns":3},{"damage":14,"enemies":"Champ","floor":33,"turns":7},{"damage":15,"enemies":"3 Shapes","floor":35,"turns":3},{"damage":9,"enemies":"3 Darklings","floor":37,"turns":4},{"damage":2,"enemies":"Giant Head","floor":40,"turns":5},{"damage":0,"enemies":"Spire Growth","floor":41,"turns":4},{"damage":33,"enemies":"Reptomancer","floor":42,"turns":4},{"damage":12,"enemies":"Writhing Mass","floor":44,"turns":4},{"damage":0,"enemies":"Transient","floor":46,"turns":5},{"damage":0,"enemies":"Spire Growth","floor":48,"turns":3},{"damage":16,"enemies":"Time Eater","floor":50,"turns":7}],"seed_played":"-8173166232078809509","potions_obtained":[{"floor":1,"key":"PowerPotion"},{"floor":4,"key":"Energy Potion"},{"floor":13,"key":"Swift Potion"},{"floor":14,"key":"Fire Potion"},{"floor":21,"key":"EssenceOfSteel"},{"floor":23,"key":"Fire Potion"},{"floor":27,"key":"SpeedPotion"},{"floor":31,"key":"SpeedPotion"},{"floor":35,"key":"Explosive Potion"},{"floor":42,"key":"PowerPotion"},{"floor":46,"key":"Strength Potion"}],"is_trial":false,"path_per_floor":["M","?","?","M","M","E","?","$","T","M","T","R","E","M","R","B",null,"M","$","?","M","M","E","M","R","T","E","?","$","M","E","R","B",null,"M","?","M","?","T","E","M","E","T","M","$","M","R","M","R","B",null],"character_chosen":"IRONCLAD","items_purchased":["Battle Trance","PreservedInsect","Whirlwind","Lantern","Shrug It Off"],"campfire_rested":4,"item_purchase_floors":[8,8,19,19,19],"current_hp_per_floor":[80,80,60,54,52,32,32,32,32,34,41,67,61,53,53,32,87,86,86,86,87,68,40,40,40,40,25,25,25,17,23,49,41,87,78,78,75,75,75,73,73,40,40,28,28,28,28,28,28,12],"gold":0,"neow_bonus":"HUNDRED_GOLD","is_prod":false,"is_daily":false,"chose_seed":false,"campfire_upgraded":2,"win_rate":0,"timestamp":1555815049,"path_taken":["M","?","?","?","M","E","?","$","T","M","?","R","E","M","R","BOSS","M","$","?","M","M","E","M","R","T","E","?","$","M","E","R","BOSS","M","?","?","?","?","E","M","E","T","M","?","M","R","M","R","BOSS"],"build_version":"2019-01-23","purchased_purges":0,"victory":true,"max_hp_per_floor":[80,80,80,80,80,80,80,80,80,80,87,87,87,87,87,87,87,87,87,87,87,87,87,87,87,87,87,87,87,87,87,87,87,87,87,87,87,87,87,87,87,87,87,87,87,87,87,87,87,87],"card_choices":[{"not_picked":["True Grit","Havoc"],"picked":"Thunderclap","floor":1},{"not_picked":["Wild Strike","Seeing Red"],"picked":"True Grit","floor":4},{"not_picked":["Clothesline","Shrug It Off"],"picked":"Rage","floor":5},{"not_picked":["Battle Trance","Sever Soul"],"picked":"Ghostly Armor","floor":6},{"not_picked":["Headbutt","Infernal Blade"],"picked":"Demon Form","floor":10},{"not_picked":["Wild Strike","Clash"],"picked":"Anger","floor":13},{"not_picked":["Entrench","Twin Strike","Evolve"],"picked":"SKIP","floor":14},{"not_picked":["Body Slam+1","Uppercut"],"picked":"Heavy Blade","floor":18},{"not_picked":["Corruption","Whirlwind"],"picked":"Shrug It Off","floor":21},{"not_picked":["Thunderclap","Burning Pact","Sword Boomerang"],"picked":"SKIP","floor":22},{"not_picked":["Double Tap","Whirlwind","Heavy Blade"],"picked":"SKIP","floor":23},{"not_picked":["Infernal Blade","Ghostly Armor"],"picked":"Warcry+1","floor":24},{"not_picked":["Flex","Clash","Pommel Strike+1"],"picked":"SKIP","floor":27},{"not_picked":["Power Through","Bloodletting","Dual Wield"],"picked":"SKIP","floor":30},{"not_picked":["Rampage+1","Burning Pact","Power Through"],"picked":"SKIP","floor":31},{"not_picked":["Offering","Immolate+1"],"picked":"Impervious","floor":33},{"not_picked":["Dropkick+1","True Grit"],"picked":"Cleave+1","floor":35},{"not_picked":["Cleave+1","Sword Boomerang+1"],"picked":"Whirlwind+1","floor":37},{"not_picked":["Cleave+1","Heavy Blade+1"],"picked":"Uppercut+1","floor":40},{"not_picked":["Fire Breathing+1","Shrug It Off"],"picked":"Spot Weakness+1","floor":41},{"not_picked":["Heavy Blade+1","Warcry+1"],"picked":"Flame Barrier+1","floor":42},{"not_picked":["Flex","Twin Strike+1","Corruption"],"picked":"SKIP","floor":44},{"not_picked":["Reckless Charge+1","Warcry+1"],"picked":"Seeing Red+1","floor":46},{"not_picked":["Wild Strike+1","Thunderclap+1"],"picked":"Body Slam+1","floor":48}],"player_experience":86037,"relics_obtained":[{"floor":6,"key":"Shuriken"},{"floor":9,"key":"Sundial"},{"floor":11,"key":"Strawberry"},{"floor":13,"key":"Red Skull"},{"floor":23,"key":"Happy Flower"},{"floor":26,"key":"Pocketwatch"},{"floor":27,"key":"Molten Egg 2"},{"floor":31,"key":"MawBank"},{"floor":39,"key":"Vajra"},{"floor":40,"key":"Smiling Mask"},{"floor":42,"key":"Oddly Smooth Stone"},{"floor":43,"key":"Anchor"}],"event_choices":[{"damage_healed":0,"gold_gain":0,"player_choice":"Grow","damage_taken":0,"max_hp_gain":0,"max_hp_loss":0,"event_name":"Living Wall","floor":2,"gold_loss":0,"cards_upgraded":["Bash"]},{"damage_healed":0,"gold_gain":0,"player_choice":"Take Damage","damage_taken":20,"relics_obtained":["Golden Idol"],"max_hp_gain":0,"max_hp_loss":0,"event_name":"Golden Idol","floor":3,"gold_loss":0},{"damage_healed":0,"gold_gain":0,"player_choice":"Left Gold","damage_taken":0,"max_hp_gain":0,"max_hp_loss":0,"event_name":"World of Goop","floor":7,"gold_loss":42},{"damage_healed":0,"gold_gain":0,"player_choice":"Ignored","damage_taken":0,"max_hp_gain":0,"max_hp_loss":0,"event_name":"Vampires","floor":20,"gold_loss":0},{"damage_healed":0,"gold_gain":0,"player_choice":"Paid Fearfully","damage_taken":0,"max_hp_gain":0,"max_hp_loss":0,"event_name":"Masked Bandits","floor":28,"gold_loss":17},{"cards_removed":["Strike_R"],"damage_healed":0,"gold_gain":0,"player_choice":"Offered Basic","damage_taken":0,"max_hp_gain":0,"max_hp_loss":0,"event_name":"Bonfire Elementals","floor":36,"gold_loss":0},{"damage_healed":0,"gold_gain":0,"player_choice":"Upgrade","damage_taken":0,"relics_obtained":["Mark of the Bloom"],"max_hp_gain":0,"max_hp_loss":0,"event_name":"MindBloom","floor":38,"gold_loss":0,"cards_upgraded":["Strike_R","Strike_R","Strike_R","Strike_R","Defend_R","Defend_R","Defend_R","Defend_R","Thunderclap","True Grit","Rage","Ghostly Armor","Battle Trance","Anger","Whirlwind","Shrug It Off","Shrug It Off","Impervious"]}],"is_beta":false,"boss_relics":[{"not_picked":["Orrery","Tiny House"],"picked":"Ectoplasm"},{"not_picked":["Sozu","Runic Dome"],"picked":"Fusion Hammer"}],"items_purged_floors":[],"is_endless":false,"potions_floor_spawned":[1,4,13,14,21,23,24,27,31,35,42,46],"ascension_level":0}