{"path_per_floor":["M","?","$","?","M","R","E","R","T","R","?","R","M","M","R","B",null,"M","$","?","$","M","R","E","R","T","E","T","R","M","M","R","B",null,"M"],"character_chosen":"IRONCLAD","items_purchased":["Finesse"],"gold_per_floor":[110,285,192,192,212,212,247,247,247,247,347,347,364,379,379,480,480,495,420,420,320,337,337,363,363,663,691,745,745,762,774,774,875,875,887,887],"floor_reached":36,"campfire_rested":3,"playtime":4501,"item_purchase_floors":[3],"current_hp_per_floor":[79,79,79,76,62,62,33,33,33,33,33,33,44,47,73,60,87,55,55,55,55,64,64,28,54,54,42,42,42,46,42,68,47,87,71,0],"items_purged":["Strike_R","Strike_R"],"gold":887,"score":423,"play_id":"75e41e45-271e-4e23-b128-215034e1c59b","local_time":"20180613232815","is_prod":false,"is_daily":false,"chose_seed":false,"is_ascension_mode":false,"campfire_upgraded":2,"win_rate":0,"timestamp":1528946895,"campfire_choices":[{"data":"Demon Form","floor":6,"key":"SMITH"},{"data":"Combust","floor":8,"key":"SMITH"},{"floor":10,"key":"DIG"},{"floor":12,"key":"DIG"},{"floor":15,"key":"REST"},{"floor":23,"key":"DIG"},{"floor":25,"key":"REST"},{"data":"Doubt","floor":29,"key":"PURGE"},{"floor":32,"key":"REST"}],"path_taken":["M","?","?","?","M","R","E","R","T","R","?","R","M","?","R","BOSS","M","$","?","$","M","R","E","R","T","E","?","R","M","M","R","BOSS","M","?"],"build_version":"2018-06-07v3","seed_source_timestamp":689943258716626,"purchased_purges":2,"victory":false,"master_deck":["Strike_R","Strike_R","Strike_R","Defend_R","Defend_R","Defend_R","Defend_R","Bash","Demon Form+1","Dual Wield","Finesse+1","Ghostly Armor+1","Combust+1","Blood for Blood","Barricade+1","Blood for Blood","Blood for Blood","Battle Trance+1","Rage","Limit Break","Regret","Clumsy","Writhe","Rupture+1"],"max_hp_per_floor":[80,80,80,80,80,80,87,87,87,87,87,87,87,87,87,87,87,87,87,87,87,87,87,87,87,87,87,87,87,87,87,87,87,87,87,87],"relics":["Black Blood","Meat on the Bone","Strawberry","Shovel","Frozen Egg 2","Mummified Hand","War Paint","Dead Branch","Old Coin","Peace Pipe","Art of War","Calling Bell","Potion Belt","Shuriken","Thread and Needle"],"card_choices":[{"not_picked":["Sword Boomerang","Havoc"],"picked":"Dual Wield","floor":1},{"not_picked":["Bloodletting","Body Slam"],"picked":"Ghostly Armor","floor":5},{"not_picked":["Sentinel","Cleave"],"picked":"Combust","floor":7},{"not_picked":["Reckless Charge","Thunderclap"],"picked":"Blood for Blood","floor":13},{"not_picked":["Wild Strike","Iron Wave","Immolate"],"picked":"SKIP","floor":14},{"not_picked":["Fiend Fire","Reaper"],"picked":"Barricade+1","floor":16},{"not_picked":["Searing Blow","Hemokinesis"],"picked":"Blood for Blood","floor":18},{"not_picked":["Thunderclap+1","Cleave"],"picked":"Battle Trance+1","floor":22},{"not_picked":["Entrench","True Grit","Armaments+1"],"picked":"SKIP","floor":24},{"not_picked":["Spot Weakness","Feel No Pain+1","Cleave"],"picked":"SKIP","floor":27},{"not_picked":["Shockwave","Power Through","Anger"],"picked":"SKIP","floor":30},{"not_picked":["Exhume","Perfected Strike"],"picked":"Rage","floor":31},{"not_picked":["Exhume","Feed"],"picked":"Limit Break","floor":33},{"not_picked":["Cleave","Power Through"],"picked":"Rupture+1","floor":35}],"player_experience":516975,"potions_floor_usage":[24,24,24,33,36,36],"damage_taken":[{"damage":7,"enemies":"Small Slimes","floor":1,"turns":4},{"damage":20,"enemies":"2 Louse","floor":5,"turns":4},{"damage":54,"enemies":"Lagavulin","floor":7,"turns":11},{"damage":7,"enemies":"Jaw Worm","floor":13,"turns":4},{"damage":15,"enemies":"Blue Slaver","floor":14,"turns":4},{"damage":31,"enemies":"Hexaghost","floor":16,"turns":7},{"damage":54,"enemies":"Spheric Guardian","floor":18,"turns":6},{"damage":13,"enemies":"Chosen","floor":22,"turns":6},{"damage":58,"enemies":"Book of Stabbing","floor":24,"turns":6},{"damage":34,"enemies":"Gremlin Leader","floor":27,"turns":6},{"damage":18,"enemies":"Centurion and Healer","floor":30,"turns":5},{"damage":26,"enemies":"Snake Plant","floor":31,"turns":4},{"damage":43,"enemies":"Automaton","floor":33,"turns":10},{"damage":26,"enemies":"3 Shapes","floor":35,"turns":4},{"damage":74,"floor":36,"turns":5}],"relics_obtained":[{"floor":7,"key":"Strawberry"},{"floor":9,"key":"Shovel"},{"floor":10,"key":"Frozen Egg 2"},{"floor":12,"key":"Mummified Hand"},{"floor":23,"key":"War Paint"},{"floor":24,"key":"Dead Branch"},{"floor":26,"key":"Old Coin"},{"floor":27,"key":"Peace Pipe"},{"floor":28,"key":"Art of War"},{"floor":34,"key":"Potion Belt"},{"floor":34,"key":"Shuriken"},{"floor":34,"key":"Thread and Needle"}],"event_choices":[{"event_name":"Liars Game","player_choice":"agreed","floor":2,"damage_taken":0},{"event_name":"Scrap Ooze","player_choice":"success","floor":4,"damage_taken":3},{"event_name":"Golden Shrine","player_choice":"Pray","floor":11,"damage_taken":0},{"event_name":"Duplicator","player_choice":"One dupe","floor":20,"damage_taken":0},{"event_name":"Mysterious Sphere","player_choice":"Fight","floor":36,"damage_taken":0}],"boss_relics":[{"not_picked":["Tiny House","Cursed Key"],"picked":"Black Blood"},{"not_picked":["Philosopher\u0027s Stone","Velvet Choker"],"picked":"Calling Bell"}],"items_purged_floors":[19,21],"potions_floor_spawned":[1,7,16,22,30,33,35],"seed_played":"-3499362859070348766","ascension_level":0,"potions_obtained":[{"floor":1,"key":"EssenceOfSteel"},{"floor":7,"key":"FearPotion"},{"floor":16,"key":"SkillPotion"},{"floor":22,"key":"SkillPotion"},{"floor":30,"key":"AttackPotion"},{"floor":33,"key":"Poison Potion"},{"floor":35,"key":"Explosive Potion"}],"is_trial":false}