{"gold_per_floor":[115,132,152,43,54,54,82,95,120,134,161,161,196,208,208,285,285,296,296,206,225,245,245,278,178,178,128,128,143,157,187,187,264,264,276,276,276,276,288,288,620,620,646,662,292,323,323,56,56,56],"floor_reached":51,"playtime":3151,"items_purged":["Strike_B","Strike_B","Strike_B","Streamline","Defend_B"],"score":1308,"play_id":"f3cb21c6-a88f-4a04-b5bd-74b5f857f622","local_time":"20190424213121","is_ascension_mode":true,"campfire_choices":[{"data":"Defragment","floor":6,"key":"SMITH"},{"data":"Zap","floor":12,"key":"SMITH"},{"data":"Defragment","floor":15,"key":"SMITH"},{"data":"Hologram","floor":23,"key":"SMITH"},{"data":"Consume","floor":32,"key":"SMITH"},{"floor":40,"key":"REST"},{"data":"Defragment","floor":42,"key":"SMITH"},{"data":"Doom and Gloom","floor":47,"key":"SMITH"},{"data":"Blizzard","floor":49,"key":"SMITH"}],"neow_cost":"NONE","seed_source_timestamp":7610066464264,"circlet_count":0,"master_deck":["AscendersBane","Defend_B","Defend_B+1","Defend_B","Zap+1","Dualcast","Ball Lightning","Hologram+1","BootSequence","Defragment+1","Glacier","Glacier","Cold Snap","Defragment+1","Core Surge","Undo","Auto Shields+1","Glacier","Consume+1","Barrage","Ball Lightning","Defragment+1","Barrage","Cold Snap","Coolheaded+1","Doom and Gloom+1","Blizzard+1"],"relics":["Cracked Core","Calipers","Strawberry","Happy Flower","Regal Pillow","Inserter","Lantern","Smiling Mask","Ancient Tea Set","Orrery","Old Coin","Bag of Marbles","Bottled Lightning","Bronze Scales","DataDisk"],"potions_floor_usage":[8,18,21,33,33,39,50],"damage_taken":[{"damage":1,"enemies":"Cultist","floor":1,"turns":3},{"damage":0,"enemies":"Small Slimes","floor":2,"turns":3},{"damage":3,"enemies":"2 Louse","floor":3,"turns":3},{"damage":13,"enemies":"Exordium Thugs","floor":5,"turns":4},{"damage":22,"enemies":"3 Sentries","floor":7,"turns":6},{"damage":0,"enemies":"Lots of Slimes","floor":8,"turns":2},{"damage":0,"enemies":"Blue Slaver","floor":10,"turns":4},{"damage":2,"enemies":"Lagavulin","floor":11,"turns":7},{"damage":9,"enemies":"3 Sentries","floor":13,"turns":7},{"damage":0,"enemies":"3 Louse","floor":14,"turns":3},{"damage":9,"enemies":"Hexaghost","floor":16,"turns":11},{"damage":0,"enemies":"3 Byrds","floor":18,"turns":4},{"damage":0,"enemies":"2 Thieves","floor":21,"turns":5},{"damage":1,"enemies":"Cultist and Chosen","floor":22,"turns":6},{"damage":10,"enemies":"Book of Stabbing","floor":24,"turns":7},{"damage":0,"enemies":"Shelled Parasite and Fungi","floor":29,"turns":12},{"damage":16,"enemies":"3 Cultists","floor":30,"turns":7},{"damage":19,"enemies":"Slavers","floor":31,"turns":7},{"damage":19,"enemies":"Collector","floor":33,"turns":12},{"damage":2,"enemies":"Orb Walker","floor":35,"turns":6},{"damage":29,"enemies":"3 Darklings","floor":39,"turns":11},{"damage":0,"enemies":"Giant Head","floor":41,"turns":13},{"damage":1,"enemies":"Sphere and 2 Shapes","floor":44,"turns":8},{"damage":3,"enemies":"Nemesis","floor":46,"turns":9},{"damage":6,"enemies":"Awakened One","floor":50,"turns":14}],"seed_played":"-971426041266803236","potions_obtained":[{"floor":2,"key":"Explosive Potion"},{"floor":5,"key":"SteroidPotion"},{"floor":10,"key":"Explosive Potion"},{"floor":18,"key":"Poison Potion"},{"floor":21,"key":"GamblersBrew"},{"floor":33,"key":"Regen Potion"},{"floor":39,"key":"SkillPotion"},{"floor":41,"key":"Block Potion"}],"is_trial":false,"path_per_floor":["M","M","M","$","M","R","E","M","T","M","E","R","E","M","R","B",null,"M","?","?","M","M","R","E","$","T","$","?","M","M","E","R","B",null,"M","?","?","?","M","R","E","R","T","M","$","E","R","$","R","B",null],"character_chosen":"DEFECT","items_purchased":["Defragment","Bottled Lightning","FocusPotion","DataDisk","Blizzard"],"campfire_rested":1,"item_purchase_floors":[4,45,45,48,48],"current_hp_per_floor":[70,70,67,67,54,54,32,32,39,39,37,37,28,28,28,19,69,69,69,69,69,68,68,58,58,58,58,58,58,42,23,23,4,65,63,63,63,63,49,81,81,81,81,80,80,77,77,77,77,71],"gold":56,"neow_bonus":"TEN_PERCENT_HP_BONUS","is_prod":false,"is_daily":false,"chose_seed":false,"campfire_upgraded":8,"win_rate":0,"timestamp":1556152281,"path_taken":["M","M","M","$","M","R","E","M","T","?","E","R","E","M","R","BOSS","M","?","?","?","M","R","E","?","T","$","?","M","M","E","R","BOSS","M","?","?","?","M","R","E","R","T","M","$","E","R","$","R","BOSS"],"build_version":"2019-01-23","purchased_purges":5,"victory":true,"max_hp_per_floor":[78,78,78,78,78,78,78,78,85,85,85,85,85,85,85,85,85,85,85,85,85,85,85,85,85,85,85,85,85,85,85,85,85,85,85,85,81,81,81,81,81,81,81,81,81,81,81,81,81,81],"card_choices":[{"not_picked":["Gash","Rip and Tear"],"picked":"Ball Lightning","floor":1},{"not_picked":["BootSequence","Storm"],"picked":"Hologram","floor":2},{"not_picked":["Steam","Skim"],"picked":"BootSequence","floor":3},{"not_picked":["Leap","Reprogram"],"picked":"Streamline","floor":5},{"not_picked":["Leap","Rainbow"],"picked":"Glacier","floor":7},{"not_picked":["Rip and Tear","Turbo"],"picked":"Cold Snap","floor":8},{"not_picked":["Scrape","Genetic Algorithm"],"picked":"Glacier","floor":10},{"not_picked":["Go for the Eyes","Streamline"],"picked":"Cold Snap","floor":11},{"not_picked":["Genetic Algorithm","Darkness"],"picked":"Defragment","floor":13},{"not_picked":["Coolheaded","Beam Cell","Hologram"],"picked":"SKIP","floor":14},{"not_picked":["Multi-Cast","Meteor Strike"],"picked":"Core Surge","floor":16},{"not_picked":["Heatsinks","Rebound"],"picked":"Undo","floor":18},{"not_picked":["White Noise","Turbo"],"picked":"Auto Shields+1","floor":21},{"not_picked":["Leap","Go for the Eyes","Steam Power"],"picked":"SKIP","floor":22},{"not_picked":["White Noise","Conserve Battery"],"picked":"Glacier","floor":24},{"not_picked":["Steam","Cold Snap"],"picked":"Consume","floor":29},{"not_picked":["All For One","Gash"],"picked":"Barrage","floor":30},{"not_picked":["Streamline","Capacitor"],"picked":"Ball Lightning","floor":31},{"not_picked":["FTL","Rip and Tear"],"picked":"Defragment","floor":34},{"not_picked":["Compile Driver","Gash"],"picked":"Barrage","floor":34},{"not_picked":["Rebound","Chaos"],"picked":"Cold Snap","floor":34},{"not_picked":["Reboot","Sunder"],"picked":"Coolheaded+1","floor":35},{"not_picked":["Coolheaded","Leap+1","Rebound+1"],"picked":"SKIP","floor":39},{"not_picked":["Redo","Chill","Steam Power"],"picked":"SKIP","floor":41},{"not_picked":["Buffer","Capacitor","Consume"],"picked":"SKIP","floor":44},{"not_picked":["Cold Snap","Conserve Battery"],"picked":"Doom and Gloom","floor":46}],"player_experience":745691,"relics_obtained":[{"floor":7,"key":"Calipers"},{"floor":9,"key":"Strawberry"},{"floor":11,"key":"Happy Flower"},{"floor":13,"key":"Regal Pillow"},{"floor":24,"key":"Lantern"},{"floor":26,"key":"Smiling Mask"},{"floor":31,"key":"Ancient Tea Set"},{"floor":41,"key":"Old Coin"},{"floor":43,"key":"Bag of Marbles"},{"floor":46,"key":"Bronze Scales"}],"event_choices":[{"damage_healed":0,"gold_gain":0,"player_choice":"Ignored","damage_taken":0,"max_hp_gain":0,"max_hp_loss":0,"event_name":"Vampires","floor":19,"gold_loss":0},{"cards_removed":["Strike_B"],"damage_healed":0,"gold_gain":0,"player_choice":"Upgrade and Remove","damage_taken":0,"max_hp_gain":0,"max_hp_loss":0,"event_name":"Designer","floor":20,"gold_loss":90,"cards_upgraded":["Defend_B"]},{"damage_healed":0,"gold_gain":0,"player_choice":"Ignored","damage_taken":0,"max_hp_gain":0,"max_hp_loss":0,"event_name":"Cursed Tome","floor":28,"gold_loss":0},{"cards_removed":["Cold Snap"],"damage_healed":0,"gold_gain":0,"player_choice":"Removed Attack","damage_taken":0,"max_hp_gain":0,"max_hp_loss":0,"event_name":"Falling","floor":36,"gold_loss":0},{"damage_healed":0,"gold_gain":0,"player_choice":"Max HP","damage_taken":0,"max_hp_gain":0,"max_hp_loss":4,"event_name":"Winding Halls","floor":37,"gold_loss":0},{"damage_healed":0,"gold_gain":0,"player_choice":"Ignored","damage_taken":0,"max_hp_gain":0,"max_hp_loss":0,"event_name":"Tomb of Lord Red Mask","floor":38,"gold_loss":0}],"is_beta":false,"boss_relics":[{"not_picked":["Eternal Feather","Coffee Dripper"],"picked":"Inserter"},{"not_picked":["Calling Bell","White Beast Statue"],"picked":"Orrery"}],"items_purged_floors":[4,25,27,45,48],"is_endless":false,"potions_floor_spawned":[2,5,10,11,18,21,29,31,33,39,41,44],"ascension_level":14}