{"gold_per_floor":[111,127,145,162,172,201,201,217,217,247,258,258,33,46,46,146,146,157,157,168,181,199,199,199,215,215,244,244,264,283,298,298,298],"floor_reached":33,"playtime":3986,"items_purged":["Strike_G"],"score":301,"play_id":"4f5e19ef-6a8c-41be-b559-9fddcbe35dba","local_time":"20190321171753","is_ascension_mode":true,"campfire_choices":[{"data":"Neutralize","floor":7,"key":"SMITH"},{"data":"Dash","floor":12,"key":"SMITH"},{"data":"Adrenaline","floor":15,"key":"SMITH"},{"data":"Night Terror","floor":23,"key":"SMITH"},{"data":"After Image","floor":28,"key":"SMITH"},{"data":"Dash","floor":32,"key":"SMITH"}],"neow_cost":"NONE","seed_source_timestamp":91711132888,"circlet_count":0,"master_deck":["Defend_G","Defend_G","Defend_G","Defend_G","Defend_G","Strike_G","Strike_G","Strike_G","Strike_G","Survivor","Neutralize+1","Flying Knee","Leg Sweep","Terror+1","Cloak And Dagger","Prepared+1","Flying Knee","Adrenaline+1","Dash+1","Night Terror+1","Blur","Footwork+1","After Image+1","Dash+1"],"relics":["Coffee Dripper","Pen Nib","Incense Burner","Art of War","War Paint","Black Star","Vajra","WingedGreaves","Darkstone Periapt"],"potions_floor_usage":[6,18,21,25,27,27],"damage_taken":[{"damage":0,"enemies":"Cultist","floor":1,"turns":5},{"damage":0,"enemies":"2 Louse","floor":2,"turns":2},{"damage":2,"enemies":"Small Slimes","floor":3,"turns":3},{"damage":2,"enemies":"Blue Slaver","floor":4,"turns":4},{"damage":10,"enemies":"Large Slime","floor":5,"turns":8},{"damage":16,"enemies":"Gremlin Nob","floor":6,"turns":5},{"damage":0,"enemies":"Lots of Slimes","floor":8,"turns":4},{"damage":5,"enemies":"Lagavulin","floor":10,"turns":8},{"damage":0,"enemies":"Gremlin Gang","floor":11,"turns":6},{"damage":0,"enemies":"Looter","floor":14,"turns":3},{"damage":19,"enemies":"Slime Boss","floor":16,"turns":12},{"damage":2,"enemies":"3 Byrds","floor":18,"turns":8},{"damage":12,"enemies":"Chosen","floor":20,"turns":7},{"damage":18,"enemies":"3 Cultists","floor":21,"turns":7},{"damage":8,"enemies":"Centurion and Healer","floor":22,"turns":11},{"damage":13,"enemies":"Shelled Parasite and Fungi","floor":25,"turns":8},{"damage":11,"enemies":"Slavers","floor":27,"turns":9},{"damage":3,"enemies":"Snake Plant","floor":29,"turns":5},{"damage":0,"enemies":"Centurion and Healer","floor":30,"turns":8},{"damage":0,"enemies":"Shelled Parasite and Fungi","floor":31,"turns":6},{"damage":4,"enemies":"Automaton","floor":33,"turns":6}],"seed_played":"1040030123253307502","potions_obtained":[{"floor":2,"key":"Swift Potion"},{"floor":3,"key":"SpeedPotion"},{"floor":5,"key":"EssenceOfSteel"},{"floor":6,"key":"LiquidBronze"},{"floor":21,"key":"EssenceOfSteel"},{"floor":22,"key":"Strength Potion"},{"floor":31,"key":"SteroidPotion"}],"is_trial":false,"path_per_floor":["$","?","?","M"],"character_chosen":"THE_SILENT","items_purchased":["War Paint"],"campfire_rested":0,"item_purchase_floors":[13],"current_hp_per_floor":[70,70,68,66,56,40,40,40,40,35,35,35,35,35,35,16,70,68,68,56,38,30,30,30,17,17,6,6,3,3,3,3,0],"gold":298,"neow_bonus":"BOSS_RELIC","is_prod":false,"is_daily":false,"chose_seed":false,"campfire_upgraded":6,"win_rate":0,"timestamp":1553163473,"path_taken":["M","M","M","M","M","E","R","M","T","E","M","R","?","M","R","BOSS","M","?","M","M","M","R","?","M","T","E","R","?","M","M","R","BOSS"],"build_version":"2019-01-23","purchased_purges":1,"victory":false,"max_hp_per_floor":[70,70,70,70,70,70,70,70,70,70,70,70,70,70,70,70,70,70,70,70,70,70,70,70,70,70,70,70,70,70,70,70,70],"card_choices":[{"not_picked":["Acrobatics","Accuracy"],"picked":"Flying Knee","floor":1},{"not_picked":["PiercingWail","Dagger Throw"],"picked":"Leg Sweep","floor":2},{"not_picked":["Riddle With Holes","Poisoned Stab"],"picked":"Terror","floor":3},{"not_picked":["Dodge and Roll","Dagger Spray","Setup"],"picked":"SKIP","floor":4},{"not_picked":["Endless Agony","Well Laid Plans"],"picked":"Cloak And Dagger","floor":5},{"not_picked":["Masterful Stab","Expertise"],"picked":"Prepared","floor":6},{"not_picked":["Quick Slash","Underhanded Strike"],"picked":"Flying Knee","floor":8},{"not_picked":["Dodge and Roll","Setup"],"picked":"Adrenaline","floor":10},{"not_picked":["Concentrate","Dodge and Roll"],"picked":"Dash","floor":11},{"not_picked":["Riddle With Holes","Deadly Poison","Backstab"],"picked":"SKIP","floor":14},{"not_picked":["Adrenaline","Storm of Steel"],"picked":"Night Terror","floor":16},{"not_picked":["Deflect","Underhanded Strike"],"picked":"Blur","floor":18},{"not_picked":["Bane+1","Noxious Fumes","Dagger Spray"],"picked":"SKIP","floor":20},{"not_picked":["Calculated Gamble","Eviscerate"],"picked":"Footwork","floor":21},{"not_picked":["Flying Knee","Outmaneuver","Crippling Poison"],"picked":"SKIP","floor":22},{"not_picked":["Calculated Gamble","Expertise","Outmaneuver+1"],"picked":"SKIP","floor":25},{"not_picked":["Catalyst+1","Unload"],"picked":"After Image","floor":27},{"not_picked":["Poisoned Stab","Eviscerate"],"picked":"Dash","floor":29},{"not_picked":["Endless Agony","Cloak And Dagger","Flying Knee+1"],"picked":"SKIP","floor":30},{"not_picked":["Deflect","Deadly Poison","Poisoned Stab"],"picked":"SKIP","floor":31}],"player_experience":88740,"relics_obtained":[{"floor":6,"key":"Pen Nib"},{"floor":9,"key":"Incense Burner"},{"floor":10,"key":"Art of War"},{"floor":26,"key":"Vajra"},{"floor":27,"key":"WingedGreaves"},{"floor":27,"key":"Darkstone Periapt"}],"event_choices":[{"damage_healed":0,"gold_gain":0,"player_choice":"Ignored","damage_taken":0,"max_hp_gain":0,"max_hp_loss":0,"event_name":"Ghosts","floor":19,"gold_loss":0},{"damage_healed":0,"gold_gain":0,"player_choice":"Upgraded","damage_taken":0,"max_hp_gain":0,"max_hp_loss":0,"event_name":"Upgrade Shrine","floor":24,"gold_loss":0,"cards_upgraded":["Footwork"]}],"is_beta":false,"boss_relics":[{"not_picked":["Empty Cage","HoveringKite"],"picked":"Black Star"}],"items_purged_floors":[13],"is_endless":false,"potions_floor_spawned":[2,3,5,6,16,21,22,31],"killed_by":"Automaton","ascension_level":1}