{"gold_per_floor":[112,112,130,145,157,185,203,378,401,401,427,14,14,28,28,131,131,146,146],"floor_reached":19,"playtime":1405,"items_purged":["Regret"],"score":169,"play_id":"dbd7eba5-9509-4f06-bc23-97c0d97088a4","local_time":"20190102175703","is_ascension_mode":false,"campfire_choices":[{"floor":10,"key":"REST"},{"floor":13,"key":"REST"},{"floor":15,"key":"REST"}],"neow_cost":"NONE","seed_source_timestamp":1570242770655747,"circlet_count":0,"master_deck":["Strike_B","Strike_B","Strike_B","Strike_B","Defend_B","Defend_B","Defend_B","Defend_B","Zap","Dualcast","Loop","Chaos","Hologram","Stack","Compile Driver","Go for the Eyes","Doubt","Leap","Capacitor","Coolheaded","All For One","Trip","Cold Snap","Echo Form","Loop"],"relics":["Cracked Core","Bird Faced Urn","Oddly Smooth Stone","Odd Mushroom","Sozu"],"potions_floor_usage":[7,11,16],"damage_taken":[{"damage":5,"enemies":"Small Slimes","floor":1,"turns":3},{"damage":3,"enemies":"Jaw Worm","floor":3,"turns":3},{"damage":5,"enemies":"2 Louse","floor":4,"turns":3},{"damage":10,"enemies":"Blue Slaver","floor":5,"turns":4},{"damage":36,"enemies":"Lagavulin","floor":6,"turns":6},{"damage":14,"enemies":"Red Slaver","floor":7,"turns":4},{"damage":7,"enemies":"The Mushroom Lair","floor":11,"turns":5},{"damage":13,"enemies":"Gremlin Gang","floor":14,"turns":8},{"damage":25,"enemies":"The Guardian","floor":16,"turns":13},{"damage":9,"enemies":"Spheric Guardian","floor":18,"turns":6},{"damage":85,"enemies":"Masked Bandits","floor":19,"turns":5}],"seed_played":"-638366240520845484","potions_obtained":[{"floor":4,"key":"Explosive Potion"},{"floor":6,"key":"Dexterity Potion"},{"floor":14,"key":"Strength Potion"}],"is_trial":false,"path_per_floor":["M","?","M","M","M","E","M","?","T","R","?","$","R","M","R","B",null,"M","?"],"character_chosen":"DEFECT","items_purchased":["Capacitor","Coolheaded","All For One","Trip"],"campfire_rested":3,"item_purchase_floors":[12,12,12,12],"current_hp_per_floor":[77,77,76,73,65,31,19,19,19,43,38,38,62,53,77,56,82,75,0],"gold":146,"neow_bonus":"TEN_PERCENT_HP_BONUS","is_prod":false,"is_daily":false,"chose_seed":false,"campfire_upgraded":0,"win_rate":0,"timestamp":1546477023,"path_taken":["M","?","M","M","M","E","M","?","T","R","?","$","R","M","R","BOSS","M","?"],"build_version":"2019-01-01v2","purchased_purges":1,"victory":false,"max_hp_per_floor":[82,82,82,82,82,82,82,82,82,82,82,82,82,82,82,82,82,82,82],"card_choices":[{"not_picked":["Turbo","Gash"],"picked":"Loop","floor":1},{"not_picked":["Leap","Fusion"],"picked":"Chaos","floor":3},{"not_picked":["Turbo","Reprogram"],"picked":"Hologram","floor":4},{"not_picked":["Skim","Chaos"],"picked":"Stack","floor":5},{"not_picked":["Melter","Gash"],"picked":"Compile Driver","floor":6},{"not_picked":["Thunder Strike","Stack"],"picked":"Go for the Eyes","floor":7},{"not_picked":["Force Field","Compile Driver"],"picked":"Leap","floor":11},{"not_picked":["Hello World","Sunder"],"picked":"Cold Snap","floor":14},{"not_picked":["Reboot","Buffer"],"picked":"Echo Form","floor":16},{"not_picked":["Leap","Melter"],"picked":"Loop","floor":18}],"player_experience":294286,"relics_obtained":[{"floor":6,"key":"Oddly Smooth Stone"},{"floor":11,"key":"Odd Mushroom"}],"event_choices":[{"damage_healed":0,"gold_gain":0,"player_choice":"Box","damage_taken":0,"relics_obtained":["Bird Faced Urn"],"max_hp_gain":0,"max_hp_loss":0,"event_name":"Big Fish","floor":2,"gold_loss":0,"cards_obtained":["Regret"]},{"damage_healed":0,"gold_gain":175,"player_choice":"AGREE","damage_taken":0,"max_hp_gain":0,"max_hp_loss":0,"event_name":"Liars Game","floor":8,"gold_loss":0,"cards_obtained":["Doubt"]},{"damage_healed":0,"gold_gain":0,"player_choice":"Fought Mushrooms","damage_taken":0,"max_hp_gain":0,"max_hp_loss":0,"event_name":"Mushrooms","floor":11,"gold_loss":0},{"damage_healed":0,"gold_gain":0,"player_choice":"Fought Bandits","damage_taken":0,"max_hp_gain":0,"max_hp_loss":0,"event_name":"Masked Bandits","floor":19,"gold_loss":0}],"is_beta":true,"boss_relics":[{"not_picked":["Nuclear Battery","Astrolabe"],"picked":"Sozu"}],"items_purged_floors":[12],"is_endless":false,"potions_floor_spawned":[4,6,14],"killed_by":"Masked Bandits","ascension_level":0}