{"gold_per_floor":[112,112,124,142,17,17,44,44,44,44,57,73,91,102,102,102],"floor_reached":16,"playtime":349,"items_purged":["Defend_R"],"score":104,"play_id":"be82c3df-774a-4b47-a7d2-dfa1ded75310","local_time":"20190419093303","is_ascension_mode":false,"campfire_choices":[{"data":"Bash","floor":6,"key":"SMITH"},{"data":"Clash","floor":8,"key":"SMITH"},{"floor":10,"key":"REST"},{"floor":15,"key":"REST"}],"neow_cost":"TEN_PERCENT_HP_LOSS","seed_source_timestamp":660669313191100,"circlet_count":0,"master_deck":["Strike_R","Strike_R","Strike_R","Strike_R","Defend_R","Bash+1","Clash+1"],"relics":["Burning Blood","Omamori"],"potions_floor_usage":[7,14,16],"damage_taken":[{"damage":7,"enemies":"2 Louse","floor":1,"turns":2},{"damage":10,"enemies":"Cultist","floor":3,"turns":4},{"damage":13,"enemies":"Jaw Worm","floor":4,"turns":3},{"damage":21,"enemies":"3 Sentries","floor":7,"turns":8},{"damage":8,"enemies":"2 Fungi Beasts","floor":11,"turns":3},{"damage":8,"enemies":"Red Slaver","floor":12,"turns":2},{"damage":16,"enemies":"Exordium Wildlife","floor":13,"turns":2},{"damage":0,"enemies":"Lots of Slimes","floor":14,"turns":1},{"damage":72,"enemies":"The Guardian","floor":16,"turns":6}],"seed_played":"-7659301403545477296","potions_obtained":[{"floor":3,"key":"Block Potion"},{"floor":7,"key":"Explosive Potion"},{"floor":11,"key":"SkillPotion"},{"floor":12,"key":"Poison Potion"}],"is_trial":false,"path_per_floor":["M","?","M","M","$","R","E","R","T","R","M","M","M","M","R","B"],"character_chosen":"IRONCLAD","items_purchased":["Clash"],"campfire_rested":2,"item_purchase_floors":[5],"current_hp_per_floor":[71,71,67,60,60,60,45,45,45,66,64,62,52,58,72,0],"gold":102,"neow_bonus":"REMOVE_TWO","is_prod":false,"is_daily":false,"chose_seed":false,"campfire_upgraded":2,"win_rate":0,"timestamp":1555659183,"path_taken":["M","?","M","M","$","R","E","R","T","R","M","?","M","M","R","BOSS"],"build_version":"2019-01-23","purchased_purges":1,"victory":false,"max_hp_per_floor":[72,72,72,72,72,72,72,72,72,72,72,72,72,72,72,72],"card_choices":[{"not_picked":["Body Slam","Wild Strike","Headbutt"],"picked":"SKIP","floor":1},{"not_picked":["Heavy Blade","Headbutt","Warcry"],"picked":"SKIP","floor":3},{"not_picked":["Berserk","Feel No Pain","Bloodletting"],"picked":"SKIP","floor":4},{"not_picked":["True Grit","Burning Pact","Havoc"],"picked":"SKIP","floor":7},{"not_picked":["Infernal Blade","Cleave","Seeing Red"],"picked":"SKIP","floor":11},{"not_picked":["Spot Weakness","Battle Trance","Perfected Strike"],"picked":"SKIP","floor":12},{"not_picked":["Heavy Blade","Infernal Blade","Rage"],"picked":"SKIP","floor":13},{"not_picked":["Sword Boomerang","Entrench","Cleave"],"picked":"SKIP","floor":14}],"player_experience":609221,"relics_obtained":[{"floor":9,"key":"Omamori"}],"event_choices":[{"cards_removed":["Strike_R"],"damage_healed":0,"gold_gain":0,"player_choice":"Offered Basic","damage_taken":0,"max_hp_gain":0,"max_hp_loss":0,"event_name":"Bonfire Elementals","floor":2,"gold_loss":0}],"is_beta":false,"boss_relics":[],"items_purged_floors":[5],"is_endless":false,"potions_floor_spawned":[3,7,11,12],"killed_by":"The Guardian","ascension_level":0}