{"gold_per_floor":[118,118,118,30,49,83,97,128,128,167,167,186,186,209,209,209],"floor_reached":16,"playtime":449,"items_purged":[],"score":290,"play_id":"8a2143a9-4e77-4658-8c39-0ef1ccf2360a","local_time":"20190408135613","is_ascension_mode":true,"campfire_choices":[{"data":"Shockwave","floor":13,"key":"SMITH"},{"data":"Perfected Strike","floor":15,"key":"SMITH"}],"neow_cost":"NONE","seed_source_timestamp":1445022254866742,"circlet_count":0,"master_deck":["AscendersBane","Strike_R","Strike_R","Strike_R","Strike_R","Strike_R","Defend_R","Defend_R","Defend_R","Defend_R","Bash","Perfected Strike+1","Battle Trance","Feel No Pain","Wild Strike","Twin Strike","Thunderclap","Shockwave+1"],"relics":["Burning Blood","NeowsBlessing","Golden Idol","Oddly Smooth Stone","Juzu Bracelet","Mummified Hand","Bottled Lightning","Question Card"],"potions_floor_usage":[8,10],"damage_taken":[{"damage":0,"enemies":"2 Louse","floor":1,"turns":1},{"damage":0,"enemies":"Jaw Worm","floor":5,"turns":1},{"damage":0,"enemies":"3 Sentries","floor":6,"turns":1},{"damage":2,"enemies":"Small Slimes","floor":7,"turns":5},{"damage":34,"enemies":"Lagavulin","floor":8,"turns":6},{"damage":8,"enemies":"Gremlin Nob","floor":10,"turns":3},{"damage":5,"enemies":"Looter","floor":12,"turns":4},{"damage":11,"enemies":"3 Louse","floor":14,"turns":3},{"damage":35,"enemies":"Hexaghost","floor":16,"turns":8}],"seed_played":"7760664790818727168","potions_obtained":[{"floor":1,"key":"Poison Potion"},{"floor":5,"key":"Fire Potion"}],"is_trial":false,"path_per_floor":["M","?","T","$","M","E","M","E","T","E","?","M","R","M","R","B"],"character_chosen":"IRONCLAD","items_purchased":["Battle Trance"],"campfire_rested":0,"item_purchase_floors":[4],"current_hp_per_floor":[74,68,68,68,68,68,68,40,40,38,38,39,39,34,34,0],"gold":209,"neow_bonus":"THREE_ENEMY_KILL","is_prod":false,"is_daily":false,"chose_seed":false,"campfire_upgraded":2,"win_rate":0,"timestamp":1554724573,"path_taken":["M","?","?","$","M","E","M","E","T","E","?","M","R","M","R","BOSS"],"build_version":"2019-01-23","purchased_purges":0,"victory":false,"max_hp_per_floor":[75,68,68,68,68,68,68,68,68,68,68,68,68,68,68,68],"card_choices":[{"not_picked":["Ghostly Armor","Havoc"],"picked":"Perfected Strike","floor":1},{"not_picked":["Pommel Strike","Sever Soul"],"picked":"Feel No Pain","floor":5},{"not_picked":["Bludgeon","Iron Wave"],"picked":"Wild Strike","floor":6},{"not_picked":["Shrug It Off","Heavy Blade"],"picked":"Twin Strike","floor":7},{"not_picked":["Wild Strike","Perfected Strike","Dropkick"],"picked":"SKIP","floor":8},{"not_picked":["Body Slam","Bludgeon"],"picked":"Thunderclap","floor":10},{"not_picked":["Warcry","Flex","Perfected Strike"],"picked":"Shockwave","floor":12},{"not_picked":["True Grit","Warcry","Sentinel","Clothesline"],"picked":"SKIP","floor":14}],"player_experience":1420955,"relics_obtained":[{"floor":3,"key":"Oddly Smooth Stone"},{"floor":6,"key":"Juzu Bracelet"},{"floor":8,"key":"Mummified Hand"},{"floor":9,"key":"Bottled Lightning"},{"floor":10,"key":"Question Card"}],"event_choices":[{"damage_healed":0,"gold_gain":0,"player_choice":"Lose Max HP","damage_taken":0,"relics_obtained":["Golden Idol"],"max_hp_gain":0,"max_hp_loss":7,"event_name":"Golden Idol","floor":2,"gold_loss":0},{"damage_healed":0,"gold_gain":0,"player_choice":"Ignored","damage_taken":0,"max_hp_gain":0,"max_hp_loss":0,"event_name":"Liars Game","floor":11,"gold_loss":0}],"is_beta":false,"boss_relics":[],"items_purged_floors":[],"is_endless":false,"potions_floor_spawned":[1,5],"killed_by":"Hexaghost","ascension_level":20}