{"path_per_floor":["M","M","M","M","M","R","E","R","T","?","R","E","T","?","R","B",null,"M","$","M","$","?","E","R","E","T","R","$","M","M","E","R","B",null,"M","?","?","M","?","R","T","R","T","M","M","E","R","M","R","B"],"character_chosen":"IRONCLAD","items_purchased":["Apotheosis","Vajra","Fire Breathing","Flex"],"gold_per_floor":[114,125,135,149,159,159,187,187,187,248,248,276,276,256,256,358,358,377,46,63,26,26,54,54,79,79,79,26,38,58,86,86,189,189,206,206,206,219,0,30,80,80,80,91,108,136,436,450,450,450],"floor_reached":51,"campfire_rested":0,"playtime":4824,"current_hp_per_floor":[80,80,80,80,80,80,78,78,78,60,60,61,61,61,61,36,80,80,80,80,80,80,73,73,57,57,57,57,60,61,47,47,14,80,68,68,58,53,53,53,53,53,53,55,53,65,65,70,70,28],"items_purged":[],"gold":450,"score":743,"play_id":"714e7755-73cc-4d60-a0c6-18f90f439e37","local_time":"20180416005937","is_prod":false,"is_daily":false,"chose_seed":false,"is_ascension_mode":false,"campfire_upgraded":5,"timestamp":1523865577,"path_taken":["M","?","M","M","M","R","E","R","T","?","R","E","?","?","R","BOSS","M","$","M","$","?","E","R","E","T","R","?","M","M","E","R","BOSS","M","?","?","M","?","R","?","R","T","M","M","E","R","M","R","BOSS"],"build_version":"2018-04-12","seed_source_timestamp":43164652859012,"purchased_purges":0,"victory":true,"master_deck":["Strike_R+1","Strike_R","Strike_R","Strike_R","Strike_R","Defend_R","Defend_R","Defend_R","Bash","Rampage+1","Shrug It Off","Seeing Red+1","Rage+1","Metallicize","Carnage+1","Battle Trance","Twin Strike+1","Double Tap","Searing Blow+2","Apotheosis+1","Warcry","Fire Breathing","Cleave+1","Pommel Strike+1","Flex","Combust+1","Inflame","Iron Wave+1","Reaper+1","Body Slam+1","Rage+1","Panache","Bandage Up","Jack Of All Trades","Thunderclap+1","Rage+1","Iron Wave+1","Pummel+1","Shrug It Off"],"max_hp_per_floor":[80,80,80,80,80,80,80,80,80,80,80,80,80,80,80,80,80,80,80,80,80,80,80,80,80,80,80,80,80,80,80,80,80,80,80,80,80,80,80,80,80,80,80,80,80,80,80,80,80,80],"relics":["Burning Blood","Art of War","Dodecahedron","Bottled Flame","Molten Egg 2","Blood Vial","Self Forming Clay","Sozu","Vajra","Bottled Tornado","Shovel","Question Card","Oddly Smooth Stone","Mercury Hourglass","Toolbox","Runic Pyramid","Red Mask","Tiny Chest","Whetstone","Regal Pillow","Ginger","Pen Nib","Old Coin","Ornamental Fan"],"card_choices":[{"not_picked":["Cleave","Searing Blow"],"picked":"Rampage","floor":1},{"not_picked":["Reckless Charge","Pommel Strike"],"picked":"Shrug It Off","floor":2},{"not_picked":["Flex","Whirlwind"],"picked":"Seeing Red","floor":3},{"not_picked":["Pommel Strike","Bloodletting"],"picked":"Rage","floor":4},{"not_picked":["Shrug It Off","Dual Wield"],"picked":"Metallicize","floor":5},{"not_picked":["Body Slam","Cleave"],"picked":"Carnage","floor":7},{"not_picked":["Anger","Combust"],"picked":"Battle Trance","floor":10},{"not_picked":["True Grit","Heavy Blade"],"picked":"Twin Strike","floor":12},{"not_picked":["Feed","Fiend Fire"],"picked":"Double Tap","floor":16},{"not_picked":["Entrench","Second Wind"],"picked":"Searing Blow","floor":18},{"not_picked":["Heavy Blade","Perfected Strike"],"picked":"Warcry","floor":20},{"not_picked":["Anger","Power Through"],"picked":"Cleave","floor":23},{"not_picked":["Body Slam","Sever Soul"],"picked":"Pommel Strike","floor":25},{"not_picked":["Flame Barrier","Spot Weakness","Flex"],"picked":"Combust","floor":29},{"not_picked":["Anger","Cleave","Flex"],"picked":"Inflame","floor":30},{"not_picked":["Flex","Shockwave","Feel No Pain"],"picked":"Iron Wave","floor":31},{"not_picked":["Limit Break","Demon Form","Dark Embrace"],"picked":"Reaper","floor":33},{"not_picked":["Carnage","Corruption","Uppercut"],"picked":"Body Slam","floor":35},{"not_picked":["Master of Strategy","Sadistic Nature","Panacea"],"picked":"Panache","floor":37},{"not_picked":["Madness","Deep Breath","Blind"],"picked":"Bandage Up","floor":37},{"not_picked":["Apotheosis","Deep Breath","Trip"],"picked":"Jack Of All Trades","floor":37},{"not_picked":["Armaments","Sword Boomerang","Inflame"],"picked":"Thunderclap","floor":38},{"not_picked":["Headbutt","Clothesline","Feel No Pain"],"picked":"Rage","floor":44},{"not_picked":["Corruption","Sword Boomerang","Anger"],"picked":"Iron Wave","floor":45},{"not_picked":["Spot Weakness","Body Slam","Berserk"],"picked":"Pummel","floor":46},{"not_picked":["Anger","Havoc","Heavy Blade"],"picked":"Shrug It Off","floor":48}],"player_experience":180768,"potions_floor_usage":[4,7,16,16,25],"damage_taken":[{"damage":1,"enemies":"Cultist","floor":1,"turns":4},{"damage":5,"enemies":"Small Slimes","floor":2,"turns":3},{"damage":3,"enemies":"Jaw Worm","floor":3,"turns":4},{"damage":3,"enemies":"Large Slime","floor":4,"turns":5},{"damage":3,"enemies":"Lots of Slimes","floor":5,"turns":6},{"damage":8,"enemies":"Lagavulin","floor":7,"turns":10},{"damage":24,"enemies":"Lagavulin Event","floor":10,"turns":5},{"damage":5,"enemies":"3 Sentries","floor":12,"turns":7},{"damage":48,"enemies":"The Guardian","floor":16,"turns":8},{"damage":0,"enemies":"Shell Parasite","floor":18,"turns":4},{"damage":5,"enemies":"3 Byrds","floor":20,"turns":4},{"damage":13,"enemies":"Book of Stabbing","floor":23,"turns":4},{"damage":24,"enemies":"Slavers","floor":25,"turns":4},{"damage":5,"enemies":"Centurion and Healer","floor":29,"turns":5},{"damage":7,"enemies":"Chosen and Byrds","floor":30,"turns":5},{"damage":22,"enemies":"Book of Stabbing","floor":31,"turns":4},{"damage":41,"enemies":"Automaton","floor":33,"turns":8},{"damage":18,"enemies":"3 Darklings","floor":35,"turns":3},{"damage":13,"enemies":"Orb Walker","floor":38,"turns":3},{"damage":16,"enemies":"Maw","floor":44,"turns":6},{"damage":14,"enemies":"Sphere and 2 Shapes","floor":45,"turns":6},{"damage":31,"enemies":"Giant Head","floor":46,"turns":8},{"damage":13,"enemies":"3 Darklings","floor":48,"turns":4},{"damage":80,"enemies":"Awakened One","floor":50,"turns":11}],"event_choices":[{"event_name":"Dead Adventurer","player_choice":"Searched \u00272\u0027 times","floor":10,"damage_taken":0},{"event_name":"The Woman in Blue","player_choice":"Bought 1 Potion","floor":14,"damage_taken":0},{"event_name":"Purifier","player_choice":"One Purge","floor":22,"damage_taken":0},{"event_name":"Duplicator","player_choice":"One dupe","floor":36,"damage_taken":0},{"event_name":"SensoryStone","player_choice":"Memory 3","floor":37,"damage_taken":0},{"event_name":"Tomb of Lord Red Mask","player_choice":"Paid","floor":39,"damage_taken":0}],"boss_relics":[{"not_picked":["Eternal Feather","White Beast Statue"],"picked":"Sozu"},{"not_picked":["Velvet Choker","Runic Dome"],"picked":"Runic Pyramid"}],"potions_floor_spawned":[3,4,7,12,18,30,31,33,35,44,45],"seed_played":"-2949029338653353974","ascension_level":0,"is_trial":false}