{"gold_per_floor":[16,31,31,50,150,193,193,163,163,163,20,20,34,34,34,164,164,188,188,202,7,30,30,71,71,71,114,114,134,147,147,147,273,336,351,351,370,395,395,395,419,419,446,509,509,532,555,555],"floor_reached":48,"playtime":2897,"items_purged":[],"score":599,"play_id":"6c4363eb-8df9-4a8c-9a06-a70ae287f477","local_time":"20180727183352","is_ascension_mode":true,"campfire_choices":[{"data":"After Image","floor":7,"key":"SMITH"},{"data":"Prepared","floor":12,"key":"SMITH"},{"data":"Envenom","floor":15,"key":"SMITH"},{"data":"Noxious Fumes","floor":23,"key":"SMITH"},{"data":"Envenom","floor":25,"key":"SMITH"},{"data":"Crippling Poison","floor":28,"key":"SMITH"},{"data":"Deflect","floor":32,"key":"SMITH"},{"floor":40,"key":"REST"},{"floor":42,"key":"REST"},{"floor":45,"key":"REST"}],"neow_cost":"NO_GOLD","seed_source_timestamp":2407165652610,"circlet_count":0,"master_deck":["Defend_G","Defend_G","Defend_G","Defend_G","Defend_G","Strike_G","Strike_G","Strike_G","Strike_G","Survivor+1","Neutralize+1","After Image+1","Slice","Prepared+1","Injury","Deflect+1","Noxious Fumes+1","All Out Attack","Skewer","Envenom+1","Envenom+1","Crippling Poison+1","Flying Knee+1","Poisoned Stab","Poisoned Stab+1","Concentrate+1","Deadly Poison+1","Dodge and Roll+1","Die Die Die+1","Bane","Noxious Fumes+1","PiercingWail+1","After Image+1","Sucker Punch+1","Catalyst+1","Catalyst+1","Deadly Poison+1","Cloak And Dagger+1","Terror+1"],"relics":["Ring of the Snake","Golden Idol","Ice Cream","Pear","Lantern","Runic Pyramid","Oddly Smooth Stone","Whetstone","Dream Catcher","Boot","Toxic Egg 2","Ginger","Tiny House","Art of War","Tiny Chest"],"potions_floor_usage":[6,24,30,35,38,38,38,46,48],"damage_taken":[{"damage":2,"enemies":"2 Louse","floor":1,"turns":4},{"damage":0,"enemies":"Small Slimes","floor":2,"turns":4},{"damage":3,"enemies":"Cultist","floor":4,"turns":5},{"damage":42,"enemies":"Lagavulin","floor":6,"turns":16},{"damage":0,"enemies":"Looter","floor":8,"turns":4},{"damage":0,"enemies":"Red Slaver","floor":13,"turns":4},{"damage":23,"enemies":"Hexaghost","floor":16,"turns":10},{"damage":18,"enemies":"Spheric Guardian","floor":18,"turns":9},{"damage":3,"enemies":"Shell Parasite","floor":20,"turns":8},{"damage":8,"enemies":"Gremlin Leader","floor":24,"turns":8},{"damage":9,"enemies":"Book of Stabbing","floor":27,"turns":7},{"damage":6,"enemies":"Centurion and Healer","floor":29,"turns":6},{"damage":0,"enemies":"Cultist and Chosen","floor":30,"turns":6},{"damage":2,"enemies":"Champ","floor":33,"turns":12},{"damage":37,"enemies":"Flame Bruiser 1 Orb","floor":35,"turns":7},{"damage":5,"enemies":"Orb Walker","floor":37,"turns":3},{"damage":6,"enemies":"4 Shapes","floor":38,"turns":7},{"damage":47,"enemies":"Sphere and 2 Shapes","floor":41,"turns":5},{"damage":12,"enemies":"Nemesis","floor":44,"turns":5},{"damage":14,"enemies":"Spire Growth","floor":46,"turns":4},{"damage":32,"enemies":"Transient","floor":47,"turns":5},{"damage":11,"enemies":"Sphere and 2 Shapes","floor":48,"turns":3}],"seed_played":"-6477331789561319703","potions_obtained":[{"floor":2,"key":"Dexterity Potion"},{"floor":16,"key":"Regen Potion"},{"floor":24,"key":"Fire Potion"},{"floor":27,"key":"Weak Potion"},{"floor":34,"key":"Swift Potion"},{"floor":35,"key":"Strength Potion"},{"floor":37,"key":"AttackPotion"},{"floor":44,"key":"LiquidBronze"},{"floor":47,"key":"SkillPotion"}],"is_trial":false,"path_per_floor":["M","M","?","M","?","E","R","M","T","?","$","R","M","?","R","B",null,"M","?","M","$","T","R","E","R","T","E","R","M","M","$","R","B",null,"M","?","M","M","?","R","M","R","T","E","R","M","M"],"character_chosen":"THE_SILENT","items_purchased":["Lantern","Whetstone","Poisoned Stab"],"campfire_rested":3,"item_purchase_floors":[11,21,21],"current_hp_per_floor":[68,68,68,65,65,23,23,23,33,33,33,33,33,33,33,10,80,62,62,59,59,59,59,63,63,63,54,54,48,48,48,48,46,85,48,48,43,37,37,62,15,40,40,28,53,39,7,0],"gold":555,"neow_bonus":"THREE_RARE_CARDS","is_prod":false,"is_daily":false,"chose_seed":false,"campfire_upgraded":7,"win_rate":0,"timestamp":1532709232,"path_taken":["M","M","?","M","?","E","R","M","T","?","$","R","?","?","R","BOSS","M","?","M","$","?","R","E","R","T","E","R","M","?","$","R","BOSS","M","?","M","M","?","R","M","R","T","E","R","M","M","M"],"build_version":"2018-07-26","purchased_purges":0,"victory":false,"max_hp_per_floor":[70,70,70,70,70,70,70,70,80,80,80,80,80,80,80,80,80,80,80,80,80,80,80,80,80,80,80,80,80,80,80,80,80,85,85,85,85,85,85,85,85,85,85,85,85,85,85,85],"card_choices":[{"not_picked":["Die Die Die","Envenom"],"picked":"After Image","floor":0},{"not_picked":["Deadly Poison","Deflect"],"picked":"Slice","floor":1},{"not_picked":["Blade Dance","Poisoned Stab"],"picked":"Prepared","floor":2},{"not_picked":["Backflip","Sucker Punch"],"picked":"Deflect","floor":4},{"not_picked":["Expertise","Choke"],"picked":"Noxious Fumes","floor":6},{"not_picked":["Prepared","Choke"],"picked":"All Out Attack","floor":8},{"not_picked":["Flechettes","Sucker Punch"],"picked":"Envenom","floor":13},{"not_picked":["Glass Knife","Grand Finale"],"picked":"Envenom","floor":16},{"not_picked":["Sucker Punch","Footwork+1"],"picked":"Crippling Poison","floor":18},{"not_picked":["Cloak And Dagger","Footwork"],"picked":"Flying Knee","floor":20},{"not_picked":["Night Terror","Dash"],"picked":"Poisoned Stab+1","floor":24},{"not_picked":["Acrobatics+1","Underhanded Strike+1"],"picked":"Concentrate+1","floor":27},{"not_picked":["Underhanded Strike","Slice"],"picked":"Deadly Poison+1","floor":29},{"not_picked":["Cloak And Dagger+1","Blur+1"],"picked":"Dodge and Roll+1","floor":30},{"not_picked":["Wraith Form v2","Phantasmal Killer+1"],"picked":"Die Die Die","floor":33},{"not_picked":["Dodge and Roll+1","Calculated Gamble+1"],"picked":"Bane","floor":34},{"not_picked":["All Out Attack+1","Footwork"],"picked":"Noxious Fumes+1","floor":35},{"not_picked":["Poisoned Stab","Outmaneuver+1"],"picked":"PiercingWail+1","floor":37},{"not_picked":["Acrobatics+1","Bane","Reflex+1"],"picked":"SKIP","floor":38},{"not_picked":["Calculated Gamble+1","Acrobatics+1"],"picked":"Sucker Punch+1","floor":40},{"not_picked":["Outmaneuver+1","Deflect+1"],"picked":"Catalyst+1","floor":41},{"not_picked":["Calculated Gamble+1","Flying Knee"],"picked":"Catalyst+1","floor":42},{"not_picked":["Flying Knee","Bouncing Flask+1"],"picked":"Deadly Poison+1","floor":44},{"not_picked":["Choke+1","Predator"],"picked":"Cloak And Dagger+1","floor":45},{"not_picked":["Phantasmal Killer+1","Reflex+1","Predator+1"],"picked":"SKIP","floor":46},{"not_picked":["Dagger Spray+1","Dagger Throw"],"picked":"Terror+1","floor":47}],"player_experience":189966,"relics_obtained":[{"floor":6,"key":"Ice Cream"},{"floor":9,"key":"Pear"},{"floor":22,"key":"Dream Catcher"},{"floor":24,"key":"Boot"},{"floor":26,"key":"Toxic Egg 2"},{"floor":27,"key":"Ginger"},{"floor":43,"key":"Art of War"},{"floor":44,"key":"Tiny Chest"}],"event_choices":[{"event_name":"Golden Idol","player_choice":"Take Wound","floor":3,"damage_taken":0},{"event_name":"Golden Shrine","player_choice":"Pray","floor":5,"damage_taken":0},{"event_name":"Living Wall","player_choice":"Change","floor":10,"damage_taken":0},{"event_name":"Fountain of Cleansing","player_choice":"Ignored","floor":14,"damage_taken":0},{"event_name":"The Mausoleum","player_choice":"Yes","floor":19,"damage_taken":0},{"event_name":"Upgrade Shrine","player_choice":"Upgraded","floor":36,"damage_taken":0},{"event_name":"Duplicator","player_choice":"One dupe","floor":39,"damage_taken":0}],"is_beta":false,"boss_relics":[{"not_picked":["HoveringKite","Eternal Feather"],"picked":"Runic Pyramid"},{"not_picked":["Coffee Dripper","Velvet Choker"],"picked":"Tiny House"}],"items_purged_floors":[],"is_endless":false,"potions_floor_spawned":[2,16,24,27,35,37,44,47],"killed_by":"Sphere and 2 Shapes","ascension_level":1}