{"gold_per_floor":[213,232,13,13,13,13,25,37,37,37,66,77,93,125,125,229,229,243,194,294,294,305,305,324,126,126,126,138,138,173,207,207,207],"floor_reached":33,"playtime":1461,"items_purged":["Strike_R","Strike_R"],"score":275,"play_id":"1bb5cc61-16a2-40dd-85df-6be1521c5232","local_time":"20190323003927","is_ascension_mode":false,"campfire_choices":[{"data":"Armaments","floor":6,"key":"SMITH"},{"data":"Rampage","floor":10,"key":"SMITH"},{"data":"Disarm","floor":15,"key":"SMITH"},{"data":"Bash","floor":23,"key":"SMITH"},{"data":"Inflame","floor":27,"key":"SMITH"},{"data":"Spot Weakness","floor":29,"key":"SMITH"},{"data":"Juggernaut","floor":32,"key":"SMITH"}],"neow_cost":"NONE","seed_source_timestamp":32827551890221,"circlet_count":0,"master_deck":["Strike_R","Strike_R","Strike_R","Defend_R","Defend_R+1","Defend_R","Defend_R","Bash+1","Armaments+1","Headbutt","Clothesline","Rampage+1","Disarm+1","Bludgeon+1","Anger+1","Headbutt+1","True Grit+1","Inflame+1","Uppercut+1","Shrug It Off","Spot Weakness+1","Feed+1","Shrug It Off+1","Headbutt+1","Juggernaut+1"],"relics":["Burning Blood","Membership Card","Gremlin Horn","Molten Egg 2","Orichalcum","Runic Cube","Calipers","Mummified Hand","Bottled Flame","Red Mask","War Paint"],"potions_floor_usage":[16,33,33,33],"damage_taken":[{"damage":9,"enemies":"Small Slimes","floor":1,"turns":4},{"damage":1,"enemies":"Cultist","floor":2,"turns":4},{"damage":1,"enemies":"Jaw Worm","floor":7,"turns":5},{"damage":21,"enemies":"Exordium Wildlife","floor":8,"turns":6},{"damage":15,"enemies":"3 Sentries","floor":11,"turns":6},{"damage":7,"enemies":"Blue Slaver","floor":12,"turns":4},{"damage":8,"enemies":"Large Slime","floor":13,"turns":6},{"damage":26,"enemies":"Lagavulin","floor":14,"turns":8},{"damage":22,"enemies":"The Guardian","floor":16,"turns":12},{"damage":14,"enemies":"Spheric Guardian","floor":18,"turns":4},{"damage":18,"enemies":"Colosseum Slavers","floor":20,"turns":3},{"damage":17,"enemies":"Colosseum Nobs","floor":20,"turns":5},{"damage":0,"enemies":"Shell Parasite","floor":22,"turns":6},{"damage":13,"enemies":"Snake Plant","floor":24,"turns":4},{"damage":27,"enemies":"Sentry and Sphere","floor":28,"turns":6},{"damage":18,"enemies":"Masked Bandits","floor":30,"turns":5},{"damage":11,"enemies":"Book of Stabbing","floor":31,"turns":6},{"damage":23,"enemies":"Champ","floor":33,"turns":10}],"seed_played":"-1128846538845338785","potions_obtained":[{"floor":1,"key":"Strength Potion"},{"floor":11,"key":"Fire Potion"},{"floor":13,"key":"SkillPotion"},{"floor":16,"key":"Weak Potion"},{"floor":18,"key":"Dexterity Potion"}],"is_trial":false,"path_per_floor":["M","M","$","?","$","R","M","M","T","R","E","M","M","E","R","B",null,"M","$","?","?","M","R","M","$","T","R","M","R","?","E","R","B"],"character_chosen":"IRONCLAD","items_purchased":["Membership Card","Headbutt","Headbutt+1","Uppercut+1","Shrug It Off","Spot Weakness","Feed+1"],"campfire_rested":0,"item_purchase_floors":[3,3,19,25,25,25,25],"current_hp_per_floor":[77,80,80,80,80,80,80,65,65,65,56,55,53,33,33,17,80,72,72,49,49,55,55,48,48,48,48,31,31,23,18,18,0],"gold":207,"neow_bonus":"HUNDRED_GOLD","is_prod":false,"is_daily":false,"chose_seed":false,"campfire_upgraded":7,"win_rate":0,"timestamp":1553312367,"path_taken":["M","M","$","?","?","R","M","M","T","R","E","?","M","E","R","BOSS","M","$","?","?","M","R","?","$","T","R","M","R","?","E","R","BOSS"],"build_version":"2019-01-23","purchased_purges":2,"victory":false,"max_hp_per_floor":[80,80,80,80,80,80,80,80,80,80,80,80,80,80,80,80,80,80,80,80,80,80,80,80,80,80,80,84,84,88,88,88,88],"card_choices":[{"not_picked":["Feel No Pain","Bloodletting"],"picked":"Armaments","floor":1},{"not_picked":["Sever Soul","Metallicize","Clash"],"picked":"SKIP","floor":2},{"not_picked":["Armaments","Body Slam"],"picked":"Rampage","floor":7},{"not_picked":["Havoc","Sword Boomerang","Clothesline"],"picked":"SKIP","floor":8},{"not_picked":["Rupture","Bloodletting","Body Slam"],"picked":"SKIP","floor":11},{"not_picked":["Cleave+1","Sentinel"],"picked":"Disarm","floor":12},{"not_picked":["Hemokinesis+1","Metallicize","Dropkick+1"],"picked":"SKIP","floor":13},{"not_picked":["Twin Strike+1","Clash+1","Warcry"],"picked":"SKIP","floor":14},{"not_picked":["Fiend Fire+1","Dark Embrace"],"picked":"Bludgeon+1","floor":16},{"not_picked":["Body Slam+1","Burning Pact"],"picked":"Anger+1","floor":18},{"not_picked":["Ghostly Armor","Anger+1"],"picked":"True Grit+1","floor":20},{"not_picked":["Sword Boomerang+1","True Grit","Dropkick+1"],"picked":"SKIP","floor":22},{"not_picked":["Clash+1","Heavy Blade+1"],"picked":"Inflame","floor":24},{"not_picked":["Metallicize","Dual Wield"],"picked":"Shrug It Off","floor":28},{"not_picked":["Blood for Blood+1","Cleave+1"],"picked":"Headbutt+1","floor":30},{"not_picked":["Spot Weakness","Burning Pact"],"picked":"Juggernaut","floor":31}],"player_experience":350789,"relics_obtained":[{"floor":9,"key":"Gremlin Horn"},{"floor":11,"key":"Molten Egg 2"},{"floor":14,"key":"Orichalcum"},{"floor":20,"key":"Calipers"},{"floor":20,"key":"Mummified Hand"},{"floor":26,"key":"Bottled Flame"},{"floor":30,"key":"Red Mask"},{"floor":31,"key":"War Paint"}],"event_choices":[{"damage_healed":0,"gold_gain":0,"player_choice":"1 cards matched","damage_taken":0,"max_hp_gain":0,"max_hp_loss":0,"event_name":"Match and Keep!","floor":4,"gold_loss":0,"cards_obtained":["Clothesline"]},{"damage_healed":0,"gold_gain":0,"player_choice":"Fight","damage_taken":0,"max_hp_gain":0,"max_hp_loss":0,"event_name":"Colosseum","floor":20,"gold_loss":0},{"damage_healed":0,"gold_gain":0,"player_choice":"Fought Nobs","damage_taken":0,"max_hp_gain":0,"max_hp_loss":0,"event_name":"Colosseum","floor":20,"gold_loss":0},{"damage_healed":0,"gold_gain":0,"player_choice":"Ignored","damage_taken":0,"max_hp_gain":0,"max_hp_loss":0,"event_name":"NoteForYourself","floor":21,"gold_loss":0},{"damage_healed":0,"gold_gain":0,"player_choice":"Fought Bandits","damage_taken":0,"max_hp_gain":0,"max_hp_loss":0,"event_name":"Masked Bandits","floor":30,"gold_loss":0}],"is_beta":false,"boss_relics":[{"not_picked":["Tiny House","Lizard Tail"],"picked":"Runic Cube"}],"items_purged_floors":[19,25],"is_endless":false,"potions_floor_spawned":[1,11,13,14,16,18,20,24],"killed_by":"Champ","ascension_level":0}