{"gold_per_floor":[110,123,140,155,171,171,182,201,201,126,126,85,85,115,115,193,193,211,211],"floor_reached":19,"playtime":600,"items_purged":["Strike_B"],"score":325,"play_id":"d6d1e50e-7317-4100-bd3f-3ff6e9b1cf72","local_time":"20181126131707","is_ascension_mode":true,"campfire_choices":[{"data":"Chaos","floor":6,"key":"SMITH"},{"data":"Hologram","floor":11,"key":"SMITH"},{"floor":13,"key":"REST"},{"floor":15,"key":"REST"}],"neow_cost":"NONE","seed_source_timestamp":8649840221232,"circlet_count":0,"master_deck":["AscendersBane","Strike_B","Strike_B","Strike_B","Defend_B","Defend_B","Defend_B","Defend_B","Zap","Dualcast","Meteor Strike","Sweeping Beam","Go for the Eyes","Chaos+1","Cold Snap","Hologram+1","Leap","Rebound","Compile Driver","Electrodynamics","Chill"],"relics":["Cracked Core","Meat on the Bone","Lantern","Cursed Key"],"potions_floor_usage":[14,14],"damage_taken":[{"damage":1,"enemies":"Cultist","floor":1,"turns":3},{"damage":8,"enemies":"2 Louse","floor":2,"turns":3},{"damage":0,"enemies":"Small Slimes","floor":3,"turns":3},{"damage":22,"enemies":"Exordium Thugs","floor":4,"turns":4},{"damage":3,"enemies":"Looter","floor":5,"turns":3},{"damage":2,"enemies":"2 Fungi Beasts","floor":7,"turns":3},{"damage":16,"enemies":"Exordium Wildlife","floor":8,"turns":4},{"damage":16,"enemies":"Lagavulin","floor":14,"turns":7},{"damage":33,"enemies":"The Guardian","floor":16,"turns":12},{"damage":22,"enemies":"2 Thieves","floor":18,"turns":3},{"damage":42,"enemies":"Chosen","floor":19,"turns":4}],"seed_played":"3606286611460719133","potions_obtained":[{"floor":1,"key":"Poison Potion"},{"floor":3,"key":"SteroidPotion"},{"floor":18,"key":"LiquidBronze"}],"is_trial":false,"path_per_floor":["M","M","M","M","M","R","M","M","T","$","R","?","R","E","R","B",null,"M","M"],"character_chosen":"DEFECT","items_purchased":[],"campfire_rested":2,"item_purchase_floors":[],"current_hp_per_floor":[63,55,55,33,30,30,28,12,12,12,12,12,33,29,50,29,61,39,0],"gold":211,"neow_bonus":"ONE_RANDOM_RARE_CARD","is_prod":false,"is_daily":false,"chose_seed":false,"campfire_upgraded":2,"win_rate":0,"timestamp":1543234627,"path_taken":["M","M","M","?","M","R","M","M","T","$","R","?","R","E","R","BOSS","M","M"],"build_version":"2018-11-15","purchased_purges":1,"victory":false,"max_hp_per_floor":[71,71,71,71,71,71,71,71,71,71,71,71,71,71,71,71,71,71,71],"card_choices":[{"not_picked":["Turbo","Rebound"],"picked":"Sweeping Beam","floor":1},{"not_picked":["Scrape","Reprogram"],"picked":"Go for the Eyes","floor":2},{"not_picked":["Stack","Double Energy"],"picked":"Chaos","floor":3},{"not_picked":["Turbo","White Noise"],"picked":"Cold Snap","floor":4},{"not_picked":["Fusion","Creative AI"],"picked":"Hologram","floor":5},{"not_picked":["Go for the Eyes","Redo"],"picked":"Leap","floor":7},{"not_picked":["Hologram","Recycle"],"picked":"Rebound","floor":8},{"not_picked":["Chaos","Sunder"],"picked":"Compile Driver","floor":14},{"not_picked":["Core Surge","Fission"],"picked":"Electrodynamics","floor":16},{"not_picked":["Barrage","Sweeping Beam"],"picked":"Chill","floor":18}],"player_experience":866967,"relics_obtained":[{"floor":9,"key":"Meat on the Bone"},{"floor":14,"key":"Lantern"}],"event_choices":[{"damage_healed":0,"gold_gain":0,"player_choice":"Left Gold","damage_taken":0,"max_hp_gain":0,"max_hp_loss":0,"event_name":"World of Goop","floor":12,"gold_loss":41}],"is_beta":false,"boss_relics":[{"not_picked":["Inserter","Calling Bell"],"picked":"Cursed Key"}],"items_purged_floors":[10],"is_endless":false,"potions_floor_spawned":[1,3,4,8,18],"killed_by":"Chosen","ascension_level":18}