{"gold_per_floor":[109,109,125,137,155,155,180,108,135,135,164,164,192,203,203,306,306,324,340,340,366,133,166,166,201,227,262,275,275],"floor_reached":29,"playtime":1417,"items_purged":[],"score":331,"play_id":"f4b6423e-cf9c-4dd3-87ad-ca339ec60cd0","local_time":"20180808163011","is_ascension_mode":true,"campfire_choices":[{"data":"Flex","floor":6,"key":"SMITH"},{"floor":10,"key":"REST"},{"floor":15,"key":"REST"},{"floor":24,"key":"REST"}],"neow_cost":"","seed_source_timestamp":194699629579117,"circlet_count":0,"master_deck":["Strike_R","Strike_R","Strike_R","Strike_R","Strike_R","Defend_R","Defend_R","Defend_R","Defend_R","Bash","Twin Strike+1","Flex+1","Twin Strike","Infernal Blade","Uppercut","Flex","Clothesline","Seeing Red","Infernal Blade","Demon Form","Cleave+1","Ghostly Armor+1"],"relics":["Burning Blood","Potion Belt","Dream Catcher","Anchor","Ornamental Fan","Busted Crown","Ancient Tea Set","Lantern","Unceasing Top","Bird Faced Urn","Pen Nib","Bag of Preparation"],"potions_floor_usage":[7,13,16,23,25,27],"damage_taken":[{"damage":10,"enemies":"Small Slimes","floor":1,"turns":4},{"damage":7,"enemies":"Jaw Worm","floor":3,"turns":3},{"damage":6,"enemies":"Cultist","floor":4,"turns":3},{"damage":14,"enemies":"Lots of Slimes","floor":5,"turns":5},{"damage":19,"enemies":"Lagavulin","floor":7,"turns":6},{"damage":28,"enemies":"Gremlin Nob","floor":11,"turns":4},{"damage":19,"enemies":"3 Sentries","floor":13,"turns":8},{"damage":9,"enemies":"Blue Slaver","floor":14,"turns":3},{"damage":62,"enemies":"Hexaghost","floor":16,"turns":12},{"damage":0,"enemies":"Chosen","floor":18,"turns":4},{"damage":10,"enemies":"Shell Parasite","floor":19,"turns":4},{"damage":29,"enemies":"Slavers","floor":23,"turns":5},{"damage":14,"enemies":"Gremlin Leader","floor":25,"turns":6},{"damage":47,"enemies":"Slavers","floor":27,"turns":5},{"damage":29,"enemies":"3 Cultists","floor":28,"turns":5},{"damage":13,"enemies":"Snecko","floor":29,"turns":3}],"seed_played":"3997257944447820781","potions_obtained":[{"floor":1,"key":"BloodPotion"},{"floor":4,"key":"Block Potion"},{"floor":14,"key":"Dexterity Potion"},{"floor":16,"key":"Energy Potion"},{"floor":23,"key":"SkillPotion"},{"floor":25,"key":"Weak Potion"}],"is_trial":false,"path_per_floor":["M","?","M","M","M","R","E","$","T","R","E","$","E","M","R","B",null,"M","M","$","T","$","E","R","E","T","E","M"],"character_chosen":"IRONCLAD","items_purchased":["Uppercut","Lantern","Demon Form"],"campfire_rested":3,"item_purchase_floors":[8,22,22],"current_hp_per_floor":[76,76,75,75,67,67,54,54,54,78,56,56,51,48,72,16,80,80,76,76,76,76,53,77,69,69,30,9,0],"gold":275,"neow_bonus":"","is_prod":false,"is_daily":false,"chose_seed":false,"campfire_upgraded":1,"win_rate":0,"timestamp":1533738611,"path_taken":["M","?","M","M","M","R","E","$","T","R","E","$","E","?","R","BOSS","M","M","$","?","$","E","R","E","T","E","M","M"],"build_version":"2018-08-02","purchased_purges":0,"victory":false,"max_hp_per_floor":[80,80,80,80,80,80,80,80,80,80,80,80,80,80,80,80,80,80,80,80,80,80,80,80,80,80,80,80,80],"card_choices":[{"not_picked":["Rupture","Hemokinesis"],"picked":"Twin Strike","floor":1},{"not_picked":["Anger","Power Through"],"picked":"Flex","floor":3},{"not_picked":["Disarm","Shockwave"],"picked":"Twin Strike","floor":4},{"not_picked":["Warcry","Blood for Blood","Rampage"],"picked":"SKIP","floor":5},{"not_picked":["Iron Wave","Wild Strike"],"picked":"Infernal Blade","floor":7},{"not_picked":["True Grit","Wild Strike"],"picked":"Flex","floor":10},{"not_picked":["Shrug It Off","Whirlwind"],"picked":"Clothesline","floor":11},{"not_picked":["Metallicize","Pummel","Headbutt"],"picked":"SKIP","floor":13},{"not_picked":["Wild Strike","Havoc","Ghostly Armor"],"picked":"SKIP","floor":14},{"not_picked":["Twin Strike","Body Slam"],"picked":"Seeing Red","floor":15},{"not_picked":["Body Slam+1"],"picked":"SKIP","floor":18},{"not_picked":[],"picked":"Infernal Blade","floor":19},{"not_picked":[],"picked":"Cleave+1","floor":23},{"not_picked":[],"picked":"Ghostly Armor+1","floor":25},{"not_picked":["Second Wind"],"picked":"SKIP","floor":27},{"not_picked":["Body Slam"],"picked":"SKIP","floor":28}],"player_experience":242190,"relics_obtained":[{"floor":7,"key":"Potion Belt"},{"floor":9,"key":"Dream Catcher"},{"floor":11,"key":"Anchor"},{"floor":13,"key":"Ornamental Fan"},{"floor":21,"key":"Ancient Tea Set"},{"floor":23,"key":"Unceasing Top"},{"floor":25,"key":"Bird Faced Urn"},{"floor":26,"key":"Pen Nib"},{"floor":27,"key":"Bag of Preparation"}],"event_choices":[{"event_name":"Living Wall","player_choice":"Grow","floor":2,"damage_taken":0}],"is_beta":false,"boss_relics":[{"not_picked":["Runic Dome","Velvet Choker"],"picked":"Busted Crown"}],"items_purged_floors":[],"is_endless":false,"potions_floor_spawned":[1,4,14,16,23,25],"killed_by":"Snecko","ascension_level":2}