{"gold_per_floor":[117,192,30,40,40,40,51,82,82,93,118,129,54,54,54,128,128,141,66,82,0,0],"floor_reached":22,"playtime":1568,"items_purged":["Pain"],"score":349,"play_id":"6a8faffc-3a2b-4c57-902b-a9166e8cb569","local_time":"20181213143110","is_ascension_mode":true,"campfire_choices":[{"data":"Body Slam","floor":6,"key":"SMITH"},{"floor":15,"key":"REST"}],"neow_cost":"PERCENT_DAMAGE","seed_source_timestamp":270297227079800,"circlet_count":0,"master_deck":["AscendersBane","Strike_R+1","Strike_R+1","Defend_R","Defend_R","Defend_R","Defend_R","Bash","Body Slam+1","Shrug It Off","True Grit","Clothesline","Entrench","Headbutt","Reaper","Flame Barrier"],"relics":["Burning Blood","Whetstone","WarpedTongs","Orichalcum","Matryoshka","Incense Burner","Philosopher\u0027s Stone"],"potions_floor_usage":[8,10,16],"damage_taken":[{"damage":4,"enemies":"Jaw Worm","floor":1,"turns":4},{"damage":0,"enemies":"Small Slimes","floor":4,"turns":3},{"damage":2,"enemies":"Cultist","floor":7,"turns":3},{"damage":28,"enemies":"3 Sentries","floor":8,"turns":12},{"damage":12,"enemies":"Large Slime","floor":10,"turns":7},{"damage":16,"enemies":"Gremlin Nob","floor":11,"turns":4},{"damage":1,"enemies":"Looter","floor":12,"turns":3},{"damage":21,"enemies":"Slime Boss","floor":16,"turns":19},{"damage":11,"enemies":"2 Thieves","floor":18,"turns":4},{"damage":60,"enemies":"3 Byrds","floor":20,"turns":8},{"damage":24,"enemies":"Cultist and Chosen","floor":22,"turns":4}],"seed_played":"6464109983168876380","potions_obtained":[{"floor":4,"key":"GamblersBrew"},{"floor":7,"key":"FearPotion"},{"floor":8,"key":"SkillPotion"}],"is_trial":false,"path_per_floor":["M","?","$","M","?","R","M","E","T","M","E","M","$","?","R","B",null,"M","?","M","?","M"],"character_chosen":"IRONCLAD","items_purchased":["Whetstone"],"campfire_rested":1,"item_purchase_floors":[3],"current_hp_per_floor":[52,41,41,47,47,47,51,29,29,23,13,18,18,18,40,25,63,58,58,11,11,0],"gold":0,"neow_bonus":"REMOVE_TWO","is_prod":false,"is_daily":false,"chose_seed":false,"campfire_upgraded":1,"win_rate":0,"timestamp":1544707870,"path_taken":["M","?","$","M","?","R","?","E","T","M","E","M","$","?","R","BOSS","M","?","M","?","M"],"build_version":"2018-12-06","purchased_purges":1,"victory":false,"max_hp_per_floor":[75,75,75,75,75,75,75,75,75,75,75,75,75,75,75,75,75,75,75,75,75,75],"card_choices":[{"not_picked":["Thunderclap","Sword Boomerang"],"picked":"Body Slam","floor":1},{"not_picked":["Flex","Cleave"],"picked":"Shrug It Off","floor":4},{"not_picked":["Flex","Warcry"],"picked":"True Grit","floor":7},{"not_picked":["Perfected Strike","Power Through","Berserk"],"picked":"SKIP","floor":8},{"not_picked":["Clash","Body Slam"],"picked":"Clothesline","floor":10},{"not_picked":["Clothesline","Fiend Fire"],"picked":"Entrench","floor":11},{"not_picked":["Armaments","Inflame"],"picked":"Headbutt","floor":12},{"not_picked":["Barricade","Double Tap"],"picked":"Reaper","floor":16},{"not_picked":["Anger","Perfected Strike","Body Slam"],"picked":"SKIP","floor":18},{"not_picked":["True Grit","Perfected Strike+1"],"picked":"Flame Barrier","floor":20}],"player_experience":947464,"relics_obtained":[{"floor":8,"key":"Orichalcum"},{"floor":9,"key":"Matryoshka"},{"floor":11,"key":"Incense Burner"}],"event_choices":[{"damage_healed":0,"gold_gain":75,"player_choice":"Gather Gold","damage_taken":11,"max_hp_gain":0,"max_hp_loss":0,"event_name":"World of Goop","floor":2,"gold_loss":0},{"damage_healed":0,"gold_gain":0,"player_choice":"Rummage","damage_taken":0,"relics_obtained":["WarpedTongs"],"max_hp_gain":0,"max_hp_loss":0,"event_name":"Accursed Blacksmith","floor":5,"gold_loss":0,"cards_obtained":["Pain"]},{"damage_healed":0,"gold_gain":0,"player_choice":"Ignored","damage_taken":0,"max_hp_gain":0,"max_hp_loss":0,"event_name":"Liars Game","floor":14,"gold_loss":0},{"cards_removed":["Strike_R"],"damage_healed":0,"gold_gain":0,"player_choice":"Gave Gold","damage_taken":0,"max_hp_gain":0,"max_hp_loss":0,"event_name":"Beggar","floor":19,"gold_loss":75},{"damage_healed":0,"gold_gain":0,"player_choice":"Paid Fearfully","damage_taken":0,"max_hp_gain":0,"max_hp_loss":0,"event_name":"Masked Bandits","floor":21,"gold_loss":82}],"is_beta":false,"boss_relics":[{"not_picked":["Calling Bell","Lizard Tail"],"picked":"Philosopher\u0027s Stone"}],"items_purged_floors":[13],"is_endless":false,"potions_floor_spawned":[4,7,8],"killed_by":"Cultist and Chosen","ascension_level":16}