{"gold_per_floor":[144,156,156,156,169,169,202,202,202,218,247,30,30,50,50,148,148,164,175,175,175,200,200],"floor_reached":23,"playtime":1170,"items_purged":[],"score":289,"play_id":"7e63a4cf-7038-4f88-bf69-6cc57cee65e2","local_time":"20190402004957","is_ascension_mode":true,"campfire_choices":[{"data":"Bash","floor":6,"key":"SMITH"},{"data":"Anger","floor":8,"key":"SMITH"},{"data":"Limit Break","floor":15,"key":"SMITH"}],"neow_cost":"NONE","seed_source_timestamp":31830928697768,"circlet_count":0,"master_deck":["Strike_R","Strike_R","Strike_R","Strike_R","Strike_R","Defend_R","Defend_R","Defend_R","Defend_R","Bash+1","Iron Wave","Anger+1","Inflame","Pommel Strike","Battle Trance","Limit Break+1","Immolate","Iron Wave","Headbutt+1"],"relics":["Burning Blood","Tiny Chest","Ginger","Thread and Needle","StoneCalendar","Anchor","Lantern","Black Star","Enchiridion","PreservedInsect"],"potions_floor_usage":[14,18,19,23],"damage_taken":[{"damage":2,"enemies":"Small Slimes","floor":1,"turns":4},{"damage":6,"enemies":"Jaw Worm","floor":2,"turns":4},{"damage":6,"enemies":"2 Louse","floor":5,"turns":3},{"damage":25,"enemies":"Lagavulin","floor":7,"turns":7},{"damage":14,"enemies":"Gremlin Gang","floor":10,"turns":4},{"damage":15,"enemies":"3 Sentries","floor":11,"turns":7},{"damage":0,"enemies":"2 Fungi Beasts","floor":14,"turns":2},{"damage":38,"enemies":"Hexaghost","floor":16,"turns":8},{"damage":15,"enemies":"Spheric Guardian","floor":18,"turns":4},{"damage":25,"enemies":"3 Byrds","floor":19,"turns":6},{"damage":25,"enemies":"Book of Stabbing","floor":23,"turns":4}],"seed_played":"-6851236539114840942","potions_obtained":[{"floor":2,"key":"SteroidPotion"},{"floor":11,"key":"Fire Potion"},{"floor":18,"key":"Energy Potion"},{"floor":19,"key":"FearPotion"}],"is_trial":false,"path_per_floor":["M","M","?","?","M","R","E","R","T","M","E","$","?","M","R","B",null,"M","M","?","?","T","E"],"character_chosen":"IRONCLAD","items_purchased":["Battle Trance","Lantern"],"campfire_rested":0,"item_purchase_floors":[12,12],"current_hp_per_floor":[76,76,73,78,78,78,59,59,59,51,42,42,42,48,48,16,68,59,40,24,24,24,0],"gold":200,"neow_bonus":"RANDOM_COMMON_RELIC","is_prod":false,"is_daily":false,"chose_seed":false,"campfire_upgraded":3,"win_rate":0,"timestamp":1554176997,"path_taken":["M","M","?","?","M","R","E","R","T","M","E","$","?","?","R","BOSS","M","M","?","?","?","E"],"build_version":"2019-01-23","purchased_purges":0,"victory":false,"max_hp_per_floor":[80,80,80,85,85,85,85,85,85,85,85,85,85,85,85,85,85,85,85,85,85,85,85],"card_choices":[{"not_picked":["Cleave","Body Slam"],"picked":"Iron Wave","floor":1},{"not_picked":["Second Wind","Corruption"],"picked":"Anger","floor":2},{"not_picked":["Heavy Blade","Cleave","Twin Strike"],"picked":"SKIP","floor":5},{"not_picked":["Body Slam","Rampage","Twin Strike"],"picked":"SKIP","floor":7},{"not_picked":["Sword Boomerang","Body Slam"],"picked":"Inflame","floor":10},{"not_picked":["Headbutt","Havoc"],"picked":"Pommel Strike","floor":11},{"not_picked":["Rage","Body Slam","Clothesline"],"picked":"SKIP","floor":14},{"not_picked":["Juggernaut","Demon Form"],"picked":"Immolate","floor":16},{"not_picked":["Rage","Sentinel"],"picked":"Iron Wave","floor":18},{"not_picked":["Anger","Body Slam"],"picked":"Headbutt+1","floor":19}],"player_experience":464279,"relics_obtained":[{"floor":7,"key":"Thread and Needle"},{"floor":9,"key":"StoneCalendar"},{"floor":11,"key":"Anchor"},{"floor":20,"key":"Enchiridion"},{"floor":22,"key":"PreservedInsect"}],"event_choices":[{"damage_healed":0,"gold_gain":0,"player_choice":"Success","damage_taken":3,"relics_obtained":["Ginger"],"max_hp_gain":0,"max_hp_loss":0,"event_name":"Scrap Ooze","floor":3,"gold_loss":0},{"damage_healed":0,"gold_gain":0,"player_choice":"Donut","damage_taken":0,"max_hp_gain":5,"max_hp_loss":0,"event_name":"Big Fish","floor":4,"gold_loss":0},{"damage_healed":0,"gold_gain":0,"player_choice":"1 cards matched","damage_taken":0,"max_hp_gain":0,"max_hp_loss":0,"event_name":"Match and Keep!","floor":13,"gold_loss":0,"cards_obtained":["Limit Break"]},{"damage_healed":0,"gold_gain":0,"player_choice":"Obtained Book","damage_taken":16,"max_hp_gain":0,"max_hp_loss":0,"event_name":"Cursed Tome","floor":20,"gold_loss":0},{"damage_healed":0,"gold_gain":0,"player_choice":"Ignored","damage_taken":0,"max_hp_gain":0,"max_hp_loss":0,"event_name":"Ghosts","floor":21,"gold_loss":0}],"is_beta":false,"boss_relics":[{"not_picked":["Runic Dome","Philosopher\u0027s Stone"],"picked":"Black Star"}],"items_purged_floors":[],"is_endless":false,"potions_floor_spawned":[2,11,18,19],"killed_by":"Book of Stabbing","ascension_level":9}