{"gold_per_floor":[113,126,401,56,68,68,81,94,94,94,121,132,161,161,161,263,263,278,278,295,41,41,41,60,94,94,112,112,132,148,167,167,269,269,281,281],"floor_reached":36,"playtime":3971,"items_purged":["Regret"],"score":458,"play_id":"2fa4c97f-1816-4625-9147-13fe416f43aa","local_time":"20180919205332","is_ascension_mode":true,"campfire_choices":[{"data":"Metamorphosis","floor":6,"key":"SMITH"},{"floor":10,"key":"REST"},{"floor":15,"key":"REST"},{"floor":23,"key":"REST"},{"floor":28,"key":"REST"},{"floor":32,"key":"REST"}],"neow_cost":"NONE","seed_source_timestamp":521309583537059,"circlet_count":0,"master_deck":["Defend_G","Defend_G","Defend_G","Defend_G","Defend_G","Strike_G","Strike_G+1","Strike_G","Strike_G","Survivor","Neutralize","Deadly Poison","Masterful Stab+1","Infinite Blades","Metamorphosis+1","Leg Sweep","Cloak And Dagger","Catalyst","Deadly Poison","Pain","After Image","Infinite Blades","Envenom","Footwork+1","Burst","Writhe","Deadly Poison","Riddle With Holes+1","Crippling Poison","Cloak And Dagger","Night Terror"],"relics":["Lizard Tail","Turnip","Singing Bowl","Torii","WarpedTongs","Cursed Key","Shuriken","MutagenicStrength","Meat on the Bone","Whetstone","Busted Crown"],"potions_floor_usage":[7,13,16,18,27,29,33,36],"damage_taken":[{"damage":4,"enemies":"Jaw Worm","floor":1,"turns":7},{"damage":3,"enemies":"Cultist","floor":2,"turns":6},{"damage":11,"enemies":"2 Louse","floor":5,"turns":2},{"damage":33,"enemies":"Lots of Slimes","floor":7,"turns":4},{"damage":4,"enemies":"Looter","floor":8,"turns":5},{"damage":29,"enemies":"Lagavulin","floor":11,"turns":6},{"damage":8,"enemies":"Red Slaver","floor":12,"turns":4},{"damage":25,"enemies":"3 Sentries","floor":13,"turns":8},{"damage":35,"enemies":"Slime Boss","floor":16,"turns":8},{"damage":11,"enemies":"Shell Parasite","floor":18,"turns":5},{"damage":30,"enemies":"Spheric Guardian","floor":20,"turns":6},{"damage":8,"enemies":"Shelled Parasite and Fungi","floor":24,"turns":7},{"damage":24,"enemies":"Book of Stabbing","floor":25,"turns":6},{"damage":21,"enemies":"Cultist and Chosen","floor":27,"turns":7},{"damage":15,"enemies":"Snake Plant","floor":29,"turns":4},{"damage":5,"enemies":"Chosen and Byrds","floor":30,"turns":6},{"damage":19,"enemies":"Centurion and Healer","floor":31,"turns":6},{"damage":38,"enemies":"Automaton","floor":33,"turns":8},{"damage":47,"enemies":"3 Darklings","floor":35,"turns":6},{"damage":43,"enemies":"Mysterious Sphere","floor":36,"turns":2}],"seed_played":"438664114214643058","potions_obtained":[{"floor":1,"key":"SteroidPotion"},{"floor":11,"key":"Poison Potion"},{"floor":13,"key":"Regen Potion"},{"floor":16,"key":"Weak Potion"},{"floor":20,"key":"Fire Potion"},{"floor":25,"key":"Ancient Potion"},{"floor":30,"key":"AttackPotion"},{"floor":33,"key":"Explosive Potion"}],"is_trial":false,"path_per_floor":["M","M","?","$","M","R","M","M","T","R","E","M","E","?","R","B",null,"M","?","M","$","?","R","M","E","T","M","R","M","M","M","R","B",null,"M"],"character_chosen":"THE_SILENT","items_purchased":["Infinite Blades","Metamorphosis","Shuriken"],"campfire_rested":5,"item_purchase_floors":[4,4,21],"current_hp_per_floor":[66,63,63,63,52,52,19,15,15,36,9,1,18,18,40,20,74,63,63,33,33,33,55,47,25,25,16,38,35,42,35,57,31,76,43,0],"gold":281,"neow_bonus":"BOSS_RELIC","is_prod":false,"is_daily":false,"chose_seed":false,"campfire_upgraded":1,"win_rate":0,"timestamp":1537415612,"path_taken":["M","M","?","$","M","R","?","M","T","R","E","M","E","?","R","BOSS","M","?","M","$","?","R","M","E","T","M","R","?","M","M","R","BOSS","M","?"],"build_version":"2018-09-06","purchased_purges":1,"victory":false,"max_hp_per_floor":[70,70,70,70,70,70,70,70,70,70,72,72,74,74,74,74,74,74,74,74,74,74,74,74,76,76,76,76,76,76,76,76,76,76,78,78],"card_choices":[{"not_picked":["Finisher","Sucker Punch"],"picked":"Deadly Poison","floor":1},{"not_picked":["Reflex","Eviscerate"],"picked":"Masterful Stab","floor":2},{"not_picked":["Blade Dance","Endless Agony"],"picked":"Leg Sweep","floor":5},{"not_picked":["Poisoned Stab","Eviscerate"],"picked":"Cloak And Dagger","floor":7},{"not_picked":["Bane","Outmaneuver"],"picked":"Catalyst","floor":8},{"not_picked":["Cloak And Dagger","Glass Knife","Dash"],"picked":"Singing Bowl","floor":11},{"not_picked":["Bane","Dagger Spray"],"picked":"Deadly Poison","floor":12},{"not_picked":["Bane","Dagger Throw","Poisoned Stab"],"picked":"Singing Bowl","floor":13},{"not_picked":["Burst","Die Die Die"],"picked":"After Image","floor":16},{"not_picked":["Sucker Punch+1","Backflip+1"],"picked":"Infinite Blades","floor":18},{"not_picked":["Bouncing Flask","PiercingWail"],"picked":"Footwork+1","floor":20},{"not_picked":["Flying Knee","Blade Dance"],"picked":"Burst","floor":24},{"not_picked":["Acrobatics+1","Poisoned Stab","Dagger Throw"],"picked":"Singing Bowl","floor":25},{"not_picked":["Finisher","Flying Knee+1"],"picked":"Deadly Poison","floor":27},{"not_picked":["Dash","Dodge and Roll"],"picked":"Riddle With Holes+1","floor":29},{"not_picked":["Quick Slash+1","Deflect+1"],"picked":"Crippling Poison","floor":30},{"not_picked":["Riddle With Holes","Finisher"],"picked":"Cloak And Dagger","floor":31},{"not_picked":["Malaise","Doppelganger"],"picked":"Night Terror","floor":33},{"not_picked":["Flying Knee"],"picked":"Singing Bowl","floor":35}],"player_experience":792818,"relics_obtained":[{"floor":9,"key":"Turnip"},{"floor":11,"key":"Singing Bowl"},{"floor":13,"key":"Torii"},{"floor":25,"key":"Meat on the Bone"},{"floor":26,"key":"Whetstone"}],"event_choices":[{"event_name":"Golden Shrine","player_choice":"Desecrate","floor":3,"damage_taken":0},{"event_name":"Accursed Blacksmith","player_choice":"Rummage","floor":14,"damage_taken":0},{"event_name":"Transmorgrifier","player_choice":"Transform","floor":19,"damage_taken":0},{"event_name":"Drug Dealer","player_choice":"Inject Mutagens","floor":22,"damage_taken":0},{"event_name":"Mysterious Sphere","player_choice":"Fight","floor":36,"damage_taken":0}],"is_beta":false,"boss_relics":[{"not_picked":["Astrolabe","Empty Cage"],"picked":"Cursed Key"},{"not_picked":["HoveringKite","White Beast Statue"],"picked":"Busted Crown"}],"items_purged_floors":[4],"is_endless":false,"potions_floor_spawned":[1,11,13,16,20,25,30,33],"killed_by":"Mysterious Sphere","ascension_level":3}