{"gold_per_floor":[361,0,16,16,26,58,58,71,151,220,220,237,267,284,284,284],"floor_reached":16,"playtime":755,"items_purged":[],"score":112,"play_id":"8e8b45f6-9391-4b24-9b4b-80e7252fd8ef","local_time":"20190326212326","is_ascension_mode":false,"campfire_choices":[{"data":"Tempest","floor":7,"key":"SMITH"},{"data":"Zap","floor":11,"key":"SMITH"},{"floor":15,"key":"REST"}],"neow_cost":"TEN_PERCENT_HP_LOSS","seed_source_timestamp":105096116462615,"circlet_count":0,"master_deck":["Strike_B","Strike_B","Strike_B","Strike_B","Defend_B","Defend_B","Defend_B","Defend_B","Zap+1","Dualcast","Steam","Tempest+1","Lockon","Cold Snap","Core Surge","Ball Lightning","Leap","FTL","Consume"],"relics":["Cracked Core","StoneCalendar","Ginger","Mummified Hand","Orichalcum"],"potions_floor_usage":[13,14,14],"damage_taken":[{"damage":2,"enemies":"Small Slimes","floor":1,"turns":3},{"damage":1,"enemies":"2 Louse","floor":3,"turns":2},{"damage":6,"enemies":"Jaw Worm","floor":5,"turns":2},{"damage":21,"enemies":"Lagavulin","floor":6,"turns":7},{"damage":7,"enemies":"2 Fungi Beasts","floor":8,"turns":3},{"damage":12,"enemies":"Large Slime","floor":12,"turns":5},{"damage":12,"enemies":"3 Sentries","floor":13,"turns":5},{"damage":0,"enemies":"3 Louse","floor":14,"turns":2},{"damage":0,"enemies":"Slime Boss","floor":16,"turns":1}],"seed_played":"-8655455414040657892","potions_obtained":[{"floor":6,"key":"Dexterity Potion"},{"floor":8,"key":"Fire Potion"},{"floor":12,"key":"SpeedPotion"},{"floor":14,"key":"EssenceOfSteel"}],"is_trial":false,"path_per_floor":["M","$","M","?","M","E","R","M","T","?","R","M","E","M","R","B"],"character_chosen":"DEFECT","items_purchased":["StoneCalendar","Tempest"],"campfire_rested":1,"item_purchase_floors":[2,2],"current_hp_per_floor":[66,66,65,65,59,38,38,31,31,31,31,19,7,7,27,27],"gold":284,"neow_bonus":"TWO_FIFTY_GOLD","is_prod":false,"is_daily":false,"chose_seed":false,"campfire_upgraded":2,"win_rate":0,"timestamp":1553646206,"path_taken":["M","$","M","?","M","E","R","M","T","?","R","M","E","M","R","BOSS"],"build_version":"2019-01-23","purchased_purges":0,"victory":false,"max_hp_per_floor":[68,68,68,68,68,68,68,68,68,68,68,68,68,68,68,68],"card_choices":[{"not_picked":["Go for the Eyes","Turbo"],"picked":"Steam","floor":1},{"not_picked":["Beam Cell","Streamline"],"picked":"Lockon","floor":3},{"not_picked":["Compile Driver","Fusion"],"picked":"Cold Snap","floor":5},{"not_picked":["Streamline","Turbo"],"picked":"Core Surge","floor":6},{"not_picked":["Beam Cell","Coolheaded"],"picked":"Ball Lightning","floor":8},{"not_picked":["Aggregate","Cold Snap"],"picked":"Leap","floor":12},{"not_picked":["Storm","All For One"],"picked":"FTL","floor":13},{"not_picked":["Coolheaded","BootSequence"],"picked":"Consume","floor":14}],"player_experience":392581,"relics_obtained":[{"floor":6,"key":"Ginger"},{"floor":9,"key":"Mummified Hand"},{"floor":13,"key":"Orichalcum"}],"event_choices":[{"damage_healed":0,"gold_gain":0,"player_choice":"Ignored","damage_taken":0,"max_hp_gain":0,"max_hp_loss":0,"event_name":"Liars Game","floor":4,"gold_loss":0},{"damage_healed":0,"gold_gain":69,"player_choice":"Gained Gold","damage_taken":0,"max_hp_gain":0,"max_hp_loss":0,"event_name":"Golden Wing","floor":10,"gold_loss":0}],"is_beta":false,"boss_relics":[],"items_purged_floors":[],"is_endless":false,"potions_floor_spawned":[6,8,12,14],"killed_by":"Slime Boss","ascension_level":0}