{"gold_per_floor":[110,123,123,138,88,115,127,127,127,157,8,8,43,53,53,158,158,168,93,193,211,211,211,241,241,241,272,284,312,344,388,400,515,527,559,646,675,543,558,558,587,607,631,646,675,687,81,114,114,114],"floor_reached":51,"playtime":2202,"items_purged":["Strike_B","Strike_B+1"],"score":1225,"play_id":"09896eca-5e4d-4ac0-9dcd-8d53a4052f73","local_time":"20190419035654","is_ascension_mode":true,"campfire_choices":[{"data":"Dualcast","floor":12,"key":"SMITH"},{"data":"Creative AI","floor":15,"key":"SMITH"},{"data":"White Noise","floor":23,"key":"SMITH"},{"data":"Storm","floor":25,"key":"SMITH"},{"data":"Tempest","floor":32,"key":"SMITH"},{"floor":40,"key":"DIG"},{"floor":49,"key":"DIG"}],"neow_cost":"NONE","seed_source_timestamp":211374596266572,"circlet_count":0,"master_deck":["Defend_B","Defend_B","Defend_B","Defend_B","Zap+1","Dualcast+1","Tempest+1","Streamline","Glacier","Hologram","FTL+1","Conserve Battery","Creative AI+1","Storm+1","Electrodynamics","Capacitor","White Noise+1","Leap+1","Storm+1","Echo Form+1","Conserve Battery+1","Storm+1","Heatsinks+1"],"relics":["Cracked Core","NeowsBlessing","Symbiotic Virus","Pear","Blood Vial","PreservedInsect","Bird Faced Urn","Velvet Choker","Shovel","Bottled Tornado","Strawberry","Frozen Egg 2","MawBank","Turnip","DataDisk","Sozu","Lantern","Regal Pillow","Dream Catcher","Whetstone","Chemical X","Pocketwatch","Ginger","Boot"],"potions_floor_usage":[6,6,16,18,20,20,21,31],"damage_taken":[{"damage":0,"enemies":"2 Louse","floor":1,"turns":1},{"damage":0,"enemies":"Cultist","floor":2,"turns":1},{"damage":0,"enemies":"Small Slimes","floor":4,"turns":1},{"damage":18,"enemies":"Gremlin Nob","floor":6,"turns":3},{"damage":4,"enemies":"3 Louse","floor":7,"turns":3},{"damage":19,"enemies":"Lagavulin","floor":10,"turns":4},{"damage":0,"enemies":"Gremlin Nob","floor":13,"turns":2},{"damage":9,"enemies":"Blue Slaver","floor":14,"turns":3},{"damage":0,"enemies":"The Guardian","floor":16,"turns":8},{"damage":7,"enemies":"Chosen","floor":18,"turns":3},{"damage":3,"enemies":"Colosseum Slavers","floor":20,"turns":2},{"damage":26,"enemies":"Colosseum Nobs","floor":20,"turns":3},{"damage":24,"enemies":"2 Thieves","floor":21,"turns":4},{"damage":5,"enemies":"Gremlin Leader","floor":24,"turns":4},{"damage":22,"enemies":"Slavers","floor":27,"turns":2},{"damage":16,"enemies":"Centurion and Healer","floor":29,"turns":4},{"damage":29,"enemies":"Shelled Parasite and Fungi","floor":30,"turns":6},{"damage":17,"enemies":"Book of Stabbing","floor":31,"turns":3},{"damage":11,"enemies":"Champ","floor":33,"turns":7},{"damage":11,"enemies":"3 Darklings","floor":35,"turns":2},{"damage":15,"enemies":"3 Shapes","floor":37,"turns":2},{"damage":5,"enemies":"Spire Growth","floor":39,"turns":3},{"damage":22,"enemies":"Nemesis","floor":41,"turns":3},{"damage":9,"enemies":"3 Darklings","floor":42,"turns":3},{"damage":0,"enemies":"Transient","floor":44,"turns":5},{"damage":0,"enemies":"Reptomancer","floor":45,"turns":2},{"damage":18,"enemies":"Spire Growth","floor":46,"turns":2},{"damage":1,"enemies":"Giant Head","floor":48,"turns":5},{"damage":52,"enemies":"Donu and Deca","floor":50,"turns":4}],"seed_played":"8766139376278778814","potions_obtained":[{"floor":3,"key":"Swift Potion"},{"floor":3,"key":"Poison Potion"},{"floor":3,"key":"Fire Potion"},{"floor":4,"key":"Energy Potion"},{"floor":6,"key":"Strength Potion"},{"floor":7,"key":"FocusPotion"},{"floor":16,"key":"Poison Potion"},{"floor":18,"key":"Fire Potion"},{"floor":20,"key":"Regen Potion"},{"floor":27,"key":"GamblersBrew"},{"floor":31,"key":"LiquidBronze"}],"is_trial":false,"path_per_floor":["?","M","?","?","$","M","?","?","M","?","T","?","M"],"character_chosen":"DEFECT","items_purchased":["PreservedInsect","Storm+1","Chemical X","Pocketwatch"],"campfire_rested":0,"item_purchase_floors":[11,38,47,47],"current_hp_per_floor":[68,68,68,68,68,50,46,46,56,37,37,37,39,32,32,50,76,73,73,60,61,61,61,79,79,79,63,63,55,44,43,43,60,84,83,74,71,71,84,84,78,83,83,92,92,78,78,92,92,58],"gold":114,"neow_bonus":"THREE_ENEMY_KILL","is_prod":false,"is_daily":false,"chose_seed":false,"campfire_upgraded":5,"win_rate":0,"timestamp":1555621014,"path_taken":["M","M","?","?","?","E","M","?","T","E","?","R","E","?","R","BOSS","M","?","?","?","?","R","E","R","T","E","?","M","M","E","R","BOSS","M","?","?","$","M","R","E","M","T","M","E","M","$","E","R","BOSS"],"build_version":"2019-01-23","purchased_purges":2,"victory":true,"max_hp_per_floor":[75,75,75,75,75,75,75,75,85,85,85,85,85,85,85,85,85,85,85,85,85,85,85,92,92,92,92,92,92,92,92,92,92,92,92,92,92,92,92,92,92,92,92,92,92,92,92,92,92,92],"card_choices":[{"not_picked":["Turbo","Beam Cell"],"picked":"Tempest","floor":1},{"not_picked":["Force Field","Chaos"],"picked":"Streamline","floor":2},{"not_picked":["Streamline","Gash"],"picked":"Glacier","floor":4},{"not_picked":["Consume","Reprogram"],"picked":"Hologram","floor":6},{"not_picked":["Hologram","Rainbow"],"picked":"FTL","floor":7},{"not_picked":["Turbo","Coolheaded"],"picked":"Conserve Battery","floor":10},{"not_picked":["Turbo","Hello World"],"picked":"Creative AI","floor":13},{"not_picked":["Self Repair","Static Discharge"],"picked":"Storm","floor":14},{"not_picked":["Reboot","Fission"],"picked":"Electrodynamics","floor":16},{"not_picked":["Leap","Compile Driver","Sweeping Beam"],"picked":"SKIP","floor":18},{"not_picked":["Scrape","Chaos"],"picked":"Capacitor","floor":20},{"not_picked":["Steam","Go for the Eyes","Cold Snap"],"picked":"SKIP","floor":21},{"not_picked":["Lockon","Genetic Algorithm"],"picked":"Leap+1","floor":24},{"not_picked":["Stack","Hologram","Sweeping Beam+1"],"picked":"SKIP","floor":27},{"not_picked":["Scrape","Gash","BootSequence+1"],"picked":"SKIP","floor":29},{"not_picked":["Go for the Eyes","Skim"],"picked":"Storm+1","floor":30},{"not_picked":["Rebound","Barrage","Sweeping Beam"],"picked":"SKIP","floor":31},{"not_picked":["Multi-Cast","Hyperbeam"],"picked":"Echo Form+1","floor":33},{"not_picked":["Steam","Compile Driver"],"picked":"Conserve Battery+1","floor":35},{"not_picked":["Leap","Genetic Algorithm","Coolheaded+1"],"picked":"SKIP","floor":37},{"not_picked":["Self Repair+1","Beam Cell+1","Streamline"],"picked":"SKIP","floor":39},{"not_picked":["Biased Cognition+1","Rip and Tear","Creative AI+1"],"picked":"SKIP","floor":41},{"not_picked":["Sunder","Sweeping Beam","Gash+1"],"picked":"SKIP","floor":42},{"not_picked":["Leap+1","Steam+1","Coolheaded"],"picked":"SKIP","floor":44},{"not_picked":["Rebound","Sweeping Beam+1","Hyperbeam"],"picked":"SKIP","floor":45},{"not_picked":["Steam","Gash+1","Turbo"],"picked":"SKIP","floor":46},{"not_picked":["Stack+1","Ball Lightning+1"],"picked":"Heatsinks+1","floor":48}],"player_experience":265213,"relics_obtained":[{"floor":6,"key":"Symbiotic Virus"},{"floor":9,"key":"Pear"},{"floor":10,"key":"Blood Vial"},{"floor":13,"key":"Bird Faced Urn"},{"floor":20,"key":"Shovel"},{"floor":20,"key":"Bottled Tornado"},{"floor":24,"key":"Strawberry"},{"floor":26,"key":"Frozen Egg 2"},{"floor":27,"key":"MawBank"},{"floor":28,"key":"Turnip"},{"floor":31,"key":"DataDisk"},{"floor":40,"key":"Lantern"},{"floor":41,"key":"Regal Pillow"},{"floor":43,"key":"Dream Catcher"},{"floor":45,"key":"Whetstone"},{"floor":48,"key":"Ginger"},{"floor":49,"key":"Boot"}],"event_choices":[{"damage_healed":0,"gold_gain":0,"player_choice":"Got Potions","damage_taken":0,"max_hp_gain":0,"max_hp_loss":0,"event_name":"Lab","floor":3,"gold_loss":0},{"cards_removed":["Strike_B"],"damage_healed":0,"gold_gain":0,"player_choice":"Card Removal","damage_taken":0,"max_hp_gain":0,"max_hp_loss":0,"event_name":"The Cleric","floor":5,"gold_loss":50},{"damage_healed":0,"gold_gain":0,"player_choice":"Grow","damage_taken":0,"max_hp_gain":0,"max_hp_loss":0,"event_name":"Living Wall","floor":8,"gold_loss":0,"cards_upgraded":["Zap"]},{"cards_removed":["Strike_B"],"damage_healed":0,"gold_gain":0,"player_choice":"Gave Gold","damage_taken":0,"max_hp_gain":0,"max_hp_loss":0,"event_name":"Beggar","floor":19,"gold_loss":75},{"damage_healed":0,"gold_gain":0,"player_choice":"Fight","damage_taken":0,"max_hp_gain":0,"max_hp_loss":0,"event_name":"Colosseum","floor":20,"gold_loss":0},{"damage_healed":0,"gold_gain":0,"player_choice":"Fought Nobs","damage_taken":0,"max_hp_gain":0,"max_hp_loss":0,"event_name":"Colosseum","floor":20,"gold_loss":0},{"damage_healed":0,"gold_gain":0,"player_choice":"Read","damage_taken":0,"max_hp_gain":0,"max_hp_loss":0,"event_name":"The Library","floor":22,"gold_loss":0,"cards_obtained":["White Noise"]},{"damage_healed":0,"gold_gain":75,"player_choice":"Touch","damage_taken":9,"max_hp_gain":0,"max_hp_loss":0,"event_name":"FaceTrader","floor":36,"gold_loss":0}],"is_beta":false,"boss_relics":[{"not_picked":["Orrery","FrozenCore"],"picked":"Velvet Choker"},{"not_picked":["Runic Dome","Runic Pyramid"],"picked":"Sozu"}],"items_purged_floors":[38,47],"is_endless":false,"potions_floor_spawned":[4,6,7,14,16,18,20,27,31,35,37,42,44],"ascension_level":6}