{"gold_per_floor":[112,74,74,89,109,109,143,143,143,143,163,163,173,230,230,327,327,343,359,284,284,199,234,254,254,279,299,28,28,48,58,58,153,153,169,169],"floor_reached":36,"playtime":5103,"items_purged":["Strike_B"],"score":419,"play_id":"47583978-32f4-4e91-b5b8-02925671bbc5","local_time":"20190418220757","is_ascension_mode":false,"campfire_choices":[{"data":"Dualcast","floor":6,"key":"SMITH"},{"data":"Zap","floor":8,"key":"SMITH"},{"data":"Chaos","floor":10,"key":"SMITH"},{"floor":15,"key":"REST"},{"floor":29,"key":"REST"},{"floor":32,"key":"REST"}],"neow_cost":"NONE","seed_source_timestamp":537693760324100,"circlet_count":0,"master_deck":["Strike_B","Strike_B","Defend_B","Defend_B","Defend_B","Defend_B","Zap+1","Dualcast+1","Chaos+1","Doom and Gloom","Conserve Battery","Cold Snap","Multi-Cast","Rainbow","Redo","FTL+1","Rip and Tear","Leap","Lockon","Electrodynamics","Auto Shields+1","All For One","Conserve Battery+1"],"relics":["FrozenCore","Sundial","Bag of Preparation","Tiny Chest","Girya","Question Card","Bottled Flame","Potion Belt","Chemical X","Cursed Key"],"potions_floor_usage":[14,16,33,33,33,33],"damage_taken":[{"damage":0,"enemies":"2 Louse","floor":1,"turns":3},{"damage":0,"enemies":"Cultist","floor":4,"turns":3},{"damage":9,"enemies":"Jaw Worm","floor":5,"turns":3},{"damage":24,"enemies":"Lagavulin","floor":7,"turns":6},{"damage":4,"enemies":"Large Slime","floor":11,"turns":3},{"damage":3,"enemies":"Looter","floor":13,"turns":3},{"damage":0,"enemies":"3 Sentries","floor":14,"turns":6},{"damage":36,"enemies":"The Guardian","floor":16,"turns":10},{"damage":2,"enemies":"Chosen","floor":18,"turns":5},{"damage":5,"enemies":"Spheric Guardian","floor":19,"turns":5},{"damage":36,"enemies":"Gremlin Leader","floor":23,"turns":7},{"damage":6,"enemies":"Snake Plant","floor":24,"turns":4},{"damage":9,"enemies":"Sentry and Sphere","floor":27,"turns":5},{"damage":11,"enemies":"Snecko","floor":30,"turns":3},{"damage":14,"enemies":"Shelled Parasite and Fungi","floor":31,"turns":6},{"damage":26,"enemies":"Champ","floor":33,"turns":9},{"damage":13,"enemies":"3 Shapes","floor":35,"turns":3},{"damage":71,"enemies":"2 Orb Walkers","floor":36,"turns":5}],"seed_played":"-3851215089560122976","potions_obtained":[{"floor":4,"key":"FocusPotion"},{"floor":7,"key":"Ancient Potion"},{"floor":12,"key":"LiquidBronze"},{"floor":12,"key":"Strength Potion"},{"floor":14,"key":"SmokeBomb"},{"floor":16,"key":"Strength Potion"},{"floor":27,"key":"LiquidBronze"},{"floor":30,"key":"SteroidPotion"}],"is_trial":false,"path_per_floor":["M","$","?","M","M","R","E","R","T","R","M","?","M","E","R","B",null,"M","M","?","?","?","E","M","T","T","M","$","R","M","M","R","B",null,"M","?"],"character_chosen":"DEFECT","items_purchased":["Doom and Gloom","Chemical X"],"campfire_rested":3,"item_purchase_floors":[2,28],"current_hp_per_floor":[82,82,82,82,73,73,49,49,49,49,45,45,42,42,66,30,82,80,75,75,75,75,39,33,33,33,24,24,48,37,23,47,21,82,69,0],"gold":169,"neow_bonus":"TEN_PERCENT_HP_BONUS","is_prod":false,"is_daily":false,"chose_seed":false,"campfire_upgraded":3,"win_rate":0.0,"timestamp":1555639677,"path_taken":["M","$","?","M","M","R","E","R","T","R","M","?","?","E","R","BOSS","M","M","?","?","?","E","M","?","T","M","$","R","M","M","R","BOSS","M","?"],"build_version":"2019-01-23","purchased_purges":1,"victory":false,"max_hp_per_floor":[82,82,82,82,82,82,82,82,82,82,82,82,82,82,82,82,82,82,82,82,82,82,82,82,82,82,82,82,82,82,82,82,82,82,82,82],"card_choices":[{"not_picked":["Barrage","Chill"],"picked":"Chaos","floor":1},{"not_picked":["Leap","Aggregate"],"picked":"Conserve Battery","floor":4},{"not_picked":["Hologram","Compile Driver","Stack"],"picked":"SKIP","floor":5},{"not_picked":["Rip and Tear","Gash"],"picked":"Cold Snap","floor":7},{"not_picked":["Hologram","Chill","Go for the Eyes"],"picked":"SKIP","floor":11},{"not_picked":["Go for the Eyes","Stack","Skim"],"picked":"SKIP","floor":13},{"not_picked":["White Noise","Melter"],"picked":"Multi-Cast","floor":14},{"not_picked":["Seek","Creative AI"],"picked":"Rainbow","floor":16},{"not_picked":["Steam","Melter"],"picked":"Redo","floor":18},{"not_picked":["Force Field+1","Leap"],"picked":"FTL+1","floor":19},{"not_picked":["Stack","Fission"],"picked":"Rip and Tear","floor":23},{"not_picked":["Blizzard","Cold Snap+1","Compile Driver"],"picked":"Leap","floor":24},{"not_picked":["Stack","Self Repair","Cold Snap"],"picked":"Lockon","floor":27},{"not_picked":["Compile Driver+1","Go for the Eyes","Streamline"],"picked":"Electrodynamics","floor":30},{"not_picked":["Redo+1","Leap+1","Stack+1"],"picked":"Auto Shields+1","floor":31},{"not_picked":["Electrodynamics","Fission","Rainbow"],"picked":"All For One","floor":33},{"not_picked":["Compile Driver+1","Streamline+1","Hello World"],"picked":"Conserve Battery+1","floor":35}],"player_experience":67547,"relics_obtained":[{"floor":7,"key":"Sundial"},{"floor":9,"key":"Bag of Preparation"},{"floor":14,"key":"Tiny Chest"},{"floor":23,"key":"Question Card"},{"floor":25,"key":"Bottled Flame"},{"floor":26,"key":"Potion Belt"}],"event_choices":[{"damage_healed":0,"gold_gain":0,"player_choice":"Ignored","damage_taken":0,"max_hp_gain":0,"max_hp_loss":0,"event_name":"Liars Game","floor":3,"gold_loss":0},{"damage_healed":0,"gold_gain":0,"player_choice":"Got Potions","damage_taken":0,"max_hp_gain":0,"max_hp_loss":0,"event_name":"Lab","floor":12,"gold_loss":0},{"cards_removed":["Strike_B"],"damage_healed":0,"gold_gain":0,"player_choice":"Gave Gold","damage_taken":0,"max_hp_gain":0,"max_hp_loss":0,"event_name":"Beggar","floor":20,"gold_loss":75},{"damage_healed":0,"gold_gain":0,"player_choice":"Ignored","damage_taken":0,"max_hp_gain":0,"max_hp_loss":0,"event_name":"Vampires","floor":21,"gold_loss":0},{"damage_healed":0,"gold_gain":0,"player_choice":"Obtained Relic","damage_taken":0,"relics_obtained":["Girya"],"max_hp_gain":0,"max_hp_loss":0,"event_name":"Addict","floor":22,"gold_loss":85},{"damage_healed":0,"gold_gain":0,"player_choice":"Fight","damage_taken":0,"max_hp_gain":0,"max_hp_loss":0,"event_name":"Mysterious Sphere","floor":36,"gold_loss":0}],"is_beta":false,"boss_relics":[{"not_picked":["Runic Dome","Ectoplasm"],"picked":"FrozenCore"},{"not_picked":["Runic Pyramid","Lizard Tail"],"picked":"Cursed Key"}],"items_purged_floors":[28],"is_endless":false,"potions_floor_spawned":[4,7,13,14,16,18,19,27,30],"killed_by":"2 Orb Walkers","ascension_level":0}