{"gold_per_floor":[113,127,202,1,11,11,38,38,63,63,63,81,96,131,131,228,228,244,206,146,156,173,207,217,217,217,71,71,170,181,209,209,209],"floor_reached":33,"playtime":1598,"items_purged":["Strike_R","Strike_R"],"score":389,"play_id":"5e5c83d9-6940-4191-b2da-cf6471f2b3d9","local_time":"20190327194955","is_ascension_mode":true,"campfire_choices":[{"data":"True Grit","floor":6.0,"key":"SMITH"},{"data":"Carnage","floor":8.0,"key":"SMITH"},{"data":"Bash","floor":11.0,"key":"SMITH"},{"data":"Cleave","floor":15.0,"key":"SMITH"},{"data":"Shockwave","floor":28,"key":"SMITH"},{"floor":32,"key":"REST"}],"neow_cost":"NONE","seed_source_timestamp":0,"circlet_count":0,"master_deck":["Strike_R","Strike_R","Defend_R","Defend_R","Defend_R","Defend_R","Bash+1","Iron Wave","Hemokinesis","Cleave+1","Shrug It Off","Carnage+1","True Grit+1","Ghostly Armor","Shockwave+1","Offering","Feed","Shrug It Off","Inflame","Anger+1","True Grit+1","Armaments+1","Shrug It Off+1","Shrug It Off","Spot Weakness","Limit Break"],"special_seed":0,"relics":["Burning Blood","Strawberry","Regal Pillow","Sozu","Centennial Puzzle","Shuriken","Dodecahedron"],"potions_floor_usage":[23,33,33],"damage_taken":[{"damage":6.0,"enemies":"Jaw Worm","floor":1.0,"turns":4.0},{"damage":4.0,"enemies":"Cultist","floor":2.0,"turns":3.0},{"damage":3.0,"enemies":"Small Slimes","floor":5.0,"turns":2.0},{"damage":25.0,"enemies":"Gremlin Nob","floor":7.0,"turns":4.0},{"damage":4.0,"enemies":"2 Fungi Beasts","floor":12.0,"turns":2.0},{"damage":1.0,"enemies":"Blue Slaver","floor":13.0,"turns":4.0},{"damage":7.0,"enemies":"3 Sentries","floor":14.0,"turns":5.0},{"damage":35.0,"enemies":"Slime Boss","floor":16.0,"turns":9.0},{"damage":6,"enemies":"Shell Parasite","floor":18,"turns":4},{"damage":20,"enemies":"Spheric Guardian","floor":21,"turns":6},{"damage":25,"enemies":"Snecko","floor":22,"turns":5},{"damage":25,"enemies":"Gremlin Leader","floor":23,"turns":4},{"damage":18,"enemies":"Snake Plant","floor":24,"turns":3},{"damage":10,"enemies":"3 Cultists","floor":30,"turns":5},{"damage":22,"enemies":"Book of Stabbing","floor":31,"turns":7},{"damage":70,"enemies":"Champ","floor":33,"turns":19}],"seed_played":"-4769106995089327378","potions_obtained":[{"floor":1.0,"key":"EntropicBrew"},{"floor":5.0,"key":"Explosive Potion"}],"is_trial":false,"path_per_floor":["M","M","?","$","M","R","E","R","T","$","R","M","M","E","R","B",null,"M","$","?","M","M","E","M","?","T","$","R","?","M","E","R","B"],"character_chosen":"IRONCLAD","items_purchased":["Shrug It Off","Carnage","Inflame","Shrug It Off"],"campfire_rested":1,"item_purchase_floors":[4,4,19,27],"current_hp_per_floor":[80,80,69,69,72,72,60,60,60,60,60,62,67,66,66,37,87,90,90,90,79,60,50,38,38,38,38,38,38,37,21,64,0],"gold":209,"neow_bonus":"THREE_CARDS","is_prod":false,"is_daily":false,"chose_seed":false,"campfire_upgraded":5,"win_rate":0,"timestamp":1553726995,"path_taken":["M","M","?","$","M","R","E","R","T","$","R","M","M","E","R","BOSS","M","$","?","M","?","E","M","?","T","$","R","?","M","E","R","BOSS"],"build_version":"2019-01-23","purchased_purges":2,"victory":false,"max_hp_per_floor":[80,80,80,80,80,80,87,87,87,87,87,87,87,87,87,87,87,90,90,90,93,93,93,93,93,93,93,93,93,96,96,96,96],"card_choices":[{"not_picked":["Perfected Strike","Rage"],"picked":"Iron Wave","floor":0.0},{"not_picked":["Seeing Red","Metallicize"],"picked":"Hemokinesis","floor":1.0},{"not_picked":["Havoc","Sword Boomerang"],"picked":"Cleave","floor":2.0},{"not_picked":["Clothesline","Thunderclap"],"picked":"True Grit","floor":5.0},{"not_picked":["Pummel","Wild Strike"],"picked":"Ghostly Armor","floor":7.0},{"not_picked":["Seeing Red","Warcry"],"picked":"Shockwave","floor":12.0},{"not_picked":["Armaments","Thunderclap","Twin Strike"],"picked":"SKIP","floor":13.0},{"not_picked":["Sentinel","True Grit"],"picked":"Offering","floor":14.0},{"not_picked":["Impervious","Barricade"],"picked":"Feed","floor":16.0},{"not_picked":["Armaments","Perfected Strike+1"],"picked":"Shrug It Off","floor":18},{"not_picked":["Iron Wave","Clothesline+1"],"picked":"Anger+1","floor":21},{"not_picked":["Flex","Clash"],"picked":"True Grit+1","floor":22},{"not_picked":["Perfected Strike","Bludgeon"],"picked":"Armaments+1","floor":23},{"not_picked":["Anger","Clothesline"],"picked":"Shrug It Off+1","floor":24},{"not_picked":["Perfected Strike+1","Twin Strike"],"picked":"Spot Weakness","floor":30},{"not_picked":["Sentinel+1","Shrug It Off"],"picked":"Limit Break","floor":31}],"player_experience":402634,"relics_obtained":[{"floor":7.0,"key":"Strawberry"},{"floor":14.0,"key":"Regal Pillow"},{"floor":23,"key":"Centennial Puzzle"},{"floor":26,"key":"Shuriken"},{"floor":31,"key":"Dodecahedron"}],"event_choices":[{"damage_healed":0.0,"max_hp_gain":0.0,"max_hp_loss":0.0,"gold_gain":75.0,"event_name":"World of Goop","player_choice":"Gather Gold","floor":3.0,"gold_loss":0.0,"damage_taken":11.0},{"cards_removed":["Strike_R"],"damage_healed":0,"gold_gain":0,"player_choice":"Single Remove","damage_taken":0,"max_hp_gain":0,"max_hp_loss":0,"event_name":"Designer","floor":20,"gold_loss":60},{"damage_healed":0,"gold_gain":99,"player_choice":"Stole From Cult","damage_taken":0,"max_hp_gain":0,"max_hp_loss":0,"event_name":"Nest","floor":29,"gold_loss":0}],"is_beta":false,"boss_relics":[{"not_picked":["Fusion Hammer","Black Blood"],"picked":"Sozu"}],"items_purged_floors":[4,27],"is_endless":false,"potions_floor_spawned":[1,5,16,22,23,24,31],"killed_by":"Champ","ascension_level":3}