{"gold_per_floor":[114,130,130,145,160,185,185,204,286,286,286,313,329,36,36,110,110,124,124,137,137,62,62,337,370,451,186,206,206,81,81,81,160,160,172,187,237,162,172,172,201,63,63,63,63,90,90,33,33,33,33,33,33,33,33],"floor_reached":55,"playtime":2473,"items_purged":["Strike_R","Strike_R+1","Regret","Shame"],"score":1923,"play_id":"fa58592e-0120-4976-b4a4-d0b887ddb875","local_time":"20190417133249","is_ascension_mode":true,"campfire_choices":[{"data":"Heavy Blade","floor":7,"key":"SMITH"},{"data":"Clothesline","floor":11,"key":"SMITH"},{"data":"Apotheosis","floor":15,"key":"SMITH"},{"floor":23,"key":"REST"},{"floor":29,"key":"REST"},{"floor":32,"key":"REST"},{"floor":40,"key":"RECALL"},{"floor":45,"key":"REST"},{"data":"Uppercut","floor":47,"key":"SMITH"},{"data":"Spot Weakness","floor":49,"key":"SMITH"},{"data":"Feel No Pain","floor":53,"key":"SMITH"}],"neow_cost":"PERCENT_DAMAGE","seed_source_timestamp":170245767851236,"circlet_count":0,"master_deck":["AscendersBane","Defend_R+1","Defend_R+1","Defend_R+1","Defend_R+1","Bash+1","Pummel","Clothesline+1","Spot Weakness+1","Flame Barrier","Heavy Blade+1","Feel No Pain+1","Shrug It Off","Apotheosis+1","Headbutt","Offering","Uppercut+1","Pummel","Whirlwind","Reaper+1","Havoc+1","Evolve","Carnage+1","Feel No Pain"],"relics":["Burning Blood","Smiling Mask","Shuriken","Turnip","Velvet Choker","MutagenicStrength","Happy Flower","Gremlin Horn","OrangePellets","Molten Egg 2","Runic Pyramid","Champion Belt","Blue Candle","Vajra"],"potions_floor_usage":[6,12,16,51,51],"damage_taken":[{"damage":12,"enemies":"2 Louse","floor":1,"turns":4},{"damage":5,"enemies":"Small Slimes","floor":2,"turns":3},{"damage":12,"enemies":"Jaw Worm","floor":4,"turns":2},{"damage":4,"enemies":"Looter","floor":5,"turns":4},{"damage":24,"enemies":"Gremlin Nob","floor":6,"turns":4},{"damage":0,"enemies":"Large Slime","floor":8,"turns":4},{"damage":14,"enemies":"3 Sentries","floor":12,"turns":12},{"damage":11,"enemies":"Exordium Thugs","floor":13,"turns":5},{"damage":19,"enemies":"Hexaghost","floor":16,"turns":8},{"damage":6,"enemies":"Spheric Guardian","floor":18,"turns":4},{"damage":12,"enemies":"Shell Parasite","floor":20,"turns":5},{"damage":44,"enemies":"Book of Stabbing","floor":25,"turns":5},{"damage":25,"enemies":"Centurion and Healer","floor":28,"turns":5},{"damage":32,"enemies":"Collector","floor":33,"turns":8},{"damage":6,"enemies":"Orb Walker","floor":35,"turns":3},{"damage":0,"enemies":"3 Shapes","floor":36,"turns":2},{"damage":21,"enemies":"2 Orb Walkers","floor":37,"turns":4},{"damage":26,"enemies":"Sphere and 2 Shapes","floor":39,"turns":6},{"damage":49,"enemies":"Giant Head","floor":41,"turns":8},{"damage":7,"enemies":"Nemesis","floor":46,"turns":5},{"damage":61,"enemies":"Awakened One","floor":50,"turns":17},{"damage":17,"enemies":"Donu and Deca","floor":51,"turns":9},{"damage":126,"enemies":"Shield and Spear","floor":55,"turns":6}],"seed_played":"-15213849868361869","potions_obtained":[{"floor":1,"key":"LiquidBronze"},{"floor":5,"key":"SteroidPotion"},{"floor":6,"key":"AttackPotion"},{"floor":18,"key":"Fire Potion"},{"floor":25,"key":"BloodPotion"},{"floor":37,"key":"SneckoOil"},{"floor":39,"key":"Weak Potion"},{"floor":46,"key":"SkillPotion"}],"is_trial":false,"path_per_floor":["M","M","?","M","M","E","R","M","T","?","R","E","M","$","R","B",null,"M","?","M","?","?","R","?","E","T","$","M","R","$","?","R","B",null,"M","M","?","?","M","R","E","$","T","?","R","E","R","$","R","B","B",null,"R","$","E"],"character_chosen":"IRONCLAD","items_purchased":["Apotheosis","Headbutt","OrangePellets","Whirlwind","Feel No Pain","AttackPotion"],"campfire_rested":4,"item_purchase_floors":[14,14,27,30,42,48],"current_hp_per_floor":[58,59,59,53,55,37,37,43,43,43,43,35,30,30,30,17,71,71,71,65,65,65,89,89,51,51,51,32,58,58,58,84,58,81,89,89,89,89,82,82,64,64,64,64,89,88,88,88,88,52,69,84,84,84,0],"gold":33,"neow_bonus":"TWENTY_PERCENT_HP_BONUS","is_prod":false,"is_daily":false,"chose_seed":false,"campfire_upgraded":6,"win_rate":0,"timestamp":1555500769,"path_taken":["M","M","?","M","M","E","R","M","T","?","R","E","M","$","R","BOSS","M","?","M","?","?","R","?","E","T","$","?","R","$","?","R","BOSS","M","M","?","?","?","R","E","$","T","?","R","E","R","$","R","BOSS","BOSS","R","$","E"],"build_version":"2019-01-23","purchased_purges":4,"victory":false,"max_hp_per_floor":[89,89,89,89,89,89,89,89,89,89,89,89,89,89,89,89,89,89,89,89,89,89,89,89,89,89,89,89,89,89,89,89,89,89,89,89,89,89,89,89,89,89,89,89,89,89,89,89,89,89,89,89,89,89,89],"card_choices":[{"not_picked":["Corruption","Body Slam"],"picked":"Pummel","floor":1},{"not_picked":["Blood for Blood","Perfected Strike"],"picked":"Clothesline","floor":2},{"not_picked":["Evolve","Flame Barrier"],"picked":"Spot Weakness","floor":4},{"not_picked":["Reckless Charge","Cleave"],"picked":"Flame Barrier","floor":5},{"not_picked":["Perfected Strike","Bludgeon"],"picked":"Heavy Blade","floor":6},{"not_picked":["Iron Wave","Body Slam"],"picked":"Feel No Pain","floor":8},{"not_picked":["Seeing Red","Carnage"],"picked":"Shrug It Off","floor":12},{"not_picked":["Wild Strike","Iron Wave","Heavy Blade"],"picked":"SKIP","floor":13},{"not_picked":["Brutality","Bludgeon"],"picked":"Offering","floor":16},{"not_picked":["Anger","Pommel Strike"],"picked":"Uppercut","floor":18},{"not_picked":["Anger","Evolve","Iron Wave"],"picked":"SKIP","floor":20},{"not_picked":["Armaments","Wild Strike","Perfected Strike"],"picked":"SKIP","floor":25},{"not_picked":["Feel No Pain","Cleave","Pummel"],"picked":"SKIP","floor":28},{"not_picked":["Feel No Pain","Cleave"],"picked":"Pummel","floor":28},{"not_picked":["Feed+1","Brutality"],"picked":"Reaper+1","floor":33},{"not_picked":["Perfected Strike+1","Thunderclap+1","Anger+1"],"picked":"SKIP","floor":35},{"not_picked":["Clothesline+1","Rupture"],"picked":"Havoc+1","floor":36},{"not_picked":["Rampage+1","Anger+1","Perfected Strike+1"],"picked":"SKIP","floor":39},{"not_picked":["Reckless Charge+1","Shrug It Off","Pommel Strike+1"],"picked":"SKIP","floor":41},{"not_picked":["Pummel+1","Spot Weakness","Blood for Blood+1"],"picked":"SKIP","floor":46}],"player_experience":1437676,"relics_obtained":[{"floor":6,"key":"Smiling Mask"},{"floor":9,"key":"Shuriken"},{"floor":12,"key":"Turnip"},{"floor":25,"key":"Happy Flower"},{"floor":26,"key":"Gremlin Horn"},{"floor":37,"key":"Champion Belt"},{"floor":41,"key":"Blue Candle"},{"floor":46,"key":"Vajra"}],"event_choices":[{"damage_healed":0,"gold_gain":0,"player_choice":"Grow","damage_taken":0,"max_hp_gain":0,"max_hp_loss":0,"event_name":"Living Wall","floor":3,"gold_loss":0,"cards_upgraded":["Bash"]},{"damage_healed":0,"gold_gain":0,"player_choice":"Ignored","damage_taken":0,"max_hp_gain":0,"max_hp_loss":0,"event_name":"Liars Game","floor":10,"gold_loss":0},{"damage_healed":0,"gold_gain":0,"player_choice":"Inject Mutagens","damage_taken":0,"relics_obtained":["MutagenicStrength"],"max_hp_gain":0,"max_hp_loss":0,"event_name":"Drug Dealer","floor":19,"gold_loss":0},{"damage_healed":0,"gold_gain":0,"player_choice":"Simplicity","damage_taken":0,"max_hp_gain":0,"max_hp_loss":0,"event_name":"Back to Basics","floor":21,"gold_loss":0,"cards_upgraded":["Strike_R","Strike_R","Strike_R","Strike_R","Defend_R","Defend_R","Defend_R","Defend_R"]},{"cards_removed":["Strike_R"],"damage_healed":0,"gold_gain":0,"player_choice":"Gave Gold","damage_taken":0,"max_hp_gain":0,"max_hp_loss":0,"event_name":"Beggar","floor":22,"gold_loss":75},{"damage_healed":0,"gold_gain":275,"player_choice":"Desecrate","damage_taken":0,"max_hp_gain":0,"max_hp_loss":0,"event_name":"Golden Shrine","floor":24,"gold_loss":0,"cards_obtained":["Regret"]},{"damage_healed":0,"gold_gain":0,"player_choice":"Stole Relic","damage_taken":0,"relics_obtained":["Molten Egg 2"],"max_hp_gain":0,"max_hp_loss":0,"event_name":"Addict","floor":31,"gold_loss":0,"cards_obtained":["Shame"]},{"damage_healed":0,"gold_gain":0,"player_choice":"Fight","damage_taken":0,"max_hp_gain":0,"max_hp_loss":0,"event_name":"Mysterious Sphere","floor":37,"gold_loss":0},{"damage_healed":0,"gold_gain":0,"cards_transformed":["Strike_R","Strike_R"],"player_choice":"Transformed Cards","damage_taken":0,"max_hp_gain":0,"max_hp_loss":0,"event_name":"Designer","floor":38,"gold_loss":75,"cards_obtained":["Evolve","Carnage"]},{"damage_healed":0,"gold_gain":0,"player_choice":"Ignored","damage_taken":0,"max_hp_gain":0,"max_hp_loss":0,"event_name":"SecretPortal","floor":44,"gold_loss":0}],"is_beta":false,"boss_relics":[{"not_picked":["Pandora\u0027s Box","Orrery"],"picked":"Velvet Choker"},{"not_picked":["Runic Dome","Busted Crown"],"picked":"Runic Pyramid"}],"items_purged_floors":[14,27,30,42],"is_endless":false,"potions_floor_spawned":[1,5,6,8,18,25,36,37,39,46],"killed_by":"Shield and Spear","ascension_level":20}