{"gold_per_floor":[217,217,217,392,291,291,241,266,289,289,309,309,328,397,397,498,498,512,527,182,182,192,192,219,219,219,279,279,295,295,312,312,413,413,432,140,50,67,78,78,111,126,126,151,165,194,164,178,178,178,178,178,62,96,96],"floor_reached":55,"playtime":1576,"items_purged":["Doubt","Strike_R","Strike_R"],"score":884,"play_id":"45a42a21-7e00-484b-8390-34f7258abd00","local_time":"20190323015247","is_ascension_mode":true,"campfire_choices":[{"data":"Flex","floor":6,"key":"SMITH"},{"data":"Flex","floor":10,"key":"SMITH"},{"data":"Battle Trance","floor":12,"key":"SMITH"},{"data":"Bash","floor":15,"key":"SMITH"},{"data":"Sword Boomerang","floor":23,"key":"SMITH"},{"data":"Sword Boomerang","floor":25,"key":"SMITH"},{"floor":28,"key":"RECALL"},{"data":"Shrug It Off","floor":30,"key":"SMITH"},{"data":"Defend_R","floor":32,"key":"SMITH"},{"data":"Defend_R","floor":40,"key":"SMITH"},{"data":"Defend_R","floor":49,"key":"SMITH"},{"data":"Strike_R","floor":52,"key":"SMITH"}],"neow_cost":"NONE","seed_source_timestamp":360470624175100,"circlet_count":0,"master_deck":["Strike_R+1","Defend_R+1","Defend_R+1","Defend_R+1","Bash+1","Flex+1","Flex+1","Battle Trance+1","Sword Boomerang+1","Defend_R+1","Sword Boomerang+1","Shrug It Off+1","Shrug It Off+1","Pommel Strike+1","Flex+1","True Grit+1"],"relics":["Burning Blood","Orichalcum","Nunchaku","Matryoshka","PreservedInsect","Blood Vial","Red Skull","Darkstone Periapt","Runic Pyramid","Sundial","Charon\u0027s Ashes","The Courier","Tiny Chest","Sozu","Singing Bowl","Dream Catcher","Letter Opener","Kunai","Pen Nib","Bottled Flame"],"potions_floor_usage":[18,24,31],"damage_taken":[{"damage":0,"enemies":"2 Louse","floor":1,"turns":3},{"damage":16,"enemies":"Gremlin Nob","floor":8,"turns":4},{"damage":6,"enemies":"Jaw Worm","floor":11,"turns":3},{"damage":2,"enemies":"Small Slimes","floor":13,"turns":2},{"damage":34,"enemies":"Slime Boss","floor":16,"turns":8},{"damage":11,"enemies":"3 Byrds","floor":18,"turns":5},{"damage":12,"enemies":"Shell Parasite","floor":19,"turns":3},{"damage":4,"enemies":"Cultist and Chosen","floor":22,"turns":3},{"damage":14,"enemies":"Book of Stabbing","floor":24,"turns":3},{"damage":0,"enemies":"Gremlin Leader","floor":27,"turns":3},{"damage":6,"enemies":"Centurion and Healer","floor":29,"turns":3},{"damage":4,"enemies":"Shelled Parasite and Fungi","floor":31,"turns":3},{"damage":20,"enemies":"Champ","floor":33,"turns":6},{"damage":9,"enemies":"Orb Walker","floor":35,"turns":3},{"damage":0,"enemies":"3 Shapes","floor":38,"turns":4},{"damage":16,"enemies":"Jaw Worm Horde","floor":39,"turns":2},{"damage":19,"enemies":"Nemesis","floor":41,"turns":3},{"damage":0,"enemies":"3 Darklings","floor":42,"turns":3},{"damage":2,"enemies":"Giant Head","floor":44,"turns":2},{"damage":0,"enemies":"Transient","floor":45,"turns":5},{"damage":0,"enemies":"Nemesis","floor":46,"turns":3},{"damage":0,"enemies":"Sphere and 2 Shapes","floor":48,"turns":4},{"damage":34,"enemies":"Awakened One","floor":50,"turns":8},{"damage":0,"enemies":"Shield and Spear","floor":54,"turns":2},{"damage":94,"enemies":"The Heart","floor":55,"turns":8}],"seed_played":"-6572232009807782607","potions_obtained":[{"floor":1,"key":"GamblersBrew"},{"floor":11,"key":"Weak Potion"},{"floor":22,"key":"EssenceOfSteel"},{"floor":27,"key":"Block Potion"}],"is_trial":false,"path_per_floor":["M","?","T","?","$","R","?","E","T","R","M","R","M","T","R","B",null,"M","M","$","?","M","R","E","R","T","E","R","M","R","M","R","B",null,"M","$","?","M","M","R","E","M","T","E","M","E","?","M","R","B",null,"R","$","E","B"],"character_chosen":"IRONCLAD","items_purchased":["Flex","Sundial","Singing Bowl","Pen Nib"],"campfire_rested":0,"item_purchase_floors":[5,20,36,53],"current_hp_per_floor":[80,73,73,73,73,73,73,63,63,63,65,65,71,71,71,45,80,75,71,71,71,75,75,69,69,69,77,77,79,79,80,80,66,80,77,77,77,82,72,72,63,73,73,79,88,88,88,90,90,62,90,90,90,92,0],"gold":96,"neow_bonus":"HUNDRED_GOLD","is_prod":false,"is_daily":false,"chose_seed":false,"campfire_upgraded":11,"win_rate":0,"timestamp":1553331167,"path_taken":["M","?","?","?","$","R","?","E","T","R","M","R","M","?","R","BOSS","M","M","$","?","M","R","E","R","T","E","R","?","R","?","R","BOSS","M","$","?","M","M","R","E","?","T","E","M","E","?","M","R","BOSS","R","$","E","BOSS"],"build_version":"2019-01-23","purchased_purges":3,"victory":false,"max_hp_per_floor":[80,80,80,80,80,80,80,80,80,80,80,80,80,80,80,80,80,80,80,80,80,80,80,80,80,80,80,80,80,80,80,80,80,80,80,80,80,82,82,82,84,86,86,86,88,88,88,90,90,90,90,90,90,92,92],"card_choices":[{"not_picked":["Bloodletting","Cleave","Disarm"],"picked":"SKIP","floor":1},{"not_picked":["Twin Strike","Flex","Thunderclap"],"picked":"SKIP","floor":8},{"not_picked":["Twin Strike","Thunderclap"],"picked":"Flex","floor":8},{"not_picked":["Pommel Strike","Combust"],"picked":"Battle Trance","floor":11},{"not_picked":["Iron Wave","Cleave","Flex"],"picked":"SKIP","floor":13},{"not_picked":["Iron Wave","Twin Strike"],"picked":"Sword Boomerang","floor":18},{"not_picked":["Flex","Havoc","Body Slam"],"picked":"SKIP","floor":19},{"not_picked":["Shockwave","Anger"],"picked":"Sword Boomerang","floor":22},{"not_picked":["Impervious","Iron Wave","Pummel"],"picked":"SKIP","floor":24},{"not_picked":["Bloodletting","Seeing Red+1","Feel No Pain"],"picked":"SKIP","floor":27},{"not_picked":["Bloodletting","Burning Pact+1","Shrug It Off"],"picked":"SKIP","floor":29},{"not_picked":["Bloodletting","Burning Pact+1"],"picked":"Shrug It Off","floor":29},{"not_picked":["Seeing Red","Infernal Blade","Power Through"],"picked":"SKIP","floor":31},{"not_picked":["Body Slam","Perfected Strike"],"picked":"Shrug It Off+1","floor":35},{"not_picked":["Headbutt+1","Warcry+1","Flame Barrier"],"picked":"Singing Bowl","floor":38},{"not_picked":["Battle Trance","Thunderclap"],"picked":"Pommel Strike+1","floor":39},{"not_picked":["Twin Strike+1","Warcry","Dual Wield"],"picked":"Singing Bowl","floor":41},{"not_picked":["Double Tap","True Grit","Corruption+1"],"picked":"Singing Bowl","floor":42},{"not_picked":["Sentinel","Battle Trance"],"picked":"Flex+1","floor":44},{"not_picked":["Hemokinesis","Seeing Red+1","Havoc+1"],"picked":"Singing Bowl","floor":45},{"not_picked":["Clothesline+1","Anger"],"picked":"True Grit+1","floor":46},{"not_picked":["Iron Wave+1","Cleave","Thunderclap+1"],"picked":"Singing Bowl","floor":48},{"not_picked":["Perfected Strike","Spot Weakness+1","Entrench"],"picked":"Singing Bowl","floor":54}],"player_experience":821306,"relics_obtained":[{"floor":3,"key":"Nunchaku"},{"floor":8,"key":"Matryoshka"},{"floor":9,"key":"PreservedInsect"},{"floor":9,"key":"Blood Vial"},{"floor":14,"key":"Red Skull"},{"floor":14,"key":"Darkstone Periapt"},{"floor":24,"key":"Charon\u0027s Ashes"},{"floor":26,"key":"The Courier"},{"floor":27,"key":"Tiny Chest"},{"floor":41,"key":"Dream Catcher"},{"floor":44,"key":"Letter Opener"},{"floor":46,"key":"Kunai"},{"floor":54,"key":"Bottled Flame"}],"event_choices":[{"damage_healed":0,"gold_gain":0,"player_choice":"Success","damage_taken":7,"relics_obtained":["Orichalcum"],"max_hp_gain":0,"max_hp_loss":0,"event_name":"Scrap Ooze","floor":2,"gold_loss":0},{"damage_healed":0,"gold_gain":175,"player_choice":"AGREE","damage_taken":0,"max_hp_gain":0,"max_hp_loss":0,"event_name":"Liars Game","floor":4,"gold_loss":0,"cards_obtained":["Doubt"]},{"cards_removed":["Defend_R"],"damage_healed":0,"gold_gain":0,"player_choice":"Card Removal","damage_taken":0,"max_hp_gain":0,"max_hp_loss":0,"event_name":"The Cleric","floor":7,"gold_loss":50},{"cards_removed":["Strike_R"],"damage_healed":0,"gold_gain":0,"player_choice":"Took Card","damage_taken":0,"max_hp_gain":0,"max_hp_loss":0,"event_name":"NoteForYourself","floor":21,"gold_loss":0,"cards_obtained":["Defend_R"]},{"cards_removed":["Strike_R"],"damage_healed":0,"gold_gain":0,"player_choice":"Upgrade and Remove","damage_taken":0,"max_hp_gain":0,"max_hp_loss":0,"event_name":"Designer","floor":37,"gold_loss":90,"cards_upgraded":["Defend_R"]},{"damage_healed":0,"gold_gain":0,"player_choice":"Bought 2 Potions","damage_taken":0,"max_hp_gain":0,"max_hp_loss":0,"event_name":"The Woman in Blue","floor":47,"gold_loss":0}],"is_beta":false,"boss_relics":[{"not_picked":["Mark of Pain","Runic Dome"],"picked":"Runic Pyramid"},{"not_picked":["Philosopher\u0027s Stone","Pandora\u0027s Box"],"picked":"Sozu"}],"items_purged_floors":[5,20,36],"is_endless":false,"potions_floor_spawned":[1,11,22,27,38,39,46,48,54],"killed_by":"The Heart","ascension_level":1}