{"gold_per_floor":[112,124,20,39,59,86,86,141,166,166,201,201,201,218,218,293,293,304,317,17,17,31,31,59,59,59,334,334,350,10,10],"floor_reached":31,"playtime":1368,"items_purged":["Strike_G","Regret"],"score":549,"play_id":"49727878-8352-4f23-9fe4-53ddaef95bb8","local_time":"20190422191034","is_ascension_mode":true,"campfire_choices":[{"data":"Noxious Fumes","floor":7,"key":"SMITH"},{"data":"Backstab","floor":10,"key":"SMITH"},{"floor":12,"key":"REST"},{"data":"Noxious Fumes","floor":15,"key":"SMITH"},{"floor":23,"key":"REST"},{"data":"Malaise","floor":28,"key":"SMITH"}],"neow_cost":"NONE","seed_source_timestamp":25763699315881,"circlet_count":0,"master_deck":["AscendersBane","Defend_G","Defend_G","Defend_G","Defend_G","Defend_G","Strike_G","Strike_G","Strike_G","Survivor","Neutralize","Quick Slash","Dagger Spray","Noxious Fumes+1","Cloak And Dagger","Cloak And Dagger","Backstab+1","Malaise+1","Leg Sweep","Noxious Fumes+1","Doppelganger","Blur","Well Laid Plans","Backflip","Caltrops","Backflip","Crippling Poison","PiercingWail"],"relics":["Ring of the Snake","Blue Candle","Tiny Chest","Anchor","Boot","Black Star","Strawberry","MutagenicStrength","Question Card","Gremlin Horn","Paper Crane","Mercury Hourglass"],"potions_floor_usage":[8,31],"damage_taken":[{"damage":3,"enemies":"Jaw Worm","floor":1,"turns":5},{"damage":0,"enemies":"Cultist","floor":2,"turns":4},{"damage":0,"enemies":"2 Louse","floor":4,"turns":2},{"damage":4,"enemies":"Gremlin Gang","floor":5,"turns":6},{"damage":34,"enemies":"Lagavulin","floor":6,"turns":9},{"damage":4,"enemies":"3 Sentries","floor":8,"turns":7},{"damage":12,"enemies":"Lagavulin","floor":11,"turns":7},{"damage":1,"enemies":"Blue Slaver","floor":14,"turns":4},{"damage":0,"enemies":"Hexaghost","floor":16,"turns":10},{"damage":15,"enemies":"Spheric Guardian","floor":18,"turns":6},{"damage":6,"enemies":"Shell Parasite","floor":19,"turns":8},{"damage":16,"enemies":"Snecko","floor":22,"turns":6},{"damage":8,"enemies":"Book of Stabbing","floor":24,"turns":8},{"damage":29,"enemies":"3 Cultists","floor":29,"turns":6},{"damage":21,"enemies":"Slavers","floor":31,"turns":3}],"seed_played":"-1088277110558473627","potions_obtained":[{"floor":5,"key":"Fire Potion"},{"floor":8,"key":"Block Potion"},{"floor":16,"key":"Ancient Potion"}],"is_trial":false,"path_per_floor":["M","M","$","M","M","E","R","E","T","R","E","R","?","M","R","B",null,"M","M","$","?","M","R","E","?","T","?","R","M","$","E"],"character_chosen":"THE_SILENT","items_purchased":["Noxious Fumes","Cloak And Dagger","Backflip","Caltrops","Strawberry","Mercury Hourglass"],"campfire_rested":2,"item_purchase_floors":[3,3,20,20,20,30],"current_hp_per_floor":[62,62,62,62,58,24,24,20,20,20,8,29,29,28,28,28,61,46,40,47,47,31,54,46,46,46,46,46,17,17,0],"gold":10,"neow_bonus":"TEN_PERCENT_HP_BONUS","is_prod":false,"is_daily":false,"chose_seed":false,"campfire_upgraded":4,"win_rate":0,"timestamp":1555971034,"path_taken":["M","M","$","M","M","E","R","E","T","R","E","R","?","M","R","BOSS","M","M","?","?","M","R","E","?","T","?","R","?","$","E"],"build_version":"2019-01-23","purchased_purges":2,"victory":false,"max_hp_per_floor":[72,72,72,72,72,72,72,72,72,72,72,72,72,72,72,72,72,72,72,79,79,79,79,79,79,79,79,79,79,79,79],"card_choices":[{"not_picked":["Prepared","Dodge and Roll"],"picked":"Quick Slash","floor":1},{"not_picked":["Bane","Concentrate"],"picked":"Dagger Spray","floor":2},{"not_picked":["Leg Sweep","Bouncing Flask"],"picked":"Cloak And Dagger","floor":4},{"not_picked":["Blade Dance","Dagger Throw"],"picked":"Backstab","floor":5},{"not_picked":["Quick Slash","Deadly Poison"],"picked":"Malaise","floor":6},{"not_picked":["Quick Slash","Outmaneuver"],"picked":"Leg Sweep","floor":8},{"not_picked":["Blade Dance","Slice","Prepared"],"picked":"SKIP","floor":11},{"not_picked":["Dagger Throw","Endless Agony"],"picked":"Noxious Fumes","floor":14},{"not_picked":["Night Terror","Wraith Form v2"],"picked":"Doppelganger","floor":16},{"not_picked":["Noxious Fumes","Slice"],"picked":"Blur","floor":18},{"not_picked":["Deflect","Escape Plan"],"picked":"Well Laid Plans","floor":19},{"not_picked":["Acrobatics","Slice"],"picked":"Backflip","floor":22},{"not_picked":["Leg Sweep","Poisoned Stab"],"picked":"Crippling Poison","floor":24},{"not_picked":["Sucker Punch","Grand Finale","Deflect"],"picked":"PiercingWail","floor":29}],"player_experience":725404,"relics_obtained":[{"floor":6,"key":"Blue Candle"},{"floor":8,"key":"Tiny Chest"},{"floor":9,"key":"Anchor"},{"floor":11,"key":"Boot"},{"floor":24,"key":"Question Card"},{"floor":24,"key":"Gremlin Horn"},{"floor":26,"key":"Paper Crane"}],"event_choices":[{"cards_removed":["Strike_G"],"damage_healed":0,"gold_gain":0,"player_choice":"Purged","damage_taken":0,"max_hp_gain":0,"max_hp_loss":0,"event_name":"Purifier","floor":13,"gold_loss":0},{"damage_healed":0,"gold_gain":0,"player_choice":"Inject Mutagens","damage_taken":0,"relics_obtained":["MutagenicStrength"],"max_hp_gain":0,"max_hp_loss":0,"event_name":"Drug Dealer","floor":21,"gold_loss":0},{"damage_healed":0,"gold_gain":0,"player_choice":"Ignored","damage_taken":0,"max_hp_gain":0,"max_hp_loss":0,"event_name":"Vampires","floor":25,"gold_loss":0},{"damage_healed":0,"gold_gain":275,"player_choice":"Desecrate","damage_taken":0,"max_hp_gain":0,"max_hp_loss":0,"event_name":"Golden Shrine","floor":27,"gold_loss":0,"cards_obtained":["Regret"]}],"is_beta":false,"boss_relics":[{"not_picked":["Philosopher\u0027s Stone","Snecko Eye"],"picked":"Black Star"}],"items_purged_floors":[20,30],"is_endless":false,"potions_floor_spawned":[5,8,16,24],"killed_by":"Slavers","ascension_level":14}