{"gold_per_floor":[110,110,110,30,45,45,120,149,149,149,167,201,201,218,218,316,316,316,316,241,156,0,0,0,0,0,0,0,0,0,0,0,0,0,0,0,0,0,0,0,0,0,0,0,0,0,0,0,0,0],"floor_reached":51,"playtime":4311,"items_purged":[],"score":834,"play_id":"ab38f074-c073-4202-8eff-a5a7643f1953","local_time":"20190403220309","is_ascension_mode":true,"campfire_choices":[{"data":"Consume","floor":6.0,"key":"SMITH"},{"data":"Zap","floor":10.0,"key":"SMITH"},{"data":"Biased Cognition","floor":13.0,"key":"SMITH"},{"data":"Coolheaded","floor":15.0,"key":"SMITH"},{"data":"Tempest","floor":23,"key":"SMITH"},{"data":"Seek","floor":27,"key":"SMITH"},{"data":"Dualcast","floor":32,"key":"SMITH"},{"data":"Echo Form","floor":40,"key":"SMITH"},{"data":"Strike_B","floor":44,"key":"PURGE"},{"data":"Strike_B","floor":46,"key":"PURGE"},{"data":"Strike_B","floor":49,"key":"PURGE"}],"neow_cost":"PERCENT_DAMAGE","seed_source_timestamp":0,"circlet_count":0,"master_deck":["Defend_B","Defend_B","Defend_B","Defend_B","Zap+1","Dualcast+1","Steam+1","Consume+1","Coolheaded+1","Leap","Tempest+1","Biased Cognition+1","Auto Shields","Seek+1","Stack+1","Skim+1","Defragment+1","Redo+1","Auto Shields","Ball Lightning","Echo Form+1","Redo+1","Hologram+1","Capacitor+1","Doom and Gloom","Cold Snap","Chrysalis"],"special_seed":0,"relics":["Cracked Core","Bag of Marbles","Peace Pipe","Blue Candle","Oddly Smooth Stone","Ectoplasm","Ornamental Fan","Juzu Bracelet","Omamori","Regal Pillow","Pantograph","Sozu","Dead Branch","Red Mask","Prayer Wheel","Strawberry","Boot"],"potions_floor_usage":[24,33,33,35],"damage_taken":[{"damage":8.0,"enemies":"Jaw Worm","floor":1.0,"turns":3.0},{"damage":0.0,"enemies":"2 Louse","floor":5.0,"turns":3.0},{"damage":14.0,"enemies":"Gremlin Nob","floor":8.0,"turns":6.0},{"damage":0.0,"enemies":"Cultist","floor":11.0,"turns":3.0},{"damage":2.0,"enemies":"Lagavulin","floor":12.0,"turns":7.0},{"damage":0.0,"enemies":"2 Fungi Beasts","floor":14.0,"turns":3.0},{"damage":12.0,"enemies":"The Guardian","floor":16.0,"turns":16.0},{"damage":0,"enemies":"Chosen","floor":18,"turns":4},{"damage":9,"enemies":"2 Thieves","floor":20,"turns":4},{"damage":25,"enemies":"Slavers","floor":24,"turns":6},{"damage":0,"enemies":"Centurion and Healer","floor":25,"turns":8},{"damage":1,"enemies":"Book of Stabbing","floor":28,"turns":5},{"damage":1,"enemies":"Chosen and Byrds","floor":29,"turns":5},{"damage":4,"enemies":"Cultist and Chosen","floor":31,"turns":4},{"damage":61,"enemies":"Collector","floor":33,"turns":12},{"damage":1,"enemies":"3 Shapes","floor":35,"turns":3},{"damage":2,"enemies":"3 Darklings","floor":36,"turns":5},{"damage":0,"enemies":"Mind Bloom Boss Battle","floor":37,"turns":6},{"damage":2,"enemies":"Nemesis","floor":42,"turns":5},{"damage":0,"enemies":"Giant Head","floor":45,"turns":8},{"damage":33,"enemies":"Time Eater","floor":50,"turns":21}],"seed_played":"3196319621813179600","potions_obtained":[{"floor":1.0,"key":"Block Potion"},{"floor":5.0,"key":"Swift Potion"},{"floor":8.0,"key":"Fire Potion"},{"floor":14.0,"key":"FearPotion"},{"floor":18,"key":"Fruit Juice"},{"floor":28,"key":"Energy Potion"}],"is_trial":false,"path_per_floor":["M","?","?","$","M","R","?","E","T","R","M","E","R","M","R","B",null,"M","?","M","?","?","R","E","M","T","R","E","M","T","M","R","B",null,"M","M","?","?","?","R","?","E","T","R","E","R","?","?","R","B",null],"character_chosen":"DEFECT","items_purchased":["Consume"],"campfire_rested":0,"item_purchase_floors":[4],"current_hp_per_floor":[60,57,57,57,57,57,46,32,32,32,32,30,30,30,30,18,89,89,81,72,72,72,72,52,52,52,52,51,50,50,46,46,10,94,93,91,94,94,89,89,89,87,94,94,94,94,94,84,84,63],"gold":0,"neow_bonus":"TWENTY_PERCENT_HP_BONUS","is_prod":false,"is_daily":false,"chose_seed":false,"campfire_upgraded":8,"win_rate":0,"timestamp":1554339789,"path_taken":["M","?","?","$","?","R","?","E","T","R","M","E","R","M","R","BOSS","M","?","?","?","?","R","E","M","T","R","E","M","?","M","R","BOSS","M","M","?","?","?","R","?","E","T","R","E","R","?","?","R","BOSS"],"build_version":"2019-01-23","purchased_purges":0,"victory":true,"max_hp_per_floor":[89,89,89,89,89,89,89,89,89,89,89,89,89,89,89,89,89,89,89,89,89,89,89,94,94,94,94,94,94,94,94,94,94,94,94,94,94,94,89,89,89,89,96,96,96,96,96,96,96,96],"card_choices":[{"not_picked":["Chill","Rebound"],"picked":"Steam","floor":1.0},{"not_picked":["Heatsinks","Chaos"],"picked":"Coolheaded","floor":5.0},{"not_picked":["Gash","Fusion"],"picked":"Leap","floor":8.0},{"not_picked":["Rebound","Fusion"],"picked":"Tempest","floor":11.0},{"not_picked":["Scrape","Recycle"],"picked":"Biased Cognition","floor":12.0},{"not_picked":["Go for the Eyes","Streamline"],"picked":"Auto Shields","floor":14.0},{"not_picked":["Buffer","Biased Cognition"],"picked":"Seek","floor":16.0},{"not_picked":["Compile Driver","Aggregate"],"picked":"Stack+1","floor":18},{"not_picked":["FTL","Go for the Eyes"],"picked":"Skim+1","floor":20},{"not_picked":["Compile Driver","Multi-Cast"],"picked":"Defragment+1","floor":24},{"not_picked":["Beam Cell","Turbo"],"picked":"Redo+1","floor":25},{"not_picked":["Turbo","Meteor Strike"],"picked":"Auto Shields","floor":28},{"not_picked":["Force Field+1","Static Discharge"],"picked":"Ball Lightning","floor":29},{"not_picked":["Force Field","Streamline","Rip and Tear"],"picked":"SKIP","floor":31},{"not_picked":["Machine Learning","Fission"],"picked":"Echo Form","floor":33},{"not_picked":["Cold Snap","Melter+1"],"picked":"Redo+1","floor":35},{"not_picked":["Redo+1","Gash+1"],"picked":"Hologram+1","floor":36},{"not_picked":["Hologram","Creative AI"],"picked":"Capacitor+1","floor":37},{"not_picked":["Redo","Beam Cell+1"],"picked":"Doom and Gloom","floor":42},{"not_picked":["Fusion","Storm"],"picked":"Cold Snap","floor":45},{"not_picked":["Finesse","Metamorphosis"],"picked":"Chrysalis","floor":48}],"player_experience":496542,"relics_obtained":[{"floor":8.0,"key":"Peace Pipe"},{"floor":9.0,"key":"Blue Candle"},{"floor":12.0,"key":"Oddly Smooth Stone"},{"floor":24,"key":"Juzu Bracelet"},{"floor":26,"key":"Omamori"},{"floor":28,"key":"Regal Pillow"},{"floor":30,"key":"Pantograph"},{"floor":37,"key":"Dead Branch"},{"floor":42,"key":"Prayer Wheel"},{"floor":43,"key":"Strawberry"},{"floor":45,"key":"Boot"}],"event_choices":[{"damage_healed":0.0,"max_hp_gain":0.0,"max_hp_loss":0.0,"gold_gain":0.0,"event_name":"Scrap Ooze","player_choice":"Success","floor":2.0,"gold_loss":0.0,"damage_taken":3.0,"relics_obtained":["Bag of Marbles"]},{"damage_healed":0.0,"max_hp_gain":0.0,"max_hp_loss":0.0,"gold_gain":0.0,"event_name":"The Woman in Blue","player_choice":"Bought 0 Potions","floor":3.0,"gold_loss":0.0,"damage_taken":0.0},{"damage_healed":0.0,"max_hp_gain":0.0,"max_hp_loss":0.0,"gold_gain":75.0,"event_name":"World of Goop","player_choice":"Gather Gold","floor":7.0,"gold_loss":0.0,"damage_taken":11.0},{"damage_healed":0,"gold_gain":75,"player_choice":"Touch","damage_taken":8,"max_hp_gain":0,"max_hp_loss":0,"event_name":"FaceTrader","floor":19,"gold_loss":0},{"damage_healed":0,"gold_gain":0,"player_choice":"Obtained Relic","damage_taken":0,"relics_obtained":["Ornamental Fan"],"max_hp_gain":0,"max_hp_loss":0,"event_name":"Addict","floor":21,"gold_loss":85},{"damage_healed":0,"gold_gain":0,"player_choice":"Paid Fearfully","damage_taken":0,"max_hp_gain":0,"max_hp_loss":0,"event_name":"Masked Bandits","floor":22,"gold_loss":156},{"damage_healed":0,"gold_gain":0,"player_choice":"Fight","damage_taken":0,"max_hp_gain":0,"max_hp_loss":0,"event_name":"MindBloom","floor":37,"gold_loss":0},{"damage_healed":0,"gold_gain":0,"player_choice":"Paid","damage_taken":0,"relics_obtained":["Red Mask"],"max_hp_gain":0,"max_hp_loss":0,"event_name":"Tomb of Lord Red Mask","floor":38,"gold_loss":0},{"damage_healed":0,"gold_gain":0,"player_choice":"Max HP","damage_taken":0,"max_hp_gain":0,"max_hp_loss":5,"event_name":"Winding Halls","floor":39,"gold_loss":0},{"cards_removed":["Strike_B"],"damage_healed":0,"gold_gain":0,"player_choice":"Removed Attack","damage_taken":0,"max_hp_gain":0,"max_hp_loss":0,"event_name":"Falling","floor":41,"gold_loss":0},{"damage_healed":0,"gold_gain":0,"player_choice":"Upgraded","damage_taken":0,"max_hp_gain":0,"max_hp_loss":0,"event_name":"Upgrade Shrine","floor":47,"gold_loss":0,"cards_upgraded":["Steam"]},{"damage_healed":0,"gold_gain":0,"player_choice":"Memory 3","damage_taken":10,"max_hp_gain":0,"max_hp_loss":0,"event_name":"SensoryStone","floor":48,"gold_loss":0}],"is_beta":false,"boss_relics":[{"not_picked":["Orrery","Eternal Feather"],"picked":"Ectoplasm"},{"not_picked":["Runic Dome","Coffee Dripper"],"picked":"Sozu"}],"items_purged_floors":[],"is_endless":false,"potions_floor_spawned":[1,5,8,14,18,28,29,35,36],"ascension_level":1}