{"gold_per_floor":[113,124,49,69,88,122,122,138,138,138,163,338,350,350,350,481,481,499,599,280,379,395,395,395,431,458,458,481,506,521,521,521,651,651,665,466,479,479,502,502,502,274,324,324,348,348,348,367,367,367],"floor_reached":50,"playtime":4472,"items_purged":["Strike_B","Defend_B","Doubt","Normality"],"score":591,"play_id":"f8e1a74a-0bbd-4f2d-8d09-14e5fee997db","local_time":"20180711193103","is_ascension_mode":true,"campfire_choices":[{"floor":10.0,"key":"REST"},{"floor":15.0,"key":"REST"},{"floor":23.0,"key":"REST"},{"data":"Dualcast","floor":32,"key":"SMITH"},{"floor":40,"key":"REST"},{"floor":46,"key":"REST"},{"floor":49,"key":"REST"}],"neow_cost":"","seed_source_timestamp":0,"circlet_count":0,"master_deck":["Strike_B","Defend_B+1","Defend_B+1","Defend_B","Zap","Dualcast+1","Loop","Electrodynamics","Storm","Steam","Go for the Eyes","Storm","Fission","Storm","Biased Cognition","Undo","Recycle+1","Thunder Strike","Self Repair+1","Defragment","Conserve Battery","Capacitor","Defragment+1"],"special_seed":0,"relics":["Cracked Core","Dream Catcher","Letter Opener","Art of War","Golden Idol","Empty Cage","Singing Bowl","Gambling Chip","War Paint","Blue Candle","Sozu","Pen Nib","Ancient Tea Set","Bottled Lightning"],"potions_floor_usage":[33,33,50],"damage_taken":[{"damage":4.0,"enemies":"Small Slimes","floor":1.0,"turns":3.0},{"damage":6.0,"enemies":"Cultist","floor":2.0,"turns":4.0},{"damage":6.0,"enemies":"Jaw Worm","floor":4.0,"turns":5.0},{"damage":4.0,"enemies":"3 Louse","floor":5.0,"turns":4.0},{"damage":21.0,"enemies":"Lagavulin","floor":6.0,"turns":8.0},{"damage":12.0,"enemies":"Blue Slaver","floor":8.0,"turns":4.0},{"damage":12.0,"enemies":"3 Sentries","floor":11.0,"turns":3.0},{"damage":0.0,"enemies":"2 Fungi Beasts","floor":13.0,"turns":3.0},{"damage":40.0,"enemies":"Slime Boss","floor":16.0,"turns":8.0},{"damage":4.0,"enemies":"Spheric Guardian","floor":18.0,"turns":3.0},{"damage":20.0,"enemies":"Shell Parasite","floor":22.0,"turns":7.0},{"damage":12.0,"enemies":"Gremlin Leader","floor":25.0,"turns":6.0},{"damage":0.0,"enemies":"3 Cultists","floor":28.0,"turns":2.0},{"damage":0.0,"enemies":"Snake Plant","floor":29.0,"turns":2.0},{"damage":0.0,"enemies":"Centurion and Healer","floor":30.0,"turns":3.0},{"damage":48,"enemies":"Collector","floor":33,"turns":8},{"damage":26,"enemies":"3 Shapes","floor":35,"turns":3},{"damage":11,"enemies":"Orb Walker","floor":37,"turns":3},{"damage":10,"enemies":"3 Darklings","floor":39,"turns":3},{"damage":19,"enemies":"Maw","floor":45,"turns":5},{"damage":21,"enemies":"4 Shapes","floor":48,"turns":3},{"damage":86,"enemies":"Time Eater","floor":50,"turns":7}],"seed_played":"-933197775929495079","potions_obtained":[{"floor":1.0,"key":"SkillPotion"},{"floor":4.0,"key":"SpeedPotion"},{"floor":16.0,"key":"SkillPotion"},{"floor":25.0,"key":"Swift Potion"},{"floor":29.0,"key":"Block Potion"},{"floor":30.0,"key":"Ancient Potion"}],"is_trial":false,"path_per_floor":["M","M","$","M","M","E","?","M","T","R","E","?","M","?","R","B",null,"M","?","$","?","M","R","?","E","T","?","M","M","M","T","R","B",null,"M","$","M","?","M","R","?","$","T","?","M","R","T","M","R"],"character_chosen":"DEFECT","items_purchased":["Singing Bowl","Storm","Defragment","Capacitor"],"campfire_rested":6,"item_purchase_floors":[20,20,36,42],"current_hp_per_floor":[71,65,65,59,55,34,34,22,22,44,32,32,32,32,52,12,69,65,65,65,65,47,70,70,58,58,58,58,58,60,60,60,12,75,49,49,40,40,32,55,55,55,55,55,48,74,74,55,80,0],"gold":367,"neow_bonus":"","is_prod":false,"is_daily":false,"chose_seed":false,"campfire_upgraded":1,"win_rate":0,"timestamp":1531362663,"path_taken":["M","M","$","M","M","E","?","M","T","R","E","?","M","?","R","BOSS","M","?","$","?","M","R","?","E","T","?","M","?","M","?","R","BOSS","M","$","M","?","M","R","?","$","T","?","M","R","?","M","R","BOSS"],"build_version":"2018-07-05","purchased_purges":4,"victory":false,"max_hp_per_floor":[75,75,75,75,75,75,75,75,75,75,75,75,75,69,69,69,69,69,69,69,69,71,73,73,73,73,73,73,73,75,75,75,75,75,75,75,77,77,79,79,79,79,79,79,81,83,83,85,85,85],"card_choices":[{"not_picked":["Lockon","Ball Lightning","Streamline"],"picked":"SKIP","floor":1.0},{"not_picked":["Stack","White Noise","Aggregate"],"picked":"SKIP","floor":2.0},{"not_picked":["Barrage","Fusion"],"picked":"Loop","floor":4.0},{"not_picked":["Streamline","Genetic Algorithm"],"picked":"Electrodynamics","floor":5.0},{"not_picked":["Steam","Chaos"],"picked":"Conserve Battery","floor":6.0},{"not_picked":["Darkness","Beam Cell","Rebound"],"picked":"SKIP","floor":8.0},{"not_picked":["Hologram","Redo"],"picked":"Storm","floor":10.0},{"not_picked":["Hello World","Rebound"],"picked":"Steam","floor":11.0},{"not_picked":["Barrage","Stack"],"picked":"Go for the Eyes","floor":13.0},{"not_picked":["Reprogram","Melter"],"picked":"Storm","floor":15.0},{"not_picked":["Buffer","Reboot"],"picked":"Fission","floor":16.0},{"not_picked":["Stack+1","Go for the Eyes+1","Rebound"],"picked":"SKIP","floor":18.0},{"not_picked":["Leap+1","Sunder+1","Chaos"],"picked":"Singing Bowl","floor":22.0},{"not_picked":["Hello World","Reinforced Body","Compile Driver"],"picked":"Singing Bowl","floor":23.0},{"not_picked":["Skim+1","Turbo+1"],"picked":"Biased Cognition","floor":25.0},{"not_picked":["Chill+1","Aggregate+1"],"picked":"Undo","floor":28.0},{"not_picked":["Sweeping Beam","Stack"],"picked":"Recycle+1","floor":29.0},{"not_picked":["Go for the Eyes+1","FTL","Hyperbeam"],"picked":"Singing Bowl","floor":30.0},{"not_picked":["Biased Cognition","Meteor Strike"],"picked":"Thunder Strike","floor":33},{"not_picked":["Ball Lightning","Defragment"],"picked":"Self Repair+1","floor":35},{"not_picked":["Leap","Recycle","Cold Snap"],"picked":"Singing Bowl","floor":37},{"not_picked":["Coolheaded","White Noise","Gash"],"picked":"Singing Bowl","floor":39},{"not_picked":["Leap","Barrage+1"],"picked":"Conserve Battery","floor":40},{"not_picked":["Barrage+1","Ball Lightning","Multi-Cast"],"picked":"Singing Bowl","floor":45},{"not_picked":["Hologram","Turbo+1","Ball Lightning"],"picked":"Singing Bowl","floor":46},{"not_picked":["Go for the Eyes","Compile Driver+1","Blizzard+1"],"picked":"Singing Bowl","floor":48},{"not_picked":["Redo","Fusion+1"],"picked":"Defragment+1","floor":49}],"player_experience":613499,"relics_obtained":[{"floor":6.0,"key":"Dream Catcher"},{"floor":9.0,"key":"Letter Opener"},{"floor":11.0,"key":"Art of War"},{"floor":25.0,"key":"Gambling Chip"},{"floor":26.0,"key":"War Paint"},{"floor":31,"key":"Blue Candle"},{"floor":43,"key":"Ancient Tea Set"},{"floor":47,"key":"Bottled Lightning"}],"event_choices":[{"event_name":"The Woman in Blue","player_choice":"Bought 0 Potions","floor":7.0,"damage_taken":0.0},{"event_name":"Liars Game","player_choice":"agreed","floor":12.0,"damage_taken":0.0},{"event_name":"Golden Idol","player_choice":"Lose Max HP","floor":14.0,"damage_taken":0.0},{"event_name":"Golden Shrine","player_choice":"Pray","floor":19.0,"damage_taken":0.0},{"event_name":"Nest","player_choice":"Stole From Cult","floor":21.0,"damage_taken":0.0},{"event_name":"Vampires","player_choice":"Ignored","floor":24.0,"damage_taken":0.0},{"event_name":"Drug Dealer","player_choice":"Ignored","floor":27.0,"damage_taken":0.0},{"event_name":"Accursed Blacksmith","player_choice":"Rummage","floor":38,"damage_taken":0},{"event_name":"Falling","player_choice":"Removed Skill","floor":41,"damage_taken":0},{"event_name":"Match and Keep!","player_choice":"0 cards matched","floor":44,"damage_taken":0}],"boss_relics":[{"not_picked":["Coffee Dripper","Pandora\u0027s Box"],"picked":"Empty Cage"},{"not_picked":["Runic Dome","Velvet Choker"],"picked":"Sozu"}],"items_purged_floors":[3,20,36,42],"is_endless":false,"potions_floor_spawned":[1,4,11,16,25,29,30,39],"killed_by":"Time Eater","ascension_level":4}