{"gold_per_floor":[119,119,130,80,92,92,117,117,117,136,136,163,163,88,88,188,188,202,219,119,69,82,82,82,82,150,25,40,54,54,74,74,179,179,194,208,17,17,17,17,49,49,49,77,90,122,122,132,132,132],"floor_reached":50,"playtime":897,"items_purged":["Defend_R","Strike_R","Strike_R"],"score":564,"play_id":"4d9f41ca-b634-4cfb-bbc2-1a489bb287ac","local_time":"20190324153551","is_ascension_mode":true,"campfire_choices":[{"data":"Flex","floor":6,"key":"SMITH"},{"data":"Double Tap","floor":8,"key":"SMITH"},{"data":"Flex","floor":11,"key":"SMITH"},{"data":"Sword Boomerang","floor":13,"key":"SMITH"},{"floor":15,"key":"REST"},{"data":"Sword Boomerang","floor":23,"key":"SMITH"},{"data":"Bash","floor":25,"key":"SMITH"},{"data":"Defend_R","floor":30,"key":"SMITH"},{"data":"Defend_R","floor":32,"key":"SMITH"},{"floor":40,"key":"RECALL"},{"data":"Strike_R","floor":47,"key":"SMITH"},{"data":"Strike_R","floor":49,"key":"SMITH"}],"neow_cost":"NONE","seed_source_timestamp":496942524269800,"circlet_count":0,"master_deck":["Strike_R+1","Strike_R+1","Defend_R+1","Defend_R+1","Bash+1","Double Tap+1","Flex+1","Sword Boomerang+1","Flex+1","Sword Boomerang+1","Whirlwind+1","Heavy Blade+1","Doubt","Pommel Strike+1","Shrug It Off+1"],"relics":["Burning Blood","Gambling Chip","Pantograph","Mercury Hourglass","Cursed Key","Meat on the Bone","Sozu","Chemical X","Pear","Spirit Poop","Dodecahedron","Bottled Lightning"],"potions_floor_usage":[12,50,50],"damage_taken":[{"damage":7,"enemies":"2 Louse","floor":1,"turns":2},{"damage":8,"enemies":"Jaw Worm","floor":3,"turns":4},{"damage":0,"enemies":"Cultist","floor":5,"turns":2},{"damage":61,"enemies":"3 Sentries","floor":7,"turns":11},{"damage":0,"enemies":"Looter","floor":10,"turns":1},{"damage":18,"enemies":"Lagavulin","floor":12,"turns":4},{"damage":67,"enemies":"The Guardian","floor":16,"turns":7},{"damage":5,"enemies":"3 Byrds","floor":18,"turns":3},{"damage":0,"enemies":"Spheric Guardian","floor":19,"turns":1},{"damage":40,"enemies":"Shelled Parasite and Fungi","floor":22,"turns":3},{"damage":0,"enemies":"Snake Plant","floor":28,"turns":1},{"damage":0,"enemies":"Snecko","floor":29,"turns":2},{"damage":0,"enemies":"Centurion and Healer","floor":31,"turns":1},{"damage":18,"enemies":"Collector","floor":33,"turns":3},{"damage":0,"enemies":"3 Shapes","floor":35,"turns":1},{"damage":10,"enemies":"Orb Walker","floor":36,"turns":2},{"damage":45,"enemies":"Nemesis","floor":41,"turns":3},{"damage":18,"enemies":"Giant Head","floor":44,"turns":4},{"damage":5,"enemies":"Maw","floor":45,"turns":4},{"damage":18,"enemies":"Nemesis","floor":46,"turns":3},{"damage":0,"enemies":"Jaw Worm Horde","floor":48,"turns":1},{"damage":95,"enemies":"Awakened One","floor":50,"turns":6}],"seed_played":"3686881343700726759","potions_obtained":[{"floor":1,"key":"GamblersBrew"},{"floor":5,"key":"GamblersBrew"},{"floor":12,"key":"GamblersBrew"},{"floor":28,"key":"LiquidBronze"}],"is_trial":false,"path_per_floor":["M","?","M","?","M","R","E","R","T","M","R","E","R","$","R","B",null,"M","M","$","?","M","R","?","R","T","$","M","M","R","M","R","B",null,"M","M","$","?","?","R","E","?","T","E","M","E","R","M","R","B"],"character_chosen":"IRONCLAD","items_purchased":["Chemical X"],"campfire_rested":1,"item_purchase_floors":[37],"current_hp_per_floor":[79,79,77,77,80,80,25,25,25,31,31,19,19,19,43,7,80,80,80,80,80,46,46,46,46,46,46,52,58,58,64,64,68,80,80,76,76,76,76,76,59,59,59,59,60,60,60,66,66,0],"gold":132,"neow_bonus":"ONE_RANDOM_RARE_CARD","is_prod":false,"is_daily":false,"chose_seed":false,"campfire_upgraded":10,"win_rate":0,"timestamp":1553466951,"path_taken":["M","?","M","?","M","R","E","R","T","M","R","E","R","$","R","BOSS","M","M","$","?","?","R","?","R","T","$","M","M","R","M","R","BOSS","M","M","$","?","?","R","E","?","T","E","M","E","R","M","R","BOSS"],"build_version":"2019-01-23","purchased_purges":3,"victory":false,"max_hp_per_floor":[80,80,80,80,80,80,80,80,80,80,80,80,80,80,80,80,80,80,80,80,80,80,80,80,80,80,80,80,80,80,80,80,80,80,80,80,80,76,76,76,86,86,86,86,86,86,86,86,86,86],"card_choices":[{"not_picked":["Sever Soul","Armaments","Burning Pact"],"picked":"SKIP","floor":1},{"not_picked":["Iron Wave","Shrug It Off"],"picked":"Flex","floor":3},{"not_picked":["Armaments","Twin Strike"],"picked":"Sword Boomerang","floor":5},{"not_picked":["Thunderclap","Pommel Strike","Havoc"],"picked":"SKIP","floor":7},{"not_picked":["Reckless Charge","Shockwave"],"picked":"Flex","floor":10},{"not_picked":["Metallicize","Second Wind","Seeing Red"],"picked":"SKIP","floor":12},{"not_picked":["Clothesline","Infernal Blade+1"],"picked":"Sword Boomerang","floor":18},{"not_picked":["Sever Soul","Entrench"],"picked":"Whirlwind+1","floor":19},{"not_picked":["Anger","Cleave","Second Wind"],"picked":"SKIP","floor":22},{"not_picked":["Clash","Burning Pact"],"picked":"Heavy Blade+1","floor":28},{"not_picked":["Sword Boomerang","Armaments","Body Slam"],"picked":"SKIP","floor":29},{"not_picked":["Intimidate+1","Body Slam","Inflame"],"picked":"SKIP","floor":31},{"not_picked":["Clash","Anger+1","Perfected Strike"],"picked":"SKIP","floor":35},{"not_picked":["Flex","Flame Barrier","Anger"],"picked":"SKIP","floor":36},{"not_picked":["Wild Strike+1","Iron Wave","Metallicize"],"picked":"SKIP","floor":41},{"not_picked":["Pommel Strike+1","Reckless Charge+1","Thunderclap"],"picked":"SKIP","floor":44},{"not_picked":["Reckless Charge+1","Thunderclap"],"picked":"Pommel Strike+1","floor":44},{"not_picked":["Reaper","Cleave+1"],"picked":"Shrug It Off+1","floor":45},{"not_picked":["Pommel Strike+1","Feel No Pain+1","Thunderclap+1"],"picked":"SKIP","floor":46},{"not_picked":["Iron Wave+1","Sever Soul+1","Clash+1"],"picked":"SKIP","floor":48}],"player_experience":825730,"relics_obtained":[{"floor":7,"key":"Gambling Chip"},{"floor":9,"key":"Pantograph"},{"floor":12,"key":"Mercury Hourglass"},{"floor":26,"key":"Meat on the Bone"},{"floor":41,"key":"Pear"},{"floor":44,"key":"Dodecahedron"},{"floor":46,"key":"Bottled Lightning"}],"event_choices":[{"cards_removed":["Strike_R"],"damage_healed":0,"gold_gain":0,"player_choice":"Forget","damage_taken":0,"max_hp_gain":0,"max_hp_loss":0,"event_name":"Living Wall","floor":2,"gold_loss":0},{"cards_removed":["Defend_R"],"damage_healed":0,"gold_gain":0,"player_choice":"Card Removal","damage_taken":0,"max_hp_gain":0,"max_hp_loss":0,"event_name":"The Cleric","floor":4,"gold_loss":50},{"damage_healed":0,"gold_gain":0,"player_choice":"Bet on Owner","damage_taken":0,"max_hp_gain":0,"max_hp_loss":0,"event_name":"The Joust","floor":21,"gold_loss":50},{"damage_healed":0,"gold_gain":0,"player_choice":"Ignored","damage_taken":0,"max_hp_gain":0,"max_hp_loss":0,"event_name":"The Mausoleum","floor":24,"gold_loss":0},{"damage_healed":0,"gold_gain":0,"player_choice":"Max HP","damage_taken":0,"max_hp_gain":0,"max_hp_loss":4,"event_name":"Winding Halls","floor":38,"gold_loss":0},{"damage_healed":0,"gold_gain":0,"player_choice":"Memory 1","damage_taken":0,"max_hp_gain":0,"max_hp_loss":0,"event_name":"SensoryStone","floor":39,"gold_loss":0},{"cards_removed":["Clumsy"],"damage_healed":0,"gold_gain":0,"player_choice":"Offered Curse","damage_taken":0,"relics_obtained":["Spirit Poop"],"max_hp_gain":0,"max_hp_loss":0,"event_name":"Bonfire Elementals","floor":42,"gold_loss":0}],"is_beta":false,"boss_relics":[{"not_picked":["Coffee Dripper","Runic Cube"],"picked":"Cursed Key"},{"not_picked":["Busted Crown","Mark of Pain"],"picked":"Sozu"}],"items_purged_floors":[14,20,27],"is_endless":false,"potions_floor_spawned":[1,5,12,28,33,35,41],"killed_by":"Awakened One","ascension_level":1}