{"path_per_floor":["M","?","M","M","M","E","?","M","T","$","E","?","?","E","R","B",null,"M","$","?","?","?","R","E","R","T","?","?"],"character_chosen":"DEFECT","items_purchased":["Chill","Coolheaded","Bag of Marbles","Panache"],"gold_per_floor":[114,64,77,93,106,132,207,223,305,35,70,70,70,102,102,201,201,214,38,0,0,0,0,33,33,86,1,1,1],"floor_reached":29,"campfire_rested":2,"playtime":1767,"current_hp_per_floor":[71,71,71,65,64,39,28,27,27,27,20,13,31,25,47,14,75,66,66,66,66,66,66,31,53,53,53,29,0],"items_purged":[],"gold":1,"score":270,"play_id":"4b9eb9ef-c684-475b-bb5c-3b77e1253e4d","local_time":"20180506210858","is_prod":false,"is_daily":false,"chose_seed":false,"is_ascension_mode":true,"campfire_upgraded":1,"timestamp":1525666138,"path_taken":["M","?","?","M","M","E","?","M","T","$","E","?","?","E","R","BOSS","M","$","?","?","?","R","E","R","T","?","?","E"],"build_version":"2018-05-03","seed_source_timestamp":958792313277628,"purchased_purges":0,"victory":false,"master_deck":["Strike_B","Strike_B","Strike_B","Defend_B+1","Defend_B","Defend_B","Zap+1","Dualcast","Leap","Sweeping Beam","Loop+1","Beam Cell","Storm","Go for the Eyes","Chill","Coolheaded+1","Lockon","Parasite","Defragment","Creative AI","Cold Snap","Panache","Aggregate","Darkness+1","Deep Breath","Bandage Up"],"max_hp_per_floor":[75,75,75,75,75,75,75,75,75,75,75,75,75,75,75,75,75,75,75,75,75,75,75,75,75,75,75,75,75],"relics":["Cracked Core","Blood Vial","Bottled Flame","Bag of Marbles","Calipers","Juzu Bracelet","Nuclear Battery","Bronze Scales","War Paint","Mummified Hand"],"card_choices":[{"not_picked":["Lockon","Tempest"],"picked":"Leap","floor":1},{"not_picked":["Stack","Leap"],"picked":"Sweeping Beam","floor":3},{"not_picked":["Leap","Conserve Battery"],"picked":"Loop","floor":4},{"not_picked":["Leap","Impulse"],"picked":"Beam Cell","floor":5},{"not_picked":["Steam Power","Conserve Battery"],"picked":"Storm","floor":6},{"not_picked":["Steam Power","Double Energy"],"picked":"Go for the Eyes","floor":8},{"not_picked":["Capacitor","Barrage"],"picked":"Lockon","floor":11},{"not_picked":["Rip and Tear","Capacitor"],"picked":"Defragment","floor":14},{"not_picked":["Seek","Redo"],"picked":"Creative AI","floor":16},{"not_picked":["Beam Cell","Gash"],"picked":"Cold Snap","floor":18},{"not_picked":["BootSequence","Hologram"],"picked":"Darkness","floor":24}],"player_experience":67445,"potions_floor_usage":[8,8,11,16,18,24],"damage_taken":[{"damage":4,"enemies":"Cultist","floor":1,"turns":4},{"damage":0,"enemies":"2 Louse","floor":3,"turns":2},{"damage":6,"enemies":"Small Slimes","floor":4,"turns":3},{"damage":1,"enemies":"2 Fungi Beasts","floor":5,"turns":3},{"damage":25,"enemies":"3 Sentries","floor":6,"turns":7},{"damage":3,"enemies":"Exordium Thugs","floor":8,"turns":3},{"damage":9,"enemies":"Gremlin Nob","floor":11,"turns":5},{"damage":8,"enemies":"3 Sentries","floor":14,"turns":9},{"damage":35,"enemies":"The Guardian","floor":16,"turns":13},{"damage":9,"enemies":"Shell Parasite","floor":18,"turns":5},{"damage":37,"enemies":"Book of Stabbing","floor":24,"turns":6},{"damage":32,"enemies":"Slavers","floor":29,"turns":3}],"event_choices":[{"event_name":"The Cleric","player_choice":"Card Removal","floor":2,"damage_taken":0},{"event_name":"World of Goop","player_choice":"Gather Gold","floor":7,"damage_taken":0},{"event_name":"Golden Wing","player_choice":"Card Removal","floor":12,"damage_taken":0},{"event_name":"Mushrooms","player_choice":"Healed and dodged fight","floor":13,"damage_taken":0},{"event_name":"Masked Bandits","player_choice":"Paid Bandits 38 gold","floor":20,"damage_taken":0},{"event_name":"The Library","player_choice":"Read","floor":21,"damage_taken":0},{"event_name":"Upgrade Shrine","player_choice":"Upgraded","floor":22,"damage_taken":0},{"event_name":"Addict","player_choice":"Obtained Relic","floor":27,"damage_taken":0},{"event_name":"Knowing Skull","player_choice":"CARD CARD ","floor":28,"damage_taken":0}],"boss_relics":[{"not_picked":["Orrery","Inserter"],"picked":"Nuclear Battery"}],"potions_floor_spawned":[1,3,8,11,14,16,24],"seed_played":"4061673872061440421","killed_by":"Slavers","ascension_level":1,"is_trial":false}