{"gold_per_floor":[116,191,191,207,357,357,376,376,376,407,25,45,45,70,70,70],"floor_reached":16,"playtime":436,"items_purged":["Doubt"],"score":216,"play_id":"ce62f1f5-9564-4dfa-8343-7f76afd2f007","local_time":"20190118144532","is_ascension_mode":true,"campfire_choices":[{"data":"Deadly Poison","floor":6,"key":"SMITH"},{"data":"Catalyst","floor":8,"key":"SMITH"},{"data":"After Image","floor":13,"key":"SMITH"},{"floor":15,"key":"REST"}],"neow_cost":"NONE","seed_source_timestamp":772706316371782,"circlet_count":0,"master_deck":["AscendersBane","Defend_G","Defend_G","Defend_G","Defend_G","Defend_G","Strike_G","Strike_G","Strike_G","Strike_G","Strike_G","Survivor","Neutralize+1","Deadly Poison+1","Dodge and Roll","Catalyst+1","Backstab","After Image+1","Wraith Form v2"],"relics":["Ring of the Snake","NeowsBlessing","Ancient Tea Set","Question Card","Oddly Smooth Stone","Happy Flower"],"potions_floor_usage":[14,16,16,16,16],"damage_taken":[{"damage":0,"enemies":"Jaw Worm","floor":1,"turns":1},{"damage":0,"enemies":"2 Louse","floor":4,"turns":1},{"damage":0,"enemies":"Small Slimes","floor":7,"turns":1},{"damage":11,"enemies":"Lagavulin","floor":10,"turns":5},{"damage":0,"enemies":"Looter","floor":12,"turns":3},{"damage":25,"enemies":"Gremlin Nob","floor":14,"turns":4},{"damage":33,"enemies":"Slime Boss","floor":16,"turns":13}],"seed_played":"1292022576034894445","potions_obtained":[{"floor":10,"key":"Block Potion"},{"floor":14,"key":"EntropicBrew"}],"is_trial":false,"path_per_floor":["M","?","?","M","?","R","M","R","T","E","$","M","R","E","R","B"],"character_chosen":"THE_SILENT","items_purchased":["Backstab","Oddly Smooth Stone","PowerPotion"],"campfire_rested":1,"item_purchase_floors":[11,11,11],"current_hp_per_floor":[59,48,48,48,48,48,48,48,48,37,37,37,37,12,31,0],"gold":70,"neow_bonus":"THREE_ENEMY_KILL","is_prod":false,"is_daily":false,"chose_seed":false,"campfire_upgraded":3,"win_rate":0,"timestamp":1547819132,"path_taken":["M","?","?","M","?","R","M","R","T","E","$","M","R","E","R","BOSS"],"build_version":"2019-01-17v2","purchased_purges":1,"victory":false,"max_hp_per_floor":[66,66,66,66,66,66,66,66,66,66,66,66,66,66,66,66],"card_choices":[{"not_picked":["Poisoned Stab","PiercingWail"],"picked":"Deadly Poison","floor":1},{"not_picked":["Acrobatics","Outmaneuver"],"picked":"Dodge and Roll","floor":4},{"not_picked":["Caltrops","Dagger Throw"],"picked":"Catalyst","floor":7},{"not_picked":["Tactician","Flying Knee","Dodge and Roll"],"picked":"SKIP","floor":10},{"not_picked":["All Out Attack","Masterful Stab","Dagger Throw"],"picked":"After Image","floor":12},{"not_picked":["Heel Hook","Dodge and Roll","Quick Slash"],"picked":"Wraith Form v2","floor":14}],"player_experience":1219206,"relics_obtained":[{"floor":9,"key":"Ancient Tea Set"},{"floor":10,"key":"Question Card"},{"floor":14,"key":"Happy Flower"}],"event_choices":[{"damage_healed":0,"gold_gain":75,"player_choice":"Gather Gold","damage_taken":11,"max_hp_gain":0,"max_hp_loss":0,"event_name":"World of Goop","floor":2,"gold_loss":0},{"damage_healed":0,"gold_gain":0,"player_choice":"Grow","damage_taken":0,"max_hp_gain":0,"max_hp_loss":0,"event_name":"Living Wall","floor":3,"gold_loss":0,"cards_upgraded":["Neutralize"]},{"damage_healed":0,"gold_gain":150,"player_choice":"AGREE","damage_taken":0,"max_hp_gain":0,"max_hp_loss":0,"event_name":"Liars Game","floor":5,"gold_loss":0,"cards_obtained":["Doubt"]}],"is_beta":false,"boss_relics":[],"items_purged_floors":[11],"is_endless":false,"potions_floor_spawned":[10,12,14],"killed_by":"Slime Boss","ascension_level":20}