{"gold_per_floor":[109,128,5,80,107,141,165,183,183,194,228,228,261,280,280,280],"floor_reached":16,"playtime":436,"items_purged":["Defend_R"],"score":145,"play_id":"7e3e3b55-adb7-41dd-8250-406cac05327f","local_time":"20190418034519","is_ascension_mode":false,"campfire_choices":[{"data":"Clothesline","floor":12,"key":"SMITH"},{"data":"Bash","floor":15,"key":"SMITH"}],"neow_cost":"NONE","seed_source_timestamp":126060930938130,"circlet_count":0,"master_deck":["Strike_R","Strike_R","Strike_R","Strike_R","Strike_R","Defend_R","Defend_R","Defend_R","Bash+1","Perfected Strike","Shrug It Off","Clothesline+1","Perfected Strike"],"relics":["Burning Blood","NeowsBlessing","Omamori","Pen Nib","Oddly Smooth Stone","Meat on the Bone","Boot","Juzu Bracelet"],"potions_floor_usage":[11,13,16],"damage_taken":[{"damage":0,"enemies":"Jaw Worm","floor":1,"turns":1},{"damage":0,"enemies":"Small Slimes","floor":2,"turns":1},{"damage":0,"enemies":"Lagavulin","floor":6,"turns":1},{"damage":0,"enemies":"Cultist","floor":8,"turns":3},{"damage":4,"enemies":"Red Slaver","floor":10,"turns":4},{"damage":20,"enemies":"Gremlin Nob","floor":11,"turns":4},{"damage":17,"enemies":"Lagavulin","floor":13,"turns":6},{"damage":11,"enemies":"Lots of Slimes","floor":14,"turns":5},{"damage":50,"enemies":"Hexaghost","floor":16,"turns":12}],"seed_played":"4026280420531868554","potions_obtained":[{"floor":2,"key":"Poison Potion"},{"floor":6,"key":"Weak Potion"},{"floor":11,"key":"Energy Potion"}],"is_trial":false,"path_per_floor":["?","T","T","M"],"character_chosen":"IRONCLAD","items_purchased":["Shrug It Off"],"campfire_rested":0,"item_purchase_floors":[3],"current_hp_per_floor":[80,80,80,69,69,75,75,80,80,80,66,66,55,50,50,0],"gold":280,"neow_bonus":"THREE_ENEMY_KILL","is_prod":false,"is_daily":false,"chose_seed":false,"campfire_upgraded":2,"win_rate":0,"timestamp":1555533919,"path_taken":["M","M","$","?","?","E","?","M","T","?","E","R","E","M","R","BOSS"],"build_version":"2019-01-23","purchased_purges":1,"victory":false,"max_hp_per_floor":[80,80,80,80,80,80,80,80,80,80,80,80,80,80,80,80],"card_choices":[{"not_picked":["Pommel Strike","Power Through"],"picked":"Perfected Strike","floor":1},{"not_picked":["Combust","Heavy Blade","Metallicize"],"picked":"SKIP","floor":2},{"not_picked":["Sword Boomerang","Heavy Blade","Havoc"],"picked":"SKIP","floor":6},{"not_picked":["Battle Trance","Reckless Charge","Shockwave"],"picked":"SKIP","floor":8},{"not_picked":["Twin Strike","Warcry"],"picked":"Clothesline","floor":10},{"not_picked":["Dropkick","Sentinel","Offering"],"picked":"SKIP","floor":11},{"not_picked":["Second Wind","Warcry","Body Slam"],"picked":"SKIP","floor":13},{"not_picked":["Heavy Blade","Dual Wield"],"picked":"Perfected Strike","floor":14}],"player_experience":260002,"relics_obtained":[{"floor":5,"key":"Omamori"},{"floor":6,"key":"Pen Nib"},{"floor":7,"key":"Oddly Smooth Stone"},{"floor":9,"key":"Meat on the Bone"},{"floor":11,"key":"Boot"},{"floor":13,"key":"Juzu Bracelet"}],"event_choices":[{"damage_healed":0,"gold_gain":75,"player_choice":"Gather Gold","damage_taken":11,"max_hp_gain":0,"max_hp_loss":0,"event_name":"World of Goop","floor":4,"gold_loss":0}],"is_beta":false,"boss_relics":[],"items_purged_floors":[3],"is_endless":false,"potions_floor_spawned":[2,6,11],"killed_by":"Hexaghost","ascension_level":0}