{"gold_per_floor":[114,39,54,54,69,69,399,399,399,399,414,11,11,26,26,126,126,141,88,88,88,103,133,133,148,148,148,148,178,193,208,208,308,308,323,338,353,33,42,72,99,111,123,135,162,274,286,313,325,337],"floor_reached":51,"playtime":1151,"items_purged":["Strike_R","Strike_R"],"score":817,"play_id":"69ebb271-fe4e-4190-93d2-794e4f151ea8","local_time":"20190414001119","daily_mods":["Heirloom","Blue Cards","Binary"],"is_ascension_mode":false,"campfire_choices":[{"data":"Limit Break","floor":6,"key":"SMITH"},{"data":"Inflame","floor":8,"key":"SMITH"},{"data":"1","floor":10,"key":"LIFT"},{"data":"2","floor":15,"key":"LIFT"},{"data":"3","floor":24,"key":"LIFT"},{"data":"Heavy Blade","floor":27,"key":"SMITH"},{"data":"Flex","floor":32,"key":"SMITH"},{"data":"True Grit","floor":42,"key":"SMITH"},{"data":"Seeing Red","floor":44,"key":"SMITH"},{"data":"Bash","floor":47,"key":"SMITH"},{"data":"Shrug It Off","floor":49,"key":"SMITH"}],"neow_cost":"","seed_source_timestamp":0,"circlet_count":0,"master_deck":["Strike_R","Strike_R","Strike_R","Defend_R","Defend_R","Defend_R","Defend_R","Bash+1","Shrug It Off+1","Limit Break+1","Conserve Battery","Inflame+1","True Grit+1","Whirlwind+1","Core Surge","Seeing Red+1","Flex+1","Rebound","Headbutt+1","Heavy Blade+1","Limit Break+1","Battle Trance","Impervious","FTL"],"special_seed":18000,"relics":["Burning Blood","Charon\u0027s Ashes","Old Coin","Girya","Gremlin Horn","Sozu","The Courier","Meat on the Bone","Singing Bowl","Cursed Key","Ice Cream","Du-Vu Doll","MawBank"],"potions_floor_usage":[22,23,23],"damage_taken":[{"damage":7,"enemies":"Jaw Worm","floor":1,"turns":5},{"damage":2,"enemies":"Small Slimes","floor":3,"turns":4},{"damage":0,"enemies":"2 Louse","floor":5,"turns":4},{"damage":30,"enemies":"3 Sentries","floor":7,"turns":8},{"damage":3,"enemies":"Large Slime","floor":11,"turns":5},{"damage":3,"enemies":"Lots of Slimes","floor":14,"turns":2},{"damage":18,"enemies":"The Guardian","floor":16,"turns":7},{"damage":3,"enemies":"2 Thieves","floor":18,"turns":2},{"damage":0,"enemies":"3 Byrds","floor":22,"turns":2},{"damage":12,"enemies":"Book of Stabbing","floor":23,"turns":2},{"damage":13,"enemies":"Snake Plant","floor":25,"turns":3},{"damage":0,"enemies":"Slavers","floor":29,"turns":1},{"damage":0,"enemies":"Centurion and Healer","floor":30,"turns":2},{"damage":5,"enemies":"Cultist and Chosen","floor":31,"turns":3},{"damage":18,"enemies":"Champ","floor":33,"turns":4},{"damage":0,"enemies":"Orb Walker","floor":35,"turns":2},{"damage":0,"enemies":"3 Darklings","floor":36,"turns":2},{"damage":22,"enemies":"Jaw Worm Horde","floor":37,"turns":3},{"damage":28,"enemies":"2 Orb Walkers","floor":39,"turns":4},{"damage":38,"enemies":"Nemesis","floor":40,"turns":3},{"damage":13,"enemies":"4 Shapes","floor":41,"turns":2},{"damage":2,"enemies":"Maw","floor":45,"turns":5},{"damage":0,"enemies":"Jaw Worm Horde","floor":48,"turns":2},{"damage":20,"enemies":"Donu and Deca","floor":50,"turns":4}],"seed_played":"-6873937662443283493","potions_obtained":[{"floor":5,"key":"FearPotion"},{"floor":7,"key":"Explosive Potion"},{"floor":16,"key":"Energy Potion"}],"is_trial":false,"path_per_floor":["M","$","M","?","M","R","E","R","T","R","M","$","?","M","R","B",null,"M","$","?","?","M","E","R","M","T","R","?","E","M","M","R","B",null,"M","M","M","$","?","E","M","R","T","R","M","?","R","M","R","B",null],"character_chosen":"IRONCLAD","items_purchased":["Limit Break","Whirlwind","Gremlin Horn","Flex","Ice Cream"],"campfire_rested":0,"item_purchase_floors":[2,12,12,19,38],"current_hp_per_floor":[79,79,80,85,85,85,61,61,61,61,64,64,64,67,67,55,85,85,85,85,85,85,79,79,72,72,72,72,80,88,89,89,77,89,91,91,77,77,57,39,46,46,46,46,64,64,64,72,72,58],"gold":349,"neow_bonus":"","is_prod":false,"is_daily":true,"chose_seed":false,"campfire_upgraded":8,"win_rate":0,"timestamp":1555225879,"path_taken":["M","$","M","?","M","R","E","R","T","R","M","$","?","M","R","BOSS","M","$","?","?","M","E","R","M","T","R","?","E","M","M","R","BOSS","M","?","M","$","?","E","M","R","T","R","M","?","R","M","R","BOSS"],"build_version":"2019-01-23","purchased_purges":2,"victory":true,"max_hp_per_floor":[80,80,80,85,85,85,85,85,85,85,85,85,85,85,85,85,85,85,85,85,85,85,85,85,85,85,85,85,87,89,89,89,89,89,91,91,93,93,95,97,99,99,99,99,101,101,101,103,103,103],"card_choices":[{"not_picked":["Warcry"],"picked":"Shrug It Off","floor":1},{"not_picked":["Anger"],"picked":"Conserve Battery","floor":3},{"not_picked":["Reprogram","Feel No Pain"],"picked":"SKIP","floor":5},{"not_picked":["Iron Wave"],"picked":"Inflame","floor":7},{"not_picked":["Redo"],"picked":"True Grit","floor":11},{"not_picked":["Gash","Thunderclap"],"picked":"SKIP","floor":14},{"not_picked":["Fiend Fire"],"picked":"Core Surge","floor":16},{"not_picked":["Shrug It Off"],"picked":"Seeing Red","floor":18},{"not_picked":["Rebound","Leap"],"picked":"SKIP","floor":22},{"not_picked":["Leap"],"picked":"Rebound","floor":22},{"not_picked":["Steam"],"picked":"Headbutt+1","floor":23},{"not_picked":["BootSequence+1"],"picked":"Heavy Blade","floor":25},{"not_picked":["Flex","Second Wind"],"picked":"Singing Bowl","floor":29},{"not_picked":["Cold Snap+1","Twin Strike+1"],"picked":"Singing Bowl","floor":30},{"not_picked":["Doom and Gloom+1"],"picked":"Battle Trance","floor":31},{"not_picked":["Hyperbeam"],"picked":"Impervious","floor":33},{"not_picked":["Uppercut","Leap"],"picked":"Singing Bowl","floor":35},{"not_picked":["Leap"],"picked":"FTL","floor":36},{"not_picked":["Heavy Blade","Twin Strike"],"picked":"Singing Bowl","floor":37},{"not_picked":["Headbutt+1","Thunderclap"],"picked":"Singing Bowl","floor":39},{"not_picked":["Turbo","Fission"],"picked":"Singing Bowl","floor":40},{"not_picked":["Warcry","Gash"],"picked":"Singing Bowl","floor":41},{"not_picked":["Compile Driver","Ball Lightning+1"],"picked":"Singing Bowl","floor":45},{"not_picked":["Ball Lightning","Rampage+1"],"picked":"Singing Bowl","floor":48}],"player_experience":924671,"relics_obtained":[{"floor":7,"key":"Old Coin"},{"floor":9,"key":"Girya"},{"floor":23,"key":"The Courier"},{"floor":26,"key":"Meat on the Bone"},{"floor":29,"key":"Singing Bowl"},{"floor":39,"key":"Du-Vu Doll"},{"floor":40,"key":"MawBank"}],"event_choices":[{"damage_healed":0,"gold_gain":0,"player_choice":"Donut","damage_taken":0,"max_hp_gain":5,"max_hp_loss":0,"event_name":"Big Fish","floor":4,"gold_loss":0},{"damage_healed":0,"gold_gain":0,"player_choice":"Grow","damage_taken":0,"max_hp_gain":0,"max_hp_loss":0,"event_name":"Living Wall","floor":13,"gold_loss":0,"cards_upgraded":["Whirlwind"]},{"damage_healed":0,"gold_gain":0,"player_choice":"Ignored","damage_taken":0,"max_hp_gain":0,"max_hp_loss":0,"event_name":"Ghosts","floor":20,"gold_loss":0},{"damage_healed":0,"gold_gain":0,"player_choice":"Ignored","damage_taken":0,"max_hp_gain":0,"max_hp_loss":0,"event_name":"The Mausoleum","floor":21,"gold_loss":0},{"damage_healed":0,"gold_gain":0,"player_choice":"Copied","damage_taken":0,"max_hp_gain":0,"max_hp_loss":0,"event_name":"Duplicator","floor":28,"gold_loss":0,"cards_obtained":["Limit Break"]},{"damage_healed":0,"gold_gain":0,"player_choice":"Fight","damage_taken":0,"max_hp_gain":0,"max_hp_loss":0,"event_name":"Mysterious Sphere","floor":39,"gold_loss":0},{"damage_healed":0,"gold_gain":100,"player_choice":"Pray","damage_taken":0,"max_hp_gain":0,"max_hp_loss":0,"event_name":"Golden Shrine","floor":46,"gold_loss":0}],"is_beta":false,"boss_relics":[{"not_picked":["Fusion Hammer","Runic Dome"],"picked":"Sozu"},{"not_picked":["Eternal Feather","Astrolabe"],"picked":"Cursed Key"}],"items_purged_floors":[12,38],"is_endless":false,"potions_floor_spawned":[5,7,16,23,25,30,33,36,37,45,48],"ascension_level":0}