{"gold_per_floor":[112,112,124,124,135,135,48,62,87,121,121,154,154,174,174,249,249,268,283,299,48,66,66,66],"floor_reached":24,"playtime":1127,"items_purged":[],"score":416,"play_id":"33668f1b-f737-472d-b36c-78fe3c4880d2","local_time":"20190128145728","is_ascension_mode":true,"campfire_choices":[{"data":"Bouncing Flask","floor":6,"key":"SMITH"},{"data":"Footwork","floor":11,"key":"SMITH"},{"floor":15,"key":"REST"},{"data":"Burst","floor":23,"key":"SMITH"}],"neow_cost":"NONE","seed_source_timestamp":1636776634507244,"circlet_count":0,"master_deck":["AscendersBane","Defend_G","Defend_G","Defend_G","Defend_G","Defend_G","Strike_G","Strike_G","Strike_G","Strike_G","Survivor","Neutralize","Bouncing Flask+1","Quick Slash","Leg Sweep","Footwork+1","Dash","Catalyst","Burst+1","Poisoned Stab","Bouncing Flask+1","Catalyst","Footwork","Blur"],"relics":["Ring of the Snake","NeowsBlessing","Regal Pillow","Boot","Blood Vial","Anchor","Cursed Key","Happy Flower"],"potions_floor_usage":[10,16,19],"damage_taken":[{"damage":0,"enemies":"Jaw Worm","floor":1,"turns":1},{"damage":0,"enemies":"Small Slimes","floor":3,"turns":1},{"damage":0,"enemies":"2 Louse","floor":5,"turns":1},{"damage":4,"enemies":"Large Slime","floor":8,"turns":9},{"damage":4,"enemies":"3 Sentries","floor":10,"turns":10},{"damage":18,"enemies":"Gremlin Nob","floor":12,"turns":5},{"damage":0,"enemies":"Blue Slaver","floor":14,"turns":6},{"damage":35,"enemies":"Slime Boss","floor":16,"turns":11},{"damage":4,"enemies":"Shell Parasite","floor":18,"turns":6},{"damage":0,"enemies":"Chosen","floor":19,"turns":3},{"damage":8,"enemies":"Snake Plant","floor":20,"turns":4},{"damage":21,"enemies":"Shelled Parasite and Fungi","floor":22,"turns":6},{"damage":39,"enemies":"Gremlin Leader","floor":24,"turns":5}],"seed_played":"388846479833338217","potions_obtained":[{"floor":1,"key":"Fire Potion"},{"floor":3,"key":"SkillPotion"},{"floor":8,"key":"Block Potion"},{"floor":14,"key":"Ancient Potion"},{"floor":18,"key":"Fruit Juice"},{"floor":20,"key":"Energy Potion"}],"is_trial":false,"path_per_floor":["M","?","M","?","M","R","$","M","T","E","R","E","?","M","R","B",null,"M","M","M","$","M","R","E"],"character_chosen":"THE_SILENT","items_purchased":["Footwork","Footwork","Happy Flower"],"campfire_rested":1,"item_purchase_floors":[7,21,21],"current_hp_per_floor":[59,54,54,47,47,47,47,43,43,39,39,23,23,25,59,26,56,54,61,55,55,36,36,0],"gold":66,"neow_bonus":"THREE_ENEMY_KILL","is_prod":false,"is_daily":false,"chose_seed":false,"campfire_upgraded":3,"win_rate":0,"timestamp":1548683848,"path_taken":["M","?","M","?","M","R","?","M","T","E","R","E","?","M","R","BOSS","M","M","M","$","M","R","E"],"build_version":"2019-01-23","purchased_purges":0,"victory":false,"max_hp_per_floor":[66,66,66,66,66,66,66,66,66,66,66,66,66,66,66,66,66,66,71,71,71,71,71,71],"card_choices":[{"not_picked":["Expertise","Backflip"],"picked":"Bouncing Flask","floor":1},{"not_picked":["Accuracy","Prepared"],"picked":"Quick Slash","floor":3},{"not_picked":["Deflect","Quick Slash"],"picked":"Leg Sweep","floor":5},{"not_picked":["Eviscerate","Riddle With Holes"],"picked":"Dash","floor":8},{"not_picked":["Cloak And Dagger","Flechettes","Blade Dance"],"picked":"SKIP","floor":10},{"not_picked":["Dodge and Roll","Escape Plan"],"picked":"Catalyst","floor":12},{"not_picked":["Sucker Punch","Blade Dance","Outmaneuver"],"picked":"SKIP","floor":14},{"not_picked":["Doppelganger","Envenom"],"picked":"Burst","floor":16},{"not_picked":["Slice","Accuracy"],"picked":"Poisoned Stab","floor":18},{"not_picked":["Dagger Throw","Blade Dance"],"picked":"Bouncing Flask+1","floor":19},{"not_picked":["Distraction","Predator"],"picked":"Catalyst","floor":20},{"not_picked":["Poisoned Stab+1","Reflex"],"picked":"Blur","floor":22}],"player_experience":1261638,"relics_obtained":[{"floor":9,"key":"Boot"},{"floor":10,"key":"Blood Vial"},{"floor":12,"key":"Anchor"}],"event_choices":[{"damage_healed":0,"gold_gain":0,"player_choice":"Success","damage_taken":5,"relics_obtained":["Regal Pillow"],"max_hp_gain":0,"max_hp_loss":0,"event_name":"Scrap Ooze","floor":2,"gold_loss":0},{"cards_removed":["Strike_G"],"damage_healed":0,"gold_gain":0,"player_choice":"Card Removal","damage_taken":7,"max_hp_gain":0,"max_hp_loss":0,"event_name":"Golden Wing","floor":4,"gold_loss":0},{"damage_healed":0,"gold_gain":0,"player_choice":"Ignored","damage_taken":0,"max_hp_gain":0,"max_hp_loss":0,"event_name":"Shining Light","floor":13,"gold_loss":0}],"is_beta":false,"boss_relics":[{"not_picked":["Orrery","Fusion Hammer"],"picked":"Cursed Key"}],"items_purged_floors":[],"is_endless":false,"potions_floor_spawned":[1,3,8,14,18,20],"killed_by":"Gremlin Leader","ascension_level":20}