{"gold_per_floor":[11,25,25,25,40,65,65,90,139,173,183,183,3,28,40,150,162,192,204,216,239,267,279,304,316],"floor_reached":25,"playtime":1699,"items_purged":[],"score":289,"play_id":"1a0e0c87-a033-4244-bab3-000987f04b6e","local_time":"20190214200120","is_ascension_mode":true,"campfire_choices":[{"floor":7,"key":"REST"},{"data":"Creative AI","floor":15,"key":"SMITH"},{"floor":23,"key":"REST"}],"neow_cost":"NO_GOLD","seed_source_timestamp":2656742276250300,"circlet_count":0,"master_deck":["Strike_B","Defend_B","Defend_B","Defend_B","Zap","Dualcast","FTL","Streamline","Rebound","BootSequence","Chill","Coolheaded","Sweeping Beam","Barrage","Creative AI+1","Echo Form","Hologram","Conserve Battery","Stack+1","Turbo"],"relics":["Cracked Core","Question Card","Bag of Preparation","Incense Burner","Anchor","MawBank","Black Star"],"potions_floor_usage":[6,6,10,19],"damage_taken":[{"damage":0,"enemies":"2 Louse","floor":1,"turns":2},{"damage":0,"enemies":"Cultist","floor":2,"turns":2},{"damage":7,"enemies":"Jaw Worm","floor":5,"turns":2},{"damage":20,"enemies":"Lagavulin","floor":6,"turns":4},{"damage":16,"enemies":"Gremlin Nob","floor":8,"turns":3},{"damage":26,"enemies":"Lagavulin","floor":10,"turns":4},{"damage":5,"enemies":"Looter","floor":11,"turns":3},{"damage":8,"enemies":"Gremlin Nob","floor":14,"turns":3},{"damage":24,"enemies":"Hexaghost","floor":16,"turns":10},{"damage":15,"enemies":"Spheric Guardian","floor":18,"turns":6},{"damage":11,"enemies":"Colosseum Slavers","floor":19,"turns":5},{"damage":29,"enemies":"Shell Parasite","floor":21,"turns":10},{"damage":16,"enemies":"Snecko","floor":22,"turns":6},{"damage":11,"enemies":"Sentry and Sphere","floor":24,"turns":9},{"damage":20,"enemies":"Snake Plant","floor":25,"turns":3}],"seed_played":"-1119957550547990707","potions_obtained":[{"floor":1,"key":"Energy Potion"},{"floor":2,"key":"Regen Potion"},{"floor":5,"key":"PowerPotion"},{"floor":14,"key":"FairyPotion"},{"floor":16,"key":"Weak Potion"}],"is_trial":false,"path_per_floor":["M","M","$","?","M","E","R","E","T","E","M","?","$","E","R","B",null,"M","?","?","M","M","R","M","M"],"character_chosen":"DEFECT","items_purchased":["Anchor","Barrage"],"campfire_rested":2,"item_purchase_floors":[13,13],"current_hp_per_floor":[75,75,75,75,68,48,70,54,54,40,35,60,60,52,52,28,63,48,37,37,8,5,27,16,0],"gold":316,"neow_bonus":"REMOVE_TWO","is_prod":false,"is_daily":false,"chose_seed":false,"campfire_upgraded":1,"win_rate":0,"timestamp":1550199680,"path_taken":["M","M","$","?","?","E","R","E","T","E","M","?","$","E","R","BOSS","M","?","?","M","M","R","M","M"],"build_version":"2019-02-06","purchased_purges":0,"victory":false,"max_hp_per_floor":[75,75,75,75,75,75,75,75,75,75,75,75,75,75,75,75,75,75,75,75,75,75,75,75,75],"card_choices":[{"not_picked":["Double Energy","Reinforced Body"],"picked":"FTL","floor":1},{"not_picked":["Barrage","Doom and Gloom"],"picked":"Streamline","floor":2},{"not_picked":["Stack","Heatsinks"],"picked":"Rebound","floor":5},{"not_picked":["Skim","Hologram"],"picked":"BootSequence","floor":6},{"not_picked":["Steam","Conserve Battery","Genetic Algorithm"],"picked":"Chill","floor":8},{"not_picked":["Melter","Streamline","Skim"],"picked":"Coolheaded","floor":10},{"not_picked":["Beam Cell","Gash","Skim"],"picked":"Sweeping Beam","floor":11},{"not_picked":["Barrage","Tempest","FTL"],"picked":"Creative AI","floor":14},{"not_picked":["Seek","Reboot","Electrodynamics"],"picked":"Echo Form","floor":16},{"not_picked":["Auto Shields","Chaos+1","Streamline"],"picked":"Hologram","floor":18},{"not_picked":["Double Energy","Leap","Beam Cell"],"picked":"Conserve Battery","floor":21},{"not_picked":["Gash","Hologram","Leap"],"picked":"Stack+1","floor":22},{"not_picked":["Auto Shields+1","Genetic Algorithm","Barrage"],"picked":"Turbo","floor":24}],"player_experience":514093,"relics_obtained":[{"floor":6,"key":"Question Card"},{"floor":8,"key":"Bag of Preparation"},{"floor":10,"key":"Incense Burner"},{"floor":14,"key":"MawBank"}],"event_choices":[{"cards_removed":["Strike_B"],"damage_healed":0,"gold_gain":0,"player_choice":"Card Removal","damage_taken":0,"max_hp_gain":0,"max_hp_loss":0,"event_name":"Wheel of Change","floor":4,"gold_loss":0},{"damage_healed":25,"gold_gain":0,"player_choice":"Banana","damage_taken":0,"max_hp_gain":0,"max_hp_loss":0,"event_name":"Big Fish","floor":12,"gold_loss":0},{"damage_healed":0,"gold_gain":0,"player_choice":"Fight","damage_taken":0,"max_hp_gain":0,"max_hp_loss":0,"event_name":"Colosseum","floor":19,"gold_loss":0},{"damage_healed":0,"gold_gain":0,"player_choice":"Fled From Nobs","damage_taken":0,"max_hp_gain":0,"max_hp_loss":0,"event_name":"Colosseum","floor":19,"gold_loss":0},{"cards_removed":["Strike_B"],"damage_healed":0,"gold_gain":0,"player_choice":"Offered Basic","damage_taken":0,"max_hp_gain":0,"max_hp_loss":0,"event_name":"Bonfire Elementals","floor":20,"gold_loss":0}],"is_beta":true,"boss_relics":[{"not_picked":["Eternal Feather","Snecko Eye"],"picked":"Black Star"}],"items_purged_floors":[],"is_endless":false,"potions_floor_spawned":[1,2,5,14,16,19],"killed_by":"Snake Plant","ascension_level":5}