{"gold_per_floor":[117,292,217,217,236,236,266,266,317,317,349,95,112,131,131,226,226,238,268,280,290,290,316,316,341,341,357,357,357,422,441,441,441],"floor_reached":33,"playtime":1234,"items_purged":["Doubt","Strike_R"],"score":329,"play_id":"713101f2-9271-404f-85b7-cfa3a8935ea1","local_time":"20190309014956","is_ascension_mode":true,"campfire_choices":[{"data":"Limit Break","floor":6.0,"key":"SMITH"},{"data":"Flex","floor":8.0,"key":"SMITH"},{"data":"Bash","floor":10.0,"key":"SMITH"},{"floor":15.0,"key":"RECALL"},{"data":"Flex","floor":24,"key":"SMITH"},{"data":"Shockwave","floor":28,"key":"SMITH"},{"data":"Cleave","floor":32,"key":"SMITH"}],"neow_cost":"PERCENT_DAMAGE","seed_source_timestamp":0,"circlet_count":0,"master_deck":["Strike_R","Strike_R","Defend_R","Defend_R","Defend_R","Defend_R","Bash+1","Limit Break+1","Flex+1","Shockwave+1","Flex+1","Cleave+1","Offering"],"special_seed":0,"relics":["Burning Blood","Ginger","Blood Vial","Thread and Needle","Bag of Preparation","Sozu","Red Mask","Potion Belt","Mango","The Courier","Tiny Chest"],"potions_floor_usage":[16,23],"damage_taken":[{"damage":5.0,"enemies":"Jaw Worm","floor":1.0,"turns":5.0},{"damage":2.0,"enemies":"2 Louse","floor":5.0,"turns":4.0},{"damage":12.0,"enemies":"3 Sentries","floor":7.0,"turns":8.0},{"damage":18.0,"enemies":"Lagavulin","floor":11.0,"turns":5.0},{"damage":1.0,"enemies":"Small Slimes","floor":13.0,"turns":3.0},{"damage":3.0,"enemies":"3 Louse","floor":14.0,"turns":3.0},{"damage":24,"enemies":"Slime Boss","floor":16,"turns":8},{"damage":7,"enemies":"Shell Parasite","floor":18,"turns":5},{"damage":20,"enemies":"Masked Bandits","floor":19,"turns":5},{"damage":0,"enemies":"3 Byrds","floor":20,"turns":4},{"damage":10,"enemies":"Cultist and Chosen","floor":21,"turns":7},{"damage":22,"enemies":"Slavers","floor":23,"turns":5},{"damage":9,"enemies":"Gremlin Leader","floor":25,"turns":4},{"damage":7,"enemies":"Centurion and Healer","floor":27,"turns":6},{"damage":22,"enemies":"Book of Stabbing","floor":30,"turns":4},{"damage":6,"enemies":"3 Cultists","floor":31,"turns":4},{"damage":67,"enemies":"Collector","floor":33,"turns":7}],"seed_played":"-3242908219312255282","potions_obtained":[{"floor":1.0,"key":"Fire Potion"},{"floor":5.0,"key":"Ancient Potion"},{"floor":14.0,"key":"Ancient Potion"}],"is_trial":false,"path_per_floor":["M","?","$","?","M","R","E","R","T","R","E","$","M","M","R","B",null,"M","?","M","M","?","E","R","E","T","M","R","?","E","M","R","B"],"character_chosen":"IRONCLAD","items_purchased":["Bag of Preparation"],"campfire_rested":0,"item_purchase_floors":[12],"current_hp_per_floor":[57,57,57,50,54,54,48,48,48,48,38,38,45,50,50,34,80,79,66,74,72,72,58,58,71,71,72,72,72,58,60,60,0],"gold":441,"neow_bonus":"TRANSFORM_TWO_CARDS","is_prod":false,"is_daily":false,"chose_seed":false,"campfire_upgraded":6,"win_rate":0,"timestamp":1552121396,"path_taken":["M","?","$","?","M","R","E","R","T","R","E","$","M","M","R","BOSS","M","?","M","M","?","E","R","E","T","M","R","?","E","M","R","BOSS"],"build_version":"2019-01-23","purchased_purges":2,"victory":false,"max_hp_per_floor":[80,80,80,80,80,80,80,80,80,80,80,80,80,80,80,80,80,80,80,80,80,80,80,80,94,94,94,94,94,94,94,94,94],"card_choices":[{"not_picked":["Entrench","Twin Strike","Sentinel"],"picked":"SKIP","floor":1.0},{"not_picked":["Shockwave","Cleave"],"picked":"Flex","floor":5.0},{"not_picked":["Wild Strike","Barricade","Twin Strike"],"picked":"SKIP","floor":7.0},{"not_picked":["Sentinel","Shrug It Off","Rampage"],"picked":"SKIP","floor":11.0},{"not_picked":["Clothesline","Dual Wield","Thunderclap"],"picked":"SKIP","floor":13.0},{"not_picked":["Iron Wave","Cleave","Power Through"],"picked":"SKIP","floor":14.0},{"not_picked":["Pummel","Power Through+1"],"picked":"Shockwave","floor":18},{"not_picked":["Fire Breathing","Battle Trance"],"picked":"Flex","floor":19},{"not_picked":["Body Slam","Iron Wave","Perfected Strike"],"picked":"SKIP","floor":20},{"not_picked":["Dropkick","Inflame"],"picked":"Cleave","floor":21},{"not_picked":["Armaments","Twin Strike","Clothesline"],"picked":"SKIP","floor":23},{"not_picked":["Seeing Red","Headbutt","True Grit"],"picked":"SKIP","floor":25},{"not_picked":["Whirlwind","Pommel Strike+1"],"picked":"Offering","floor":27},{"not_picked":["Power Through","Immolate","Shrug It Off"],"picked":"SKIP","floor":30},{"not_picked":["Body Slam","Warcry","Shrug It Off"],"picked":"SKIP","floor":31}],"player_experience":793241,"relics_obtained":[{"floor":7.0,"key":"Ginger"},{"floor":9.0,"key":"Blood Vial"},{"floor":11.0,"key":"Thread and Needle"},{"floor":19,"key":"Red Mask"},{"floor":23,"key":"Potion Belt"},{"floor":25,"key":"Mango"},{"floor":26,"key":"The Courier"},{"floor":30,"key":"Tiny Chest"}],"event_choices":[{"damage_healed":0.0,"max_hp_gain":0.0,"max_hp_loss":0.0,"gold_gain":175.0,"event_name":"Liars Game","player_choice":"AGREE","floor":2.0,"gold_loss":0.0,"damage_taken":0.0,"cards_obtained":["Doubt"]},{"cards_removed":["Fire Breathing"],"damage_healed":0.0,"max_hp_gain":0.0,"max_hp_loss":0.0,"gold_gain":0.0,"event_name":"Golden Wing","player_choice":"Card Removal","floor":4.0,"gold_loss":0.0,"damage_taken":7.0},{"damage_healed":0,"gold_gain":0,"player_choice":"Fought Bandits","damage_taken":0,"max_hp_gain":0,"max_hp_loss":0,"event_name":"Masked Bandits","floor":19,"gold_loss":0},{"damage_healed":0,"gold_gain":0,"player_choice":"Ignored","damage_taken":0,"max_hp_gain":0,"max_hp_loss":0,"event_name":"Vampires","floor":22,"gold_loss":0},{"damage_healed":0,"gold_gain":0,"player_choice":"Ignored","damage_taken":0,"max_hp_gain":0,"max_hp_loss":0,"event_name":"Ghosts","floor":29,"gold_loss":0}],"is_beta":false,"boss_relics":[{"not_picked":["Runic Dome","Coffee Dripper"],"picked":"Sozu"}],"items_purged_floors":[3,12],"is_endless":false,"potions_floor_spawned":[1,5,14,19,20,21],"killed_by":"Collector","ascension_level":1}