{"gold_per_floor":[218,218,231,34,53,53,89,89,167,186,206,206,206],"floor_reached":13,"playtime":441,"items_purged":["Injury"],"score":136,"play_id":"230622d3-3bad-4903-b815-4ef8ab2ba1c8","local_time":"20190420133852","is_ascension_mode":true,"campfire_choices":[{"data":"Loop","floor":6.0,"key":"SMITH"},{"data":"Consume","floor":8.0,"key":"SMITH"},{"floor":12.0,"key":"REST"}],"neow_cost":"NONE","seed_source_timestamp":0,"circlet_count":0,"master_deck":["AscendersBane","Strike_B","Strike_B","Strike_B","Strike_B","Defend_B","Defend_B","Defend_B","Defend_B","Zap","Dualcast","Loop+1","Go for the Eyes","Glacier","Ball Lightning","Conserve Battery","Consume+1","Heatsinks","Auto Shields"],"special_seed":0,"relics":["Cracked Core","Golden Idol","Pen Nib","Mummified Hand"],"potions_floor_usage":[],"damage_taken":[{"damage":3.0,"enemies":"Small Slimes","floor":1.0,"turns":4.0},{"damage":7.0,"enemies":"2 Louse","floor":3.0,"turns":4.0},{"damage":1.0,"enemies":"Cultist","floor":5.0,"turns":4.0},{"damage":18.0,"enemies":"Lagavulin","floor":7.0,"turns":7.0},{"damage":18.0,"enemies":"Exordium Wildlife","floor":10.0,"turns":2.0},{"damage":10.0,"enemies":"Looter","floor":11.0,"turns":3.0},{"damage":0,"enemies":"3 Sentries","floor":13,"turns":1}],"seed_played":"6508607819693345970","potions_obtained":[{"floor":1.0,"key":"Poison Potion"},{"floor":3.0,"key":"Swift Potion"}],"is_trial":false,"path_per_floor":["M","?","M","$","M","R","E","R","T","M","M","R","E"],"character_chosen":"DEFECT","items_purchased":["Glacier","Ball Lightning"],"campfire_rested":1,"item_purchase_floors":[4,4],"current_hp_per_floor":[65,65,58,58,57,57,39,39,39,21,11,33,33],"gold":206,"neow_bonus":"HUNDRED_GOLD","is_prod":false,"is_daily":false,"chose_seed":false,"campfire_upgraded":2,"win_rate":0,"timestamp":1555778332,"path_taken":["M","?","M","$","M","R","E","R","T","M","M","R","E"],"build_version":"2019-01-23","purchased_purges":1,"victory":false,"max_hp_per_floor":[75,75,75,75,75,75,75,75,75,75,75,75,75],"card_choices":[{"not_picked":["Redo","Leap"],"picked":"Loop","floor":1.0},{"not_picked":["Gash","Streamline"],"picked":"Go for the Eyes","floor":3.0},{"not_picked":["Rip and Tear","Melter"],"picked":"Conserve Battery","floor":5.0},{"not_picked":["Sunder","Ball Lightning"],"picked":"Consume","floor":7.0},{"not_picked":["Streamline","Beam Cell"],"picked":"Heatsinks","floor":10.0},{"not_picked":["Hologram","Beam Cell"],"picked":"Auto Shields","floor":11.0}],"player_experience":678429,"relics_obtained":[{"floor":7.0,"key":"Pen Nib"},{"floor":9.0,"key":"Mummified Hand"}],"event_choices":[{"damage_healed":0.0,"max_hp_gain":0.0,"max_hp_loss":0.0,"gold_gain":0.0,"event_name":"Golden Idol","player_choice":"Take Wound","floor":2.0,"gold_loss":0.0,"damage_taken":0.0,"relics_obtained":["Golden Idol"],"cards_obtained":["Injury"]}],"is_beta":false,"boss_relics":[],"items_purged_floors":[4],"is_endless":false,"potions_floor_spawned":[1,3],"killed_by":"3 Sentries","ascension_level":12}