{"gold_per_floor":[119,119,119,134,47,47,74,89,89,89,103,117,127,147,147,218,218,237,255,255,255,255,255,255,266,317,317],"floor_reached":27,"playtime":1000,"items_purged":[],"score":455,"play_id":"0437fb2c-24f3-4596-84bd-a91362044e14","local_time":"20181226160111","is_ascension_mode":true,"campfire_choices":[{"data":"Noxious Fumes","floor":6,"key":"SMITH"},{"data":"Bane","floor":10,"key":"SMITH"},{"floor":15,"key":"REST"},{"floor":23,"key":"REST"},{"data":"Corpse Explosion","floor":24,"key":"SMITH"}],"neow_cost":"TEN_PERCENT_HP_LOSS","seed_source_timestamp":428812796905802,"circlet_count":0,"master_deck":["AscendersBane","Defend_G","Defend_G","Defend_G","Defend_G","Strike_G","Strike_G","Survivor","Neutralize","Dodge and Roll","Bane+1","Noxious Fumes+1","Poisoned Stab","After Image","Corpse Explosion+1","Venomology+1","Tactician+1","Decay","Footwork"],"relics":["Ring of the Snake","Pear","WingedGreaves","Singing Bowl","White Beast Statue","War Paint"],"potions_floor_usage":[12,14,25,25,25],"damage_taken":[{"damage":0,"enemies":"2 Louse","floor":1,"turns":4},{"damage":2,"enemies":"Small Slimes","floor":4,"turns":6},{"damage":31,"enemies":"3 Sentries","floor":7,"turns":8},{"damage":0,"enemies":"Jaw Worm","floor":8,"turns":5},{"damage":9,"enemies":"3 Louse","floor":11,"turns":3},{"damage":0,"enemies":"Exordium Wildlife","floor":12,"turns":5},{"damage":2,"enemies":"Blue Slaver","floor":13,"turns":4},{"damage":10,"enemies":"Gremlin Gang","floor":14,"turns":5},{"damage":33,"enemies":"Hexaghost","floor":16,"turns":9},{"damage":30,"enemies":"Chosen","floor":18,"turns":8},{"damage":16,"enemies":"Shell Parasite","floor":19,"turns":7},{"damage":16,"enemies":"Snecko","floor":25,"turns":8},{"damage":24,"enemies":"Centurion and Healer","floor":27,"turns":3}],"seed_played":"6660903477542600353","potions_obtained":[{"floor":11,"key":"SpeedPotion"},{"floor":12,"key":"Energy Potion"},{"floor":13,"key":"FairyPotion"},{"floor":18,"key":"Explosive Potion"},{"floor":19,"key":"Block Potion"},{"floor":25,"key":"SteroidPotion"}],"is_trial":false,"path_per_floor":["M","?","?","M","$","R","E","M","T","R","M","M","M","M","R","B",null,"M","M","?","?","?","R","R","M","T","M"],"character_chosen":"THE_SILENT","items_purchased":["Noxious Fumes"],"campfire_rested":2,"item_purchase_floors":[5],"current_hp_per_floor":[59,51,56,54,54,54,23,23,23,23,14,16,16,8,32,10,65,37,21,21,21,12,37,37,21,21,0],"gold":317,"neow_bonus":"REMOVE_TWO","is_prod":false,"is_daily":false,"chose_seed":false,"campfire_upgraded":3,"win_rate":0,"timestamp":1545836471,"path_taken":["M","?","?","M","$","R","E","M","T","R","M","M","M","M","R","BOSS","M","M","?","?","?","R","R","M","T","M"],"build_version":"2018-12-20","purchased_purges":0,"victory":false,"max_hp_per_floor":[60,70,75,75,75,75,75,75,75,75,75,77,79,81,81,83,83,85,85,85,85,85,85,85,85,85,85],"card_choices":[{"not_picked":["Deflect","Masterful Stab"],"picked":"Dodge and Roll","floor":1},{"not_picked":["Prepared","Acrobatics"],"picked":"Bane","floor":4},{"not_picked":["Predator","Deflect","Blade Dance"],"picked":"SKIP","floor":7},{"not_picked":["Dagger Spray","Deflect"],"picked":"Poisoned Stab","floor":8},{"not_picked":["Infinite Blades","Sucker Punch"],"picked":"After Image","floor":11},{"not_picked":["Backflip","Cloak And Dagger","Poisoned Stab"],"picked":"Singing Bowl","floor":12},{"not_picked":["Sucker Punch","Flying Knee","Eviscerate"],"picked":"Singing Bowl","floor":13},{"not_picked":["Underhanded Strike","Dagger Spray","Sucker Punch"],"picked":"Singing Bowl","floor":14},{"not_picked":["Unload","Doppelganger","Bullet Time"],"picked":"Singing Bowl","floor":16},{"not_picked":["Bane","Concentrate","Underhanded Strike"],"picked":"Singing Bowl","floor":18},{"not_picked":["Deflect","Cloak And Dagger"],"picked":"Corpse Explosion","floor":19},{"not_picked":["Sucker Punch","Setup"],"picked":"Footwork","floor":25}],"player_experience":1032973,"relics_obtained":[{"floor":7,"key":"WingedGreaves"},{"floor":9,"key":"Singing Bowl"},{"floor":26,"key":"War Paint"}],"event_choices":[{"damage_healed":0,"gold_gain":0,"player_choice":"Success","damage_taken":18,"relics_obtained":["Pear"],"max_hp_gain":0,"max_hp_loss":0,"event_name":"Scrap Ooze","floor":2,"gold_loss":0},{"damage_healed":0,"gold_gain":0,"player_choice":"Donut","damage_taken":0,"max_hp_gain":5,"max_hp_loss":0,"event_name":"Big Fish","floor":3,"gold_loss":0},{"damage_healed":0,"gold_gain":0,"cards_transformed":["Strike_G","Strike_G"],"player_choice":"Became Test Subject","damage_taken":0,"max_hp_gain":0,"max_hp_loss":0,"event_name":"Drug Dealer","floor":20,"gold_loss":0,"cards_obtained":["Venomology","Tactician"]},{"damage_healed":0,"gold_gain":0,"player_choice":"Smashed Altar","damage_taken":0,"max_hp_gain":0,"max_hp_loss":0,"event_name":"Forgotten Altar","floor":21,"gold_loss":0,"cards_obtained":["Decay"]},{"damage_healed":0,"gold_gain":0,"player_choice":"Stopped","damage_taken":9,"max_hp_gain":0,"max_hp_loss":0,"event_name":"Cursed Tome","floor":22,"gold_loss":0}],"is_beta":false,"boss_relics":[{"not_picked":["Ectoplasm","Eternal Feather"],"picked":"White Beast Statue"}],"items_purged_floors":[],"is_endless":false,"potions_floor_spawned":[11,12,13,18,19,25],"killed_by":"Centurion and Healer","ascension_level":20}