{"gold_per_floor":[113,113,113,132,17,43,43,63,135,135,85,85,110,129,129,233,233,252,267,192,207,218,249,249,263,263,275,113,127,127,127,127,228,228,247,247,258,56,156,191,191,191,243,254,268,288,388,403,403,403],"floor_reached":51,"playtime":2884,"items_purged":["Strike_B","Strike_B","Strike_B"],"score":1107,"play_id":"943dbc93-0484-4abf-a6b8-fc0e3907b87b","local_time":"20190419145838","is_ascension_mode":true,"campfire_choices":[{"data":"Coolheaded","floor":7,"key":"SMITH"},{"data":"Consume","floor":10,"key":"SMITH"},{"data":"Zap","floor":15,"key":"SMITH"},{"data":"Coolheaded","floor":24,"key":"SMITH"},{"data":"Hologram","floor":27,"key":"SMITH"},{"data":"Defragment","floor":32,"key":"SMITH"},{"data":"Panacea","floor":42,"key":"SMITH"},{"data":"Biased Cognition","floor":49,"key":"SMITH"}],"neow_cost":"NONE","seed_source_timestamp":4947431637533,"circlet_count":0,"master_deck":["AscendersBane","Defend_B","Defend_B+1","Defend_B","Defend_B","Zap+1","Dualcast","Compile Driver","Coolheaded+1","Gash","Conserve Battery","Go for the Eyes","Consume+1","Steam","Core Surge","Chill+1","Cold Snap","Hologram+1","Coolheaded+1","Ball Lightning","Compile Driver","Ball Lightning+1","Conserve Battery+1","Skim","Gash","Defragment+1","All For One","Steam+1","Capacitor","Biased Cognition+1","BootSequence","Panacea+1"],"relics":["Cracked Core","NeowsBlessing","Meat on the Bone","Peace Pipe","Mercury Hourglass","Ice Cream","Orrery","War Paint","MawBank","Gremlin Horn","Inserter","Calipers","Happy Flower","Orichalcum"],"potions_floor_usage":[23,33,40,50],"damage_taken":[{"damage":0,"enemies":"Jaw Worm","floor":1,"turns":1},{"damage":0,"enemies":"Cultist","floor":4,"turns":1},{"damage":0,"enemies":"Gremlin Nob","floor":6,"turns":1},{"damage":0,"enemies":"Small Slimes","floor":8,"turns":3},{"damage":10,"enemies":"Lagavulin","floor":13,"turns":7},{"damage":9,"enemies":"Gremlin Gang","floor":14,"turns":3},{"damage":51,"enemies":"Hexaghost","floor":16,"turns":12},{"damage":1,"enemies":"Spheric Guardian","floor":18,"turns":3},{"damage":0,"enemies":"3 Byrds","floor":19,"turns":3},{"damage":8,"enemies":"Centurion and Healer","floor":21,"turns":10},{"damage":7,"enemies":"Shelled Parasite and Fungi","floor":22,"turns":6},{"damage":17,"enemies":"Slavers","floor":23,"turns":3},{"damage":2,"enemies":"Sentry and Sphere","floor":25,"turns":5},{"damage":3,"enemies":"Snake Plant","floor":29,"turns":4},{"damage":31,"enemies":"Automaton","floor":33,"turns":9},{"damage":0,"enemies":"3 Shapes","floor":35,"turns":5},{"damage":0,"enemies":"Orb Walker","floor":37,"turns":4},{"damage":7,"enemies":"Mind Bloom Boss Battle","floor":39,"turns":8},{"damage":21,"enemies":"Reptomancer","floor":40,"turns":8},{"damage":0,"enemies":"Transient","floor":44,"turns":5},{"damage":4,"enemies":"3 Darklings","floor":45,"turns":6},{"damage":0,"enemies":"Jaw Worm Horde","floor":46,"turns":6},{"damage":9,"enemies":"4 Shapes","floor":48,"turns":5},{"damage":26,"enemies":"Time Eater","floor":50,"turns":12}],"seed_played":"5945341089501098553","potions_obtained":[{"floor":1,"key":"PowerPotion"},{"floor":13,"key":"PowerPotion"},{"floor":25,"key":"Explosive Potion"},{"floor":35,"key":"FocusPotion"},{"floor":44,"key":"GamblersBrew"}],"is_trial":false,"path_per_floor":["M","?","T","M","$","E","R","M","T","R","?","?","E","M","R","B",null,"M","M","$","M","M","E","R","M","T","R","$","M","?","T","R","B",null,"M","?","M","$","?","E","?","R","T","M","M","M","?","M","R","B",null],"character_chosen":"DEFECT","items_purchased":["Coolheaded","Gash","Conserve Battery","Defragment","Capacitor"],"campfire_rested":0,"item_purchase_floors":[5,5,5,28,38],"current_hp_per_floor":[68,73,73,73,73,73,73,73,73,73,73,73,63,54,54,15,64,63,63,63,55,48,43,43,41,41,41,41,50,35,35,35,16,68,68,68,68,68,61,52,52,52,52,52,48,48,48,51,51,37],"gold":403,"neow_bonus":"THREE_ENEMY_KILL","is_prod":false,"is_daily":false,"chose_seed":false,"campfire_upgraded":8,"win_rate":0,"timestamp":1555696718,"path_taken":["M","?","?","?","$","E","R","?","T","R","?","?","E","M","R","BOSS","M","?","$","M","M","E","R","M","T","R","$","M","?","?","R","BOSS","M","?","M","$","?","E","?","R","T","M","?","?","?","M","R","BOSS"],"build_version":"2019-01-23","purchased_purges":3,"victory":true,"max_hp_per_floor":[75,80,80,80,80,80,80,80,80,80,80,80,80,80,80,80,80,80,80,80,80,80,80,80,80,80,80,80,80,85,85,85,85,85,85,85,85,85,85,85,85,85,85,85,85,85,85,85,85,85],"card_choices":[{"not_picked":["Aggregate","Redo","Go for the Eyes"],"picked":"SKIP","floor":1},{"not_picked":["Rip and Tear","Blizzard"],"picked":"Compile Driver","floor":4},{"not_picked":["Rebound","Loop"],"picked":"Go for the Eyes","floor":6},{"not_picked":["Leap","Stack"],"picked":"Consume","floor":8},{"not_picked":["Stack","Rebound"],"picked":"Steam","floor":13},{"not_picked":["Go for the Eyes","Redo","Streamline"],"picked":"SKIP","floor":14},{"not_picked":["Amplify","Meteor Strike"],"picked":"Core Surge","floor":16},{"not_picked":["Lockon","Turbo"],"picked":"Chill","floor":17},{"not_picked":["Go for the Eyes","Stack"],"picked":"Cold Snap","floor":17},{"not_picked":["Turbo","Skim"],"picked":"Hologram","floor":17},{"not_picked":["Self Repair","Compile Driver"],"picked":"Coolheaded","floor":17},{"not_picked":["Static Discharge","Stack"],"picked":"Ball Lightning","floor":17},{"not_picked":["Storm+1","Leap"],"picked":"Compile Driver","floor":18},{"not_picked":["Fission","Reprogram"],"picked":"Ball Lightning+1","floor":19},{"not_picked":["Reprogram","Barrage+1"],"picked":"Conserve Battery+1","floor":21},{"not_picked":["Streamline+1","Chaos","Blizzard"],"picked":"SKIP","floor":22},{"not_picked":["Consume","Streamline+1"],"picked":"Skim","floor":23},{"not_picked":["Stack+1","Double Energy+1"],"picked":"Gash","floor":25},{"not_picked":["Chaos","Steam","Chill+1"],"picked":"SKIP","floor":29},{"not_picked":["Hyperbeam","Machine Learning"],"picked":"All For One","floor":33},{"not_picked":["Leap+1","Coolheaded"],"picked":"Steam+1","floor":35},{"not_picked":["Ball Lightning","Self Repair","Barrage+1"],"picked":"SKIP","floor":37},{"not_picked":["Stack","Auto Shields+1"],"picked":"Biased Cognition","floor":39},{"not_picked":["Barrage","Beam Cell"],"picked":"BootSequence","floor":40},{"not_picked":["Madness","Flash of Steel"],"picked":"Panacea","floor":41},{"not_picked":["Sweeping Beam","Redo+1","Streamline"],"picked":"SKIP","floor":44},{"not_picked":["Buffer","Auto Shields","Rebound"],"picked":"SKIP","floor":45},{"not_picked":["Go for the Eyes","Stack","Melter"],"picked":"SKIP","floor":46},{"not_picked":["Coolheaded","Leap+1","Rebound+1"],"picked":"SKIP","floor":48}],"player_experience":668498,"relics_obtained":[{"floor":3,"key":"Meat on the Bone"},{"floor":6,"key":"Peace Pipe"},{"floor":9,"key":"Mercury Hourglass"},{"floor":13,"key":"Ice Cream"},{"floor":23,"key":"War Paint"},{"floor":26,"key":"MawBank"},{"floor":31,"key":"Gremlin Horn"},{"floor":39,"key":"Calipers"},{"floor":40,"key":"Happy Flower"},{"floor":43,"key":"Orichalcum"}],"event_choices":[{"damage_healed":0,"gold_gain":0,"player_choice":"Donut","damage_taken":0,"max_hp_gain":5,"max_hp_loss":0,"event_name":"Big Fish","floor":2,"gold_loss":0},{"cards_removed":["Strike_B"],"damage_healed":0,"gold_gain":0,"player_choice":"Card Removal","damage_taken":0,"max_hp_gain":0,"max_hp_loss":0,"event_name":"The Cleric","floor":11,"gold_loss":50},{"damage_healed":0,"gold_gain":0,"player_choice":"Bought 0 Potions","damage_taken":0,"max_hp_gain":0,"max_hp_loss":0,"event_name":"The Woman in Blue","floor":12,"gold_loss":0},{"damage_healed":0,"gold_gain":0,"player_choice":"Shed Blood","damage_taken":20,"max_hp_gain":5,"max_hp_loss":0,"event_name":"Forgotten Altar","floor":30,"gold_loss":0},{"damage_healed":0,"gold_gain":0,"player_choice":"Ignored","damage_taken":0,"max_hp_gain":0,"max_hp_loss":0,"event_name":"Tomb of Lord Red Mask","floor":36,"gold_loss":0},{"damage_healed":0,"gold_gain":0,"player_choice":"Fight","damage_taken":0,"max_hp_gain":0,"max_hp_loss":0,"event_name":"MindBloom","floor":39,"gold_loss":0},{"damage_healed":0,"gold_gain":0,"player_choice":"Memory 1","damage_taken":0,"max_hp_gain":0,"max_hp_loss":0,"event_name":"SensoryStone","floor":41,"gold_loss":0},{"damage_healed":0,"gold_gain":100,"player_choice":"Pray","damage_taken":0,"max_hp_gain":0,"max_hp_loss":0,"event_name":"Golden Shrine","floor":47,"gold_loss":0}],"is_beta":false,"boss_relics":[{"not_picked":["Coffee Dripper","Velvet Choker"],"picked":"Orrery"},{"not_picked":["Empty Cage","FrozenCore"],"picked":"Inserter"}],"items_purged_floors":[20,28,38],"is_endless":false,"potions_floor_spawned":[1,13,22,25,29,35,37,39,44,48],"ascension_level":11}