{"gold_per_floor":[111,111,111,128,142,169,131,131,131,131,150,167,201,201,201,303,303,322,347,262,275,275],"floor_reached":22,"playtime":1371,"items_purged":[],"score":194,"play_id":"c4292d36-c6ff-420f-af1d-b1f5dd6ca554","local_time":"20180717093509","is_ascension_mode":false,"campfire_choices":[{"data":"Riddle With Holes","floor":8,"key":"SMITH"},{"floor":15,"key":"REST"}],"neow_cost":"CURSE","seed_source_timestamp":63273915455699,"circlet_count":0,"master_deck":["Defend_G","Defend_G","Defend_G","Strike_G","Strike_G","Strike_G","Strike_G+1","Survivor","Neutralize","Dagger Throw+1","Riddle With Holes+1","Bouncing Flask","Riddle With Holes","Dagger Throw","Noxious Fumes","Outmaneuver","Dagger Spray","Dodge and Roll","Caltrops","Venomology","Deadly Poison+1","Noxious Fumes+1"],"relics":["Ring of the Snake","Ornamental Fan","Shuriken","Regal Pillow","Cursed Key","Red Mask","Centennial Puzzle"],"potions_floor_usage":[16,16,18,19,19],"damage_taken":[{"damage":5,"enemies":"Jaw Worm","floor":1,"turns":4},{"damage":4,"enemies":"Small Slimes","floor":4,"turns":3},{"damage":1,"enemies":"Cultist","floor":5,"turns":3},{"damage":8,"enemies":"Gremlin Nob","floor":6,"turns":4},{"damage":1,"enemies":"Large Slime","floor":11,"turns":4},{"damage":4,"enemies":"Blue Slaver","floor":12,"turns":3},{"damage":9,"enemies":"3 Sentries","floor":13,"turns":6},{"damage":40,"enemies":"Slime Boss","floor":16,"turns":9},{"damage":4,"enemies":"3 Byrds","floor":18,"turns":5},{"damage":36,"floor":19,"turns":5},{"damage":14,"enemies":"Spheric Guardian","floor":21,"turns":4},{"damage":16,"enemies":"Centurion and Healer","floor":22,"turns":4}],"seed_played":"322050575119747781","potions_obtained":[{"floor":1,"key":"LiquidBronze"},{"floor":4,"key":"SteroidPotion"},{"floor":5,"key":"Block Potion"},{"floor":16,"key":"EssenceOfSteel"},{"floor":18,"key":"SmokeBomb"}],"is_trial":false,"path_per_floor":["M","?","?","M","M","E","$","R","T","$","M","M","E","?","R","B",null,"M","?","?","M"],"character_chosen":"THE_SILENT","items_purchased":["Noxious Fumes"],"campfire_rested":1,"item_purchase_floors":[7],"current_hp_per_floor":[65,51,44,40,39,31,31,31,31,31,30,26,17,17,53,13,70,66,30,30,16,0],"gold":275,"neow_bonus":"TRANSFORM_TWO_CARDS","is_prod":false,"is_daily":false,"chose_seed":false,"campfire_upgraded":1,"win_rate":0,"timestamp":1531812909,"path_taken":["M","?","?","M","M","E","$","R","T","?","M","?","E","?","R","BOSS","M","?","?","M","M"],"build_version":"2018-07-12","purchased_purges":0,"victory":false,"max_hp_per_floor":[70,70,70,70,70,70,70,70,70,70,70,70,70,70,70,70,70,70,70,70,70,70],"card_choices":[{"not_picked":["Catalyst","Backflip"],"picked":"Bouncing Flask","floor":1},{"not_picked":["Finisher","Accuracy","Predator"],"picked":"SKIP","floor":4},{"not_picked":["Well Laid Plans","Escape Plan"],"picked":"Riddle With Holes","floor":5},{"not_picked":["Bane","Outmaneuver"],"picked":"Dagger Throw","floor":6},{"not_picked":["Dodge and Roll","Distraction"],"picked":"Outmaneuver","floor":11},{"not_picked":["PiercingWail","Blur"],"picked":"Dagger Spray","floor":12},{"not_picked":["Bouncing Flask","Sucker Punch"],"picked":"Dodge and Roll","floor":13},{"not_picked":["Doppelganger","Bullet Time"],"picked":"Venomology","floor":16},{"not_picked":["Prepared","Quick Slash"],"picked":"Deadly Poison+1","floor":18},{"not_picked":["Sucker Punch+1","Flying Knee"],"picked":"Noxious Fumes+1","floor":19},{"not_picked":["Escape Plan","Heel Hook","Well Laid Plans+1"],"picked":"SKIP","floor":21}],"player_experience":109960,"relics_obtained":[{"floor":6,"key":"Ornamental Fan"},{"floor":9,"key":"Shuriken"},{"floor":13,"key":"Regal Pillow"},{"floor":19,"key":"Red Mask"}],"event_choices":[{"event_name":"Shining Light","player_choice":"Entered Light","floor":2,"damage_taken":0},{"event_name":"Golden Wing","player_choice":"Card Removal","floor":3,"damage_taken":0},{"event_name":"Living Wall","player_choice":"Change","floor":14,"damage_taken":0},{"event_name":"Masked Bandits","player_choice":"Fought over 322 gold","floor":19,"damage_taken":0},{"event_name":"Addict","player_choice":"Obtained Relic","floor":20,"damage_taken":0}],"boss_relics":[{"not_picked":["Snecko Eye","Philosopher\u0027s Stone"],"picked":"Cursed Key"}],"items_purged_floors":[],"is_endless":false,"potions_floor_spawned":[1,4,5,16,18],"killed_by":"Centurion and Healer","ascension_level":0}