{"gold_per_floor":[116,130,14,14,24,24,59,59,59,59,74,108,108,28,28,100,100,116,128,128],"floor_reached":20,"playtime":709,"items_purged":["Writhe","Strike_G"],"score":364,"play_id":"aa120cd0-620f-4d7f-b6a3-aacbd4636666","local_time":"20190410134856","is_ascension_mode":true,"campfire_choices":[{"data":"Noxious Fumes","floor":6.0,"key":"SMITH"},{"data":"Deadly Poison","floor":8.0,"key":"SMITH"},{"data":"Crippling Poison","floor":10.0,"key":"SMITH"},{"data":"Caltrops","floor":13.0,"key":"SMITH"},{"floor":15.0,"key":"REST"}],"neow_cost":"CURSE","seed_source_timestamp":0,"circlet_count":0,"master_deck":["AscendersBane","Defend_G","Defend_G","Defend_G","Defend_G","Defend_G","Strike_G","Strike_G","Strike_G","Strike_G","Survivor","Neutralize","Crippling Poison+1","Deadly Poison+1","Noxious Fumes+1","Backstab","Caltrops+1","Escape Plan","Adrenaline","PiercingWail","Footwork"],"special_seed":0,"relics":["Ring of the Snake","StoneCalendar","Question Card","The Courier","Peace Pipe","Snecko Eye"],"potions_floor_usage":[],"damage_taken":[{"damage":2.0,"enemies":"Jaw Worm","floor":1.0,"turns":6.0},{"damage":0.0,"enemies":"Cultist","floor":2.0,"turns":4.0},{"damage":0.0,"enemies":"2 Louse","floor":5.0,"turns":3.0},{"damage":22.0,"enemies":"Lagavulin","floor":7.0,"turns":6.0},{"damage":4.0,"enemies":"Blue Slaver","floor":11.0,"turns":4.0},{"damage":16.0,"enemies":"3 Sentries","floor":12.0,"turns":6.0},{"damage":24.0,"enemies":"The Guardian","floor":16.0,"turns":9.0},{"damage":38,"enemies":"Shell Parasite","floor":18,"turns":7},{"damage":5,"enemies":"3 Byrds","floor":19,"turns":3},{"damage":14,"enemies":"3 Cultists","floor":20,"turns":3}],"seed_played":"-1480846814947839859","potions_obtained":[{"floor":1.0,"key":"FearPotion"},{"floor":11.0,"key":"FearPotion"}],"is_trial":false,"path_per_floor":["M","M","$","?","M","R","E","R","T","R","M","E","R","$","R","B",null,"M","M","M"],"character_chosen":"THE_SILENT","items_purchased":["Noxious Fumes"],"campfire_rested":1,"item_purchase_floors":[3],"current_hp_per_floor":[57,57,57,57,57,57,35,35,35,35,31,15,15,15,34,10,52,14,9,0],"gold":128,"neow_bonus":"ONE_RARE_RELIC","is_prod":false,"is_daily":false,"chose_seed":false,"campfire_upgraded":4,"win_rate":0,"timestamp":1554896936,"path_taken":["M","M","$","?","?","R","E","R","T","R","M","E","R","$","R","BOSS","M","M","?"],"build_version":"2019-01-23","purchased_purges":2,"victory":false,"max_hp_per_floor":[66,66,66,66,66,66,66,66,66,66,66,66,66,66,66,66,66,66,66,66],"card_choices":[{"not_picked":["Flying Knee","Blade Dance"],"picked":"Crippling Poison","floor":1.0},{"not_picked":["Flying Knee","Outmaneuver"],"picked":"Deadly Poison","floor":2.0},{"not_picked":["Quick Slash","Bane"],"picked":"Backstab","floor":5.0},{"not_picked":["Reflex","Deflect"],"picked":"Caltrops","floor":7.0},{"not_picked":["Blade Dance","Infinite Blades","Cloak And Dagger","Acrobatics"],"picked":"SKIP","floor":11.0},{"not_picked":["Eviscerate","Terror","Poisoned Stab"],"picked":"Escape Plan","floor":12.0},{"not_picked":["Venomology","After Image","Doppelganger"],"picked":"Adrenaline","floor":16.0},{"not_picked":["Flying Knee","Deadly Poison","All Out Attack"],"picked":"PiercingWail","floor":18},{"not_picked":["Infinite Blades+1","Slice","Underhanded Strike"],"picked":"Footwork","floor":19}],"player_experience":1435207,"relics_obtained":[{"floor":7.0,"key":"Question Card"},{"floor":9.0,"key":"The Courier"},{"floor":12.0,"key":"Peace Pipe"}],"event_choices":[{"damage_healed":0.0,"max_hp_gain":0.0,"max_hp_loss":0.0,"gold_gain":0.0,"event_name":"Match and Keep!","player_choice":"0 cards matched","floor":4.0,"gold_loss":0.0,"damage_taken":0.0,"cards_obtained":[]}],"is_beta":false,"boss_relics":[{"not_picked":["WristBlade","Lizard Tail"],"picked":"Snecko Eye"}],"items_purged_floors":[3,14],"is_endless":false,"potions_floor_spawned":[1,11,18],"killed_by":"3 Cultists","ascension_level":20}