{"gold_per_floor":[110,125,141,141,156,185,185,210,210,26,36,56,71,103,103,205,205,219,219,229,240,145,162,196,209,209,239,251,178,206,42,42,141,141,152,166,105,0,16,43,43,68,68,83,83,98,98,111,111,111],"floor_reached":51,"playtime":3470,"items_purged":["Normality"],"score":978,"play_id":"a5a7df19-7c5b-4b7b-9749-2ac358e0b601","local_time":"20180803154042","is_ascension_mode":true,"campfire_choices":[{"floor":7,"key":"REST"},{"floor":15,"key":"REST"},{"floor":28,"key":"REST"},{"floor":32,"key":"REST"},{"data":"Adrenaline","floor":41,"key":"SMITH"},{"floor":47,"key":"REST"},{"data":"Neutralize","floor":49,"key":"SMITH"}],"neow_cost":"NONE","seed_source_timestamp":596266012103729,"circlet_count":0,"master_deck":["Defend_G","Defend_G","Defend_G","Defend_G","Defend_G","Strike_G","Strike_G","Strike_G","Strike_G","Strike_G+1","Survivor","Neutralize+1","Slice+1","PiercingWail","Dodge and Roll","Terror","Skewer+1","All Out Attack+1","Dash+1","Finisher+1","Dash+1","Noxious Fumes","Crippling Poison+1","Dagger Throw+1","Underhanded Strike+1","Dodge and Roll","Deadly Poison","Deadly Poison","Predator+1","Footwork+1","Poisoned Stab+1","Adrenaline+1","Eviscerate+1","Endless Agony+1","Reflex+1","Infinite Blades+1","Deflect+1","Pain","Endless Agony+1","Bane+1"],"relics":["Busted Crown","Molten Egg 2","Sundial","Matryoshka","Anchor","Bottled Lightning","Bag of Preparation","Bag of Marbles","Cursed Key","Whetstone","Snake Skull","Blue Candle","MawBank","Ninja Scroll","WristBlade","Regal Pillow","Red Mask","Bronze Scales","Bottled Tornado","Pear"],"potions_floor_usage":[6,14,20,24,24,27,27,42,42,50,50],"damage_taken":[{"damage":6,"enemies":"Jaw Worm","floor":1,"turns":5},{"damage":0,"enemies":"Small Slimes","floor":2,"turns":3},{"damage":0,"enemies":"Cultist","floor":3,"turns":4},{"damage":7,"enemies":"Lots of Slimes","floor":5,"turns":7},{"damage":29,"enemies":"Gremlin Nob","floor":6,"turns":5},{"damage":2,"enemies":"Lagavulin","floor":8,"turns":6},{"damage":0,"enemies":"Exordium Wildlife","floor":11,"turns":2},{"damage":6,"enemies":"Gremlin Gang","floor":12,"turns":4},{"damage":0,"enemies":"Looter","floor":13,"turns":2},{"damage":0,"enemies":"Gremlin Nob","floor":14,"turns":2},{"damage":4,"enemies":"The Guardian","floor":16,"turns":6},{"damage":19,"enemies":"3 Byrds","floor":18,"turns":5},{"damage":0,"enemies":"Spheric Guardian","floor":20,"turns":4},{"damage":0,"enemies":"Snake Plant","floor":21,"turns":3},{"damage":8,"enemies":"Centurion and Healer","floor":23,"turns":4},{"damage":0,"enemies":"Slavers","floor":24,"turns":5},{"damage":0,"enemies":"3 Cultists","floor":25,"turns":3},{"damage":28,"enemies":"Gremlin Leader","floor":27,"turns":5},{"damage":21,"enemies":"Snake Plant","floor":30,"turns":4},{"damage":33,"enemies":"Automaton","floor":33,"turns":8},{"damage":0,"enemies":"Flame Bruiser 1 Orb","floor":35,"turns":5},{"damage":0,"enemies":"3 Darklings","floor":36,"turns":3},{"damage":0,"enemies":"Sphere and 2 Shapes","floor":39,"turns":3},{"damage":6,"enemies":"2 Orb Walkers","floor":40,"turns":4},{"damage":5,"enemies":"Giant Head","floor":42,"turns":6},{"damage":4,"enemies":"4 Shapes","floor":44,"turns":4},{"damage":27,"enemies":"Transient","floor":46,"turns":5},{"damage":2,"enemies":"Flame Bruiser 2 Orb","floor":48,"turns":5},{"damage":34,"enemies":"Donu and Deca","floor":50,"turns":7}],"seed_played":"8966027196899638129","potions_obtained":[{"floor":2,"key":"SteroidPotion"},{"floor":11,"key":"AttackPotion"},{"floor":13,"key":"FairyPotion"},{"floor":14,"key":"Swift Potion"},{"floor":16,"key":"SteroidPotion"},{"floor":18,"key":"GhostInAJar"},{"floor":21,"key":"GhostInAJar"},{"floor":25,"key":"EssenceOfSteel"},{"floor":33,"key":"AttackPotion"},{"floor":35,"key":"FearPotion"},{"floor":36,"key":"EssenceOfSteel"},{"floor":40,"key":"GhostInAJar"},{"floor":44,"key":"SneckoOil"},{"floor":48,"key":"Dexterity Potion"}],"is_trial":false,"path_per_floor":["M","M","M","?","M","E","R","E","T","$","M","M","M","E","R","B",null,"M","?","M","M","$","M","E","M","T","E","R","?","M","$","R","B",null,"M","M","?","?","M","E","R","E","T","M","?","M","R","M","R","B"],"character_chosen":"THE_SILENT","items_purchased":["Dash+1","Bag of Preparation","Dagger Throw+1","Underhanded Strike+1","Footwork","Poisoned Stab+1"],"campfire_rested":5,"item_purchase_floors":[10,10,22,22,31,31],"current_hp_per_floor":[64,64,64,57,50,21,42,40,40,40,40,34,34,34,55,51,70,51,51,51,51,51,43,43,43,43,15,36,36,15,15,36,3,70,70,70,70,70,70,64,64,59,69,65,65,38,77,75,75,41],"gold":111,"neow_bonus":"BOSS_RELIC","is_prod":false,"is_daily":false,"chose_seed":false,"campfire_upgraded":2,"win_rate":0,"timestamp":1533303642,"path_taken":["M","M","M","?","M","E","R","E","T","$","M","M","?","E","R","BOSS","M","?","M","M","$","M","E","M","T","E","R","?","?","$","R","BOSS","M","M","?","?","M","E","R","E","T","?","?","M","R","M","R","BOSS"],"build_version":"2018-08-02","purchased_purges":1,"victory":true,"max_hp_per_floor":[70,70,70,70,70,70,70,70,70,70,70,70,70,70,70,70,70,70,70,70,70,70,70,70,70,70,70,70,70,70,70,70,70,70,70,70,70,70,70,70,70,70,80,80,80,80,80,80,80,80],"card_choices":[{"not_picked":[],"picked":"Slice","floor":1},{"not_picked":[],"picked":"PiercingWail","floor":2},{"not_picked":[],"picked":"Dodge and Roll","floor":3},{"not_picked":[],"picked":"Terror","floor":5},{"not_picked":[],"picked":"Skewer+1","floor":6},{"not_picked":[],"picked":"All Out Attack+1","floor":8},{"not_picked":[],"picked":"Finisher+1","floor":11},{"not_picked":[],"picked":"Dash+1","floor":12},{"not_picked":["Catalyst"],"picked":"SKIP","floor":13},{"not_picked":[],"picked":"Noxious Fumes","floor":14},{"not_picked":["PiercingWail"],"picked":"SKIP","floor":18},{"not_picked":[],"picked":"Crippling Poison+1","floor":20},{"not_picked":["Calculated Gamble"],"picked":"SKIP","floor":21},{"not_picked":[],"picked":"Dodge and Roll","floor":23},{"not_picked":[],"picked":"Deadly Poison","floor":24},{"not_picked":["Reflex"],"picked":"SKIP","floor":25},{"not_picked":[],"picked":"Deadly Poison","floor":27},{"not_picked":[],"picked":"Predator+1","floor":30},{"not_picked":[],"picked":"Adrenaline","floor":33},{"not_picked":[],"picked":"Eviscerate+1","floor":35},{"not_picked":[],"picked":"Endless Agony+1","floor":36},{"not_picked":["Reflex+1"],"picked":"SKIP","floor":39},{"not_picked":[],"picked":"Reflex+1","floor":39},{"not_picked":[],"picked":"Infinite Blades+1","floor":40},{"not_picked":[],"picked":"Deflect+1","floor":42},{"not_picked":[],"picked":"Endless Agony+1","floor":44},{"not_picked":["Dodge and Roll"],"picked":"SKIP","floor":46},{"not_picked":[],"picked":"Bane+1","floor":48}],"player_experience":217497,"relics_obtained":[{"floor":6,"key":"Sundial"},{"floor":8,"key":"Matryoshka"},{"floor":9,"key":"Anchor"},{"floor":9,"key":"Bottled Lightning"},{"floor":14,"key":"Bag of Marbles"},{"floor":24,"key":"Whetstone"},{"floor":26,"key":"Snake Skull"},{"floor":26,"key":"Blue Candle"},{"floor":27,"key":"MawBank"},{"floor":40,"key":"Bronze Scales"},{"floor":42,"key":"Bottled Tornado"},{"floor":43,"key":"Pear"}],"event_choices":[{"event_name":"Scrap Ooze","player_choice":"success","floor":4,"damage_taken":7},{"event_name":"FaceTrader","player_choice":"Leave","floor":19,"damage_taken":0},{"event_name":"Addict","player_choice":"Obtained Relic","floor":29,"damage_taken":0},{"event_name":"WeMeetAgain","player_choice":"Gold","floor":37,"damage_taken":0},{"event_name":"Tomb of Lord Red Mask","player_choice":"Paid","floor":38,"damage_taken":0},{"event_name":"Accursed Blacksmith","player_choice":"Forge","floor":45,"damage_taken":0}],"is_beta":false,"boss_relics":[{"not_picked":["Pandora\u0027s Box","White Beast Statue"],"picked":"Cursed Key"},{"not_picked":["Orrery","Black Star"],"picked":"WristBlade"}],"items_purged_floors":[31],"is_endless":false,"potions_floor_spawned":[2,11,13,14,16,18,21,25,33,35,36,40,44,48],"ascension_level":4}