{"path_per_floor":["M","M","M","?","M","E","T","M","T"],"character_chosen":"THE_SILENT","items_purchased":[],"gold_per_floor":[117,131,146,146,166,236,236,249,249,249],"floor_reached":10,"campfire_rested":0,"playtime":1517,"item_purchase_floors":[],"current_hp_per_floor":[66,64,64,64,64,33,33,31,31,0],"items_purged":[],"gold":249,"score":70,"play_id":"d7b22fb2-d599-4053-bc44-dc4f17bbafce","local_time":"20180613213149","is_prod":false,"is_daily":false,"chose_seed":false,"is_ascension_mode":false,"campfire_upgraded":0,"win_rate":0,"timestamp":1528939909,"campfire_choices":[],"path_taken":["M","M","M","?","M","E","?","M","T","E"],"build_version":"2018-06-07v3","seed_source_timestamp":685947338297852,"purchased_purges":0,"victory":false,"master_deck":["Defend_G","Defend_G","Defend_G","Defend_G","Defend_G","Strike_G","Strike_G","Strike_G","Strike_G","Strike_G","Survivor","Neutralize","Flying Knee","Flying Knee","Eviscerate","Injury","Terror","A Thousand Cuts"],"max_hp_per_floor":[70,70,70,70,70,70,70,70,70,70],"relics":["Ring of the Snake","Golden Idol","Tiny Chest","Bottled Flame","Toxic Egg 2"],"card_choices":[{"not_picked":["Concentrate","Finisher"],"picked":"Flying Knee","floor":1},{"not_picked":["Sucker Punch","Dagger Spray"],"picked":"Flying Knee","floor":2},{"not_picked":["Prepared","Riddle With Holes"],"picked":"Eviscerate","floor":3},{"not_picked":["Cloak And Dagger","Dagger Throw"],"picked":"Terror","floor":5},{"not_picked":["Deflect","Predator"],"picked":"A Thousand Cuts","floor":6},{"not_picked":["Dagger Spray","Outmaneuver","Poisoned Stab"],"picked":"SKIP","floor":8}],"player_experience":513072,"potions_floor_usage":[10,10],"damage_taken":[{"damage":4,"enemies":"Cultist","floor":1,"turns":5},{"damage":2,"enemies":"Small Slimes","floor":2,"turns":4},{"damage":0,"enemies":"2 Louse","floor":3,"turns":3},{"damage":0,"enemies":"Exordium Wildlife","floor":5,"turns":5},{"damage":31,"enemies":"Gremlin Nob","floor":6,"turns":5},{"damage":2,"enemies":"Looter","floor":8,"turns":5},{"damage":31,"enemies":"3 Sentries","floor":10,"turns":8}],"relics_obtained":[{"floor":6,"key":"Tiny Chest"},{"floor":7,"key":"Bottled Flame"},{"floor":9,"key":"Toxic Egg 2"}],"event_choices":[{"event_name":"Golden Idol","player_choice":"Take Wound","floor":4,"damage_taken":0}],"boss_relics":[],"items_purged_floors":[],"potions_floor_spawned":[3,6],"seed_played":"7242981478216758618","killed_by":"3 Sentries","ascension_level":0,"potions_obtained":[{"floor":3,"key":"Poison Potion"},{"floor":6,"key":"Weak Potion"}],"is_trial":false}