{"path_per_floor":["M","M","?","?","M","E","R","$","T","M","?","E","$","T","R","B",null,"M","M","?","?","?","E","R","$","T","E","$","?","M","M","R"],"character_chosen":"IRONCLAD","items_purchased":["Rupture","Flame Barrier","Clothesline","Infernal Blade","Ornamental Fan","Spot Weakness","Bandage Up"],"gold_per_floor":[15,33,108,108,126,157,157,1,1,20,20,45,7,7,7,108,108,122,140,140,65,65,391,391,56,109,142,40,40,50,62,62,62],"floor_reached":33,"campfire_rested":2,"playtime":1560,"item_purchase_floors":[8,8,8,13,25,25,28],"current_hp_per_floor":[96,96,85,85,89,73,73,73,73,56,88,81,81,81,81,62,96,90,96,96,96,90,24,52,52,52,39,39,23,25,8,36,0],"items_purged":[],"gold":62,"score":316,"play_id":"d81b0c39-d9c2-426e-85e9-43adb547473e","local_time":"20180623204630","is_prod":false,"is_daily":false,"chose_seed":false,"is_ascension_mode":false,"campfire_upgraded":2,"win_rate":0,"timestamp":1529811990,"campfire_choices":[{"data":"Clothesline","floor":7,"key":"SMITH"},{"data":"Infernal Blade","floor":15,"key":"SMITH"},{"floor":24,"key":"REST"},{"floor":32,"key":"REST"}],"path_taken":["M","M","?","?","?","E","R","$","T","M","?","E","?","?","R","BOSS","M","M","?","?","?","E","R","$","T","E","?","?","M","M","R","BOSS"],"build_version":"2018-06-21","seed_source_timestamp":733058361505678,"purchased_purges":0,"circlet_count":0,"victory":false,"master_deck":["Strike_R","Strike_R","Strike_R","Defend_R","Defend_R","Defend_R","Defend_R","Bash","Clothesline+1","Dropkick","Demon Form","Inflame","Thunderclap","Rupture","Flame Barrier","Clothesline","Sword Boomerang","Pummel","Infernal Blade+1","Juggernaut+1","Fire Breathing+1","Inflame+1","RitualDagger","Fire Breathing+1","Spot Weakness","Battle Trance+1","Bandage Up"],"max_hp_per_floor":[96,96,96,96,96,96,96,96,96,96,96,96,96,96,96,96,96,96,96,96,96,96,96,96,96,96,96,96,96,96,96,96,96],"relics":["Burning Blood","Toolbox","Kunai","Frozen Egg 2","Sundial","Runic Pyramid","Omamori","Old Coin","Ornamental Fan","Bag of Marbles","Centennial Puzzle","Enchiridion"],"card_choices":[{"not_picked":["Thunderclap","Sword Boomerang"],"picked":"Clothesline","floor":1},{"not_picked":["Sword Boomerang","Havoc"],"picked":"Dropkick","floor":2},{"not_picked":["Flex","Iron Wave"],"picked":"Inflame","floor":5},{"not_picked":["Headbutt","True Grit"],"picked":"Thunderclap","floor":6},{"not_picked":["Sever Soul","True Grit"],"picked":"Sword Boomerang","floor":10},{"not_picked":["Burning Pact","Anger"],"picked":"Pummel","floor":12},{"not_picked":["Immolate","Bludgeon"],"picked":"Juggernaut+1","floor":16},{"not_picked":["Spot Weakness","Ghostly Armor+1"],"picked":"Fire Breathing+1","floor":18},{"not_picked":["Havoc+1","Second Wind+1"],"picked":"Inflame+1","floor":19},{"not_picked":["Thunderclap","Shrug It Off"],"picked":"Fire Breathing+1","floor":23},{"not_picked":["Feel No Pain+1","Entrench+1"],"picked":"Battle Trance+1","floor":27},{"not_picked":["Shrug It Off","Thunderclap","Body Slam"],"picked":"SKIP","floor":30},{"not_picked":["Armaments","Burning Pact","True Grit"],"picked":"SKIP","floor":31}],"player_experience":172717,"potions_floor_usage":[6,12,18,23,27,27,30],"damage_taken":[{"damage":5,"enemies":"2 Louse","floor":1,"turns":3},{"damage":6,"enemies":"Jaw Worm","floor":2,"turns":4},{"damage":2,"enemies":"Small Slimes","floor":5,"turns":3},{"damage":22,"enemies":"3 Sentries","floor":6,"turns":8},{"damage":23,"enemies":"3 Louse","floor":10,"turns":4},{"damage":13,"enemies":"Lagavulin","floor":12,"turns":7},{"damage":25,"enemies":"The Guardian","floor":16,"turns":11},{"damage":12,"enemies":"Shell Parasite","floor":18,"turns":5},{"damage":0,"enemies":"Spheric Guardian","floor":19,"turns":3},{"damage":72,"enemies":"Gremlin Leader","floor":23,"turns":10},{"damage":19,"enemies":"Slavers","floor":27,"turns":5},{"damage":8,"enemies":"Snecko","floor":30,"turns":4},{"damage":23,"enemies":"Centurion and Healer","floor":31,"turns":4},{"damage":41,"enemies":"Collector","floor":33,"turns":3}],"relics_obtained":[{"floor":6,"key":"Toolbox"},{"floor":9,"key":"Kunai"},{"floor":12,"key":"Frozen Egg 2"},{"floor":14,"key":"Sundial"},{"floor":23,"key":"Old Coin"},{"floor":26,"key":"Bag of Marbles"},{"floor":27,"key":"Centennial Puzzle"},{"floor":29,"key":"Enchiridion"}],"event_choices":[{"event_name":"World of Goop","player_choice":"Gather Gold","floor":3,"damage_taken":0},{"event_name":"Transmorgrifier","player_choice":"Transform","floor":4,"damage_taken":0},{"event_name":"Big Fish","player_choice":"Banana","floor":11,"damage_taken":0},{"event_name":"The Mausoleum","player_choice":"Yes","floor":20,"damage_taken":0},{"event_name":"Beggar","player_choice":"Gave Gold","floor":21,"damage_taken":0},{"event_name":"Nest","player_choice":"Joined the Cult","floor":22,"damage_taken":0},{"event_name":"Cursed Tome","player_choice":"Obtained Book","floor":29,"damage_taken":0}],"boss_relics":[{"not_picked":["Fusion Hammer","Black Blood"],"picked":"Runic Pyramid"}],"items_purged_floors":[],"is_endless":true,"potions_floor_spawned":[1,10,12,16,18,19,23],"seed_played":"5785636985124202773","killed_by":"Collector","ascension_level":0,"potions_obtained":[{"floor":1,"key":"Energy Potion"},{"floor":10,"key":"Dexterity Potion"},{"floor":12,"key":"SpeedPotion"},{"floor":16,"key":"AttackPotion"},{"floor":18,"key":"Dexterity Potion"},{"floor":19,"key":"GamblersBrew"},{"floor":23,"key":"Swift Potion"}],"is_trial":false}