{"gold_per_floor":[119,119,134,0,0,33,33,49,49,49,68,68,100,111,111,188,188,207,220,35,35,51,51,79,99,99,114,114,145,145,177,177,177],"floor_reached":33,"playtime":1612,"items_purged":["Strike_B","Strike_B"],"score":675,"play_id":"406dfd4c-edd7-4f5d-ba74-9c4ed3de42b7","local_time":"20181122134443","is_ascension_mode":true,"campfire_choices":[{"data":"Cold Snap","floor":7,"key":"SMITH"},{"data":"Defragment","floor":15,"key":"SMITH"},{"data":"Defragment","floor":23,"key":"SMITH"},{"floor":28,"key":"REST"},{"data":"Coolheaded","floor":32,"key":"SMITH"}],"neow_cost":"NONE","seed_source_timestamp":848072479491488,"circlet_count":0,"master_deck":["AscendersBane","Strike_B","Defend_B+1","Defend_B+1","Defend_B","Defend_B","Zap","Dualcast","Glacier","Cold Snap+1","Coolheaded+1","Beam Cell","Blizzard","Compile Driver","Go for the Eyes","Defragment+1","Core Surge","Skim","Tempest","Defragment+1","Melter+1","Heatsinks+1","Ball Lightning+1","Sunder+1","Chaos+1"],"relics":["Cracked Core","NeowsBlessing","Torii","Symbiotic Virus","Bird Faced Urn","Velvet Choker","Lantern","Nunchaku","Unceasing Top","Letter Opener"],"potions_floor_usage":[24,31],"damage_taken":[{"damage":0,"enemies":"Jaw Worm","floor":1,"turns":1},{"damage":0,"enemies":"Small Slimes","floor":3,"turns":1},{"damage":0,"enemies":"3 Sentries","floor":6,"turns":1},{"damage":0,"enemies":"2 Louse","floor":8,"turns":4},{"damage":2,"enemies":"Large Slime","floor":11,"turns":3},{"damage":21,"enemies":"Gremlin Nob","floor":13,"turns":5},{"damage":0,"enemies":"2 Fungi Beasts","floor":14,"turns":3},{"damage":1,"enemies":"The Guardian","floor":16,"turns":13},{"damage":19,"enemies":"3 Byrds","floor":18,"turns":6},{"damage":0,"enemies":"Chosen","floor":19,"turns":3},{"damage":0,"enemies":"Snake Plant","floor":22,"turns":5},{"damage":22,"enemies":"Slavers","floor":24,"turns":6},{"damage":0,"enemies":"Centurion and Healer","floor":25,"turns":6},{"damage":15,"enemies":"Cultist and Chosen","floor":27,"turns":5},{"damage":0,"enemies":"Gremlin Leader","floor":29,"turns":6},{"damage":26,"enemies":"Slavers","floor":31,"turns":5},{"damage":57,"enemies":"Champ","floor":33,"turns":9}],"seed_played":"-496683670355396336","potions_obtained":[{"floor":1,"key":"Weak Potion"},{"floor":8,"key":"Ancient Potion"},{"floor":11,"key":"Fire Potion"},{"floor":19,"key":"PowerPotion"},{"floor":24,"key":"Explosive Potion"},{"floor":29,"key":"Regen Potion"}],"is_trial":false,"path_per_floor":["M","?","M","$","?","E","R","M","T","?","M","?","E","M","R","B",null,"M","M","$","?","M","R","E","M","T","M","R","E","?","E","R","B"],"character_chosen":"DEFECT","items_purchased":["Coolheaded","Defragment"],"campfire_rested":1,"item_purchase_floors":[4,20],"current_hp_per_floor":[64,43,43,43,43,43,43,43,43,66,64,57,36,36,36,37,63,46,48,48,48,52,52,36,42,42,33,54,58,58,50,50,0],"gold":177,"neow_bonus":"THREE_ENEMY_KILL","is_prod":false,"is_daily":false,"chose_seed":false,"campfire_upgraded":4,"win_rate":0,"timestamp":1542890683,"path_taken":["M","?","M","$","?","E","R","M","T","?","M","?","E","M","R","BOSS","M","M","$","?","M","R","E","M","T","M","R","E","?","E","R","BOSS"],"build_version":"2018-11-15","purchased_purges":2,"victory":false,"max_hp_per_floor":[71,71,71,71,71,71,71,71,71,71,71,71,71,71,71,71,71,71,71,71,71,71,71,71,71,71,71,71,71,71,71,71,71],"card_choices":[{"not_picked":["Undo","Consume"],"picked":"Glacier","floor":1},{"not_picked":["Leap","Compile Driver"],"picked":"Cold Snap","floor":3},{"not_picked":["Skim","Genetic Algorithm"],"picked":"Beam Cell","floor":6},{"not_picked":["Go for the Eyes","Cold Snap"],"picked":"Blizzard","floor":8},{"not_picked":["Auto Shields","Static Discharge"],"picked":"Compile Driver","floor":11},{"not_picked":["FTL","Coolheaded"],"picked":"Go for the Eyes","floor":13},{"not_picked":["Redo","Chill"],"picked":"Defragment","floor":14},{"not_picked":["Creative AI","Reboot"],"picked":"Core Surge","floor":16},{"not_picked":["Gash","Leap"],"picked":"Skim","floor":18},{"not_picked":["Steam","Gash+1"],"picked":"Tempest","floor":19},{"not_picked":["Hologram","Consume+1"],"picked":"Melter+1","floor":22},{"not_picked":["Storm","Barrage+1"],"picked":"Heatsinks+1","floor":24},{"not_picked":["Stack","Capacitor"],"picked":"Ball Lightning+1","floor":25},{"not_picked":["Leap","Streamline"],"picked":"Sunder+1","floor":27},{"not_picked":["Static Discharge+1","Darkness","Streamline"],"picked":"SKIP","floor":29},{"not_picked":["Auto Shields","Amplify"],"picked":"Chaos+1","floor":31}],"player_experience":844275,"relics_obtained":[{"floor":6,"key":"Torii"},{"floor":9,"key":"Symbiotic Virus"},{"floor":13,"key":"Bird Faced Urn"},{"floor":24,"key":"Lantern"},{"floor":26,"key":"Nunchaku"},{"floor":29,"key":"Unceasing Top"},{"floor":31,"key":"Letter Opener"}],"event_choices":[{"damage_healed":0,"gold_gain":0,"player_choice":"Entered Light","damage_taken":21,"max_hp_gain":0,"max_hp_loss":0,"event_name":"Shining Light","floor":2,"gold_loss":0,"cards_upgraded":["Defend_B","Defend_B"]},{"damage_healed":0,"gold_gain":0,"player_choice":"Leave","damage_taken":0,"max_hp_gain":0,"max_hp_loss":0,"event_name":"The Cleric","floor":5,"gold_loss":0},{"damage_healed":23,"gold_gain":0,"player_choice":"Banana","damage_taken":0,"max_hp_gain":0,"max_hp_loss":0,"event_name":"Big Fish","floor":10,"gold_loss":0},{"cards_removed":["Strike_B"],"damage_healed":0,"gold_gain":0,"player_choice":"Card Removal","damage_taken":7,"max_hp_gain":0,"max_hp_loss":0,"event_name":"Golden Wing","floor":12,"gold_loss":0},{"damage_healed":0,"gold_gain":0,"player_choice":"Ignored","damage_taken":0,"max_hp_gain":0,"max_hp_loss":0,"event_name":"Vampires","floor":21,"gold_loss":0},{"damage_healed":0,"gold_gain":0,"player_choice":"Ignored","damage_taken":0,"max_hp_gain":0,"max_hp_loss":0,"event_name":"Ghosts","floor":30,"gold_loss":0}],"is_beta":false,"boss_relics":[{"not_picked":["Orrery","FrozenCore"],"picked":"Velvet Choker"}],"items_purged_floors":[4,20],"is_endless":false,"potions_floor_spawned":[1,8,11,14,18,19,24,29],"killed_by":"Champ","ascension_level":17}