{"gold_per_floor":[113,113,113,131,147,147,173,183,237,248,265,265,326,78,78,152,152,163,173,173,193,206,238,252,252,252,279,279,279,39,50,50,127,127,140,152,176,276,325,353,369,388,388,388,419,431,431,445,445,445,445],"floor_reached":52,"playtime":3595,"items_purged":["Strike_B"],"score":2107,"play_id":"dcaf0856-4564-48c9-937e-a7abf13c0f2e","local_time":"20190326135628","is_ascension_mode":true,"campfire_choices":[{"data":"Static Discharge","floor":6.0,"key":"SMITH"},{"floor":12.0,"key":"REST"},{"data":"Creative AI","floor":15.0,"key":"SMITH"},{"data":"Capacitor","floor":25.0,"key":"SMITH"},{"data":"Zap","floor":29.0,"key":"SMITH"},{"floor":32.0,"key":"REST"},{"data":"Amplify","floor":44,"key":"SMITH"},{"data":"Coolheaded","floor":49,"key":"SMITH"}],"neow_cost":"TEN_PERCENT_HP_LOSS","seed_source_timestamp":0,"circlet_count":0,"master_deck":["AscendersBane","Strike_B+1","Strike_B+1","Defend_B+1","Defend_B+1","Defend_B+1","Defend_B+1","Zap+1","Dualcast","Ball Lightning","Capacitor+1","Static Discharge+1","Conserve Battery","Creative AI+1","Glacier","Echo Form","Chill","Heatsinks","Compile Driver","Self Repair+1","Amplify+1","Hologram+1","Coolheaded+1"],"special_seed":0,"relics":["Cracked Core","Bird Faced Urn","Mummified Hand","Potion Belt","Tiny Chest","Omamori","Busted Crown","Turnip","Bottled Lightning","Symbiotic Virus","Frozen Egg 2","Black Star","DataDisk","Thread and Needle","Ice Cream","Bronze Scales","Bottled Tornado","Art of War","Sundial","Nunchaku"],"potions_floor_usage":[39,45],"damage_taken":[{"damage":9.0,"enemies":"Jaw Worm","floor":1.0,"turns":4.0},{"damage":0.0,"enemies":"Cultist","floor":4.0,"turns":3.0},{"damage":8.0,"enemies":"Small Slimes","floor":5.0,"turns":4.0},{"damage":21.0,"enemies":"Gremlin Nob","floor":7.0,"turns":4.0},{"damage":20.0,"enemies":"Exordium Thugs","floor":8.0,"turns":4.0},{"damage":2.0,"enemies":"Red Slaver","floor":10.0,"turns":4.0},{"damage":10.0,"enemies":"2 Fungi Beasts","floor":11.0,"turns":3.0},{"damage":0.0,"enemies":"Lagavulin","floor":13.0,"turns":8.0},{"damage":36.0,"enemies":"The Guardian","floor":16.0,"turns":9.0},{"damage":17.0,"enemies":"Spheric Guardian","floor":18.0,"turns":5.0},{"damage":11.0,"enemies":"Chosen","floor":19.0,"turns":7.0},{"damage":10.0,"enemies":"Snecko","floor":21.0,"turns":6.0},{"damage":30.0,"enemies":"Shelled Parasite and Fungi","floor":22.0,"turns":3.0},{"damage":28.0,"enemies":"Book of Stabbing","floor":23.0,"turns":5.0},{"damage":32.0,"enemies":"Chosen and Byrds","floor":24.0,"turns":6.0},{"damage":10.0,"enemies":"Slavers","floor":27.0,"turns":7.0},{"damage":53.0,"enemies":"Cultist and Chosen","floor":31.0,"turns":6.0},{"damage":20.0,"enemies":"Collector","floor":33.0,"turns":7.0},{"damage":33.0,"enemies":"3 Darklings","floor":35.0,"turns":8.0},{"damage":21.0,"enemies":"Orb Walker","floor":36.0,"turns":4.0},{"damage":33.0,"enemies":"Mind Bloom Boss Battle","floor":38.0,"turns":4.0},{"damage":32,"enemies":"2 Orb Walkers","floor":39,"turns":4},{"damage":0,"enemies":"Giant Head","floor":40,"turns":9},{"damage":0,"enemies":"Maw","floor":41,"turns":8},{"damage":25,"enemies":"Sphere and 2 Shapes","floor":42,"turns":6},{"damage":37,"enemies":"Reptomancer","floor":45,"turns":9},{"damage":10,"enemies":"Jaw Worm Horde","floor":46,"turns":6},{"damage":31,"enemies":"Spire Growth","floor":48,"turns":5},{"damage":7,"enemies":"Donu and Deca","floor":50,"turns":14},{"damage":40,"enemies":"Time Eater","floor":51,"turns":9}],"seed_played":"37136982749703246","potions_obtained":[{"floor":1.0,"key":"Fire Potion"},{"floor":4.0,"key":"SpeedPotion"},{"floor":8.0,"key":"LiquidBronze"},{"floor":11.0,"key":"Fire Potion"},{"floor":23.0,"key":"Regen Potion"},{"floor":27.0,"key":"SteroidPotion"},{"floor":31.0,"key":"GamblersBrew"},{"floor":35.0,"key":"SneckoOil"},{"floor":40,"key":"SpeedPotion"},{"floor":48,"key":"Fire Potion"}],"is_trial":false,"path_per_floor":["M","?","?","M","M","R","E","M","T","M","M","R","E","$","R","B",null,"M","M","T","M","M","E","M","R","T","E","?","R","$","M","R","B",null,"M","M","T","?","?","E","M","M","T","R","E","M","T","M","R","B","B",null],"character_chosen":"DEFECT","items_purchased":["Omamori","Self Repair+1","Amplify"],"campfire_rested":2,"item_purchase_floors":[14,30,30],"current_hp_per_floor":[55,55,55,55,49,49,32,16,16,18,12,31,51,51,51,41,58,55,64,64,55,39,29,15,15,15,32,32,32,32,21,40,64,64,64,64,64,45,43,64,64,64,64,64,64,64,64,64,64,64,64],"gold":445,"neow_bonus":"ONE_RARE_RELIC","is_prod":false,"is_daily":false,"chose_seed":false,"campfire_upgraded":6,"win_rate":0,"timestamp":1553604988,"path_taken":["M","?","?","M","M","R","E","M","T","M","M","R","E","$","R","BOSS","M","M","?","M","M","E","M","R","T","E","?","R","$","?","R","BOSS","M","M","?","?","?","E","M","M","T","R","E","M","?","M","R","BOSS","BOSS"],"build_version":"2019-01-23","purchased_purges":1,"victory":true,"max_hp_per_floor":[64,64,64,64,64,64,64,64,64,64,64,64,64,64,64,64,64,64,64,64,64,64,64,64,64,64,64,64,64,64,64,64,64,64,64,64,64,64,64,64,64,64,64,64,64,64,64,64,64,64,64],"card_choices":[{"not_picked":["Redo","Storm"],"picked":"Ball Lightning","floor":1.0},{"not_picked":["Aggregate","Ball Lightning"],"picked":"Capacitor","floor":4.0},{"not_picked":["Coolheaded","Hologram"],"picked":"Static Discharge","floor":5.0},{"not_picked":["Double Energy","Hello World","Redo"],"picked":"SKIP","floor":7.0},{"not_picked":["Sweeping Beam","Lockon"],"picked":"Conserve Battery","floor":8.0},{"not_picked":["Storm","Rebound"],"picked":"Creative AI","floor":10.0},{"not_picked":["Defragment","Reprogram"],"picked":"Glacier","floor":11.0},{"not_picked":["Rebound","Steam","Hello World"],"picked":"SKIP","floor":13.0},{"not_picked":["Buffer","Rainbow"],"picked":"Echo Form","floor":16.0},{"not_picked":[],"picked":"Chill","floor":18.0},{"not_picked":["Storm"],"picked":"SKIP","floor":19.0},{"not_picked":[],"picked":"Heatsinks","floor":21.0},{"not_picked":["Sweeping Beam"],"picked":"SKIP","floor":22.0},{"not_picked":["Barrage+1"],"picked":"SKIP","floor":23.0},{"not_picked":["Rebound"],"picked":"SKIP","floor":24.0},{"not_picked":[],"picked":"Compile Driver","floor":27.0},{"not_picked":["Steam"],"picked":"SKIP","floor":31.0},{"not_picked":["Auto Shields+1"],"picked":"SKIP","floor":35.0},{"not_picked":["Rebound+1"],"picked":"SKIP","floor":36.0},{"not_picked":[],"picked":"Hologram+1","floor":38.0},{"not_picked":["Rebound"],"picked":"SKIP","floor":40},{"not_picked":["Go for the Eyes"],"picked":"SKIP","floor":41},{"not_picked":["Rebound"],"picked":"SKIP","floor":42},{"not_picked":["Stack"],"picked":"SKIP","floor":45},{"not_picked":["Darkness"],"picked":"SKIP","floor":46},{"not_picked":[],"picked":"Coolheaded","floor":48}],"player_experience":1399297,"relics_obtained":[{"floor":7.0,"key":"Mummified Hand"},{"floor":9.0,"key":"Potion Belt"},{"floor":13.0,"key":"Tiny Chest"},{"floor":20.0,"key":"Turnip"},{"floor":23.0,"key":"Bottled Lightning"},{"floor":26.0,"key":"Symbiotic Virus"},{"floor":27.0,"key":"Frozen Egg 2"},{"floor":37.0,"key":"DataDisk"},{"floor":38.0,"key":"Thread and Needle"},{"floor":39,"key":"Ice Cream"},{"floor":40,"key":"Bronze Scales"},{"floor":40,"key":"Bottled Tornado"},{"floor":45,"key":"Art of War"},{"floor":45,"key":"Sundial"},{"floor":47,"key":"Nunchaku"}],"event_choices":[{"damage_healed":0.0,"max_hp_gain":0.0,"max_hp_loss":0.0,"gold_gain":0.0,"event_name":"Golden Idol","player_choice":"Ignored","floor":2.0,"gold_loss":0.0,"damage_taken":0.0},{"cards_removed":["Strike_B"],"damage_healed":0.0,"max_hp_gain":0.0,"max_hp_loss":0.0,"gold_gain":0.0,"event_name":"Bonfire Elementals","player_choice":"Offered Basic","floor":3.0,"gold_loss":0.0,"damage_taken":0.0},{"damage_healed":0.0,"max_hp_gain":0.0,"max_hp_loss":0.0,"gold_gain":0.0,"event_name":"Back to Basics","player_choice":"Simplicity","floor":28.0,"gold_loss":0.0,"damage_taken":0.0,"cards_upgraded":["Strike_B","Strike_B","Defend_B","Defend_B","Defend_B","Defend_B"]},{"damage_healed":0.0,"max_hp_gain":0.0,"max_hp_loss":0.0,"gold_gain":0.0,"event_name":"MindBloom","player_choice":"Fight","floor":38.0,"gold_loss":0.0,"damage_taken":0.0},{"damage_healed":0,"gold_gain":0,"player_choice":"Fight","damage_taken":0,"max_hp_gain":0,"max_hp_loss":0,"event_name":"Mysterious Sphere","floor":39,"gold_loss":0}],"is_beta":false,"boss_relics":[{"not_picked":["Lizard Tail","Tiny House"],"picked":"Busted Crown"},{"not_picked":["Empty Cage","Pandora\u0027s Box"],"picked":"Black Star"}],"items_purged_floors":[14],"is_endless":false,"potions_floor_spawned":[1,4,8,11,23,24,27,31,35,40,41,48],"ascension_level":20}