{"path_per_floor":["M","$","M","M","$","R","E","M","T","E","?","M","M","$","R","B",null,"M","?","?","M","M","R","?","R","T","M","T","T","$","M","R","B",null,"M","M","?","M","$","R"],"character_chosen":"DEFECT","items_purchased":["Defragment","Mummified Hand","Magnetism"],"gold_per_floor":[109,70,81,97,22,22,52,69,69,99,274,285,299,45,45,144,144,162,87,87,102,118,118,118,118,118,137,137,137,37,54,54,158,158,176,195,195,215,15,15,15],"floor_reached":41,"campfire_rested":2,"playtime":3039,"item_purchase_floors":[],"current_hp_per_floor":[75,75,67,65,65,65,7,7,7,7,7,5,5,5,42,33,75,74,74,74,75,55,55,55,55,55,62,62,62,62,64,64,31,75,75,38,38,21,21,58,58],"items_purged":["Strike_B","Strike_B"],"gold":15,"score":492,"play_id":"c0e136c5-372a-49bd-a86f-3e26622d9734","local_time":"20180610123219","is_prod":false,"is_daily":false,"chose_seed":false,"is_ascension_mode":true,"campfire_upgraded":4,"win_rate":0,"timestamp":1528648339,"campfire_choices":[{"data":"Zap","floor":6.0,"key":"SMITH"},{"floor":15.0,"key":"REST"},{"data":"Defragment","floor":23.0,"key":"SMITH"},{"data":"Dualcast","floor":25.0,"key":"SMITH"},{"data":"Fission","floor":32.0,"key":"SMITH"},{"floor":40.0,"key":"REST"}],"path_taken":["M","$","M","M","$","R","E","M","T","E","?","M","M","$","R","BOSS","M","?","?","M","M","R","?","R","T","?","?","?","$","M","R","BOSS","M","M","?","?","?","R","E"],"build_version":"2018-06-07v3","seed_source_timestamp":0,"purchased_purges":2,"victory":false,"master_deck":["Strike_B","Defend_B","Defend_B","Defend_B","Defend_B","Zap+1","Dualcast+1","Rainbow","Defragment+1","Chill","Aggregate","Seek","Electrodynamics","Darkness","Self Repair","Reboot","Machine Learning","Double Energy+1","Darkness+1","Fission+1","Thunder Strike","Loop","Recycle+1","Static Discharge","Rainbow","Magnetism","Static Discharge+1"],"max_hp_per_floor":[75,75,75,75,75,75,75,75,75,75,75,75,75,75,75,75,75,75,75,75,75,75,75,75,75,75,75,75,75,75,75,75,75,75,75,75,75,75,75,75,75],"relics":["Cracked Core","Regal Pillow","Dream Catcher","Ornamental Fan","Mummified Hand","Lizard Tail","Shovel","Kunai","Prayer Wheel","Nuclear Battery"],"card_choices":[{"not_picked":["Steam","Cold Snap","Auto Shields"],"picked":"SKIP","floor":1.0},{"not_picked":["Steam","Consume"],"picked":"Chill","floor":3.0},{"not_picked":["Turbo","Steam"],"picked":"Aggregate","floor":4.0},{"not_picked":["Gash","All For One"],"picked":"Seek","floor":7.0},{"not_picked":["Conserve Battery","Streamline"],"picked":"Glacier","floor":8.0},{"not_picked":["Steam","Compile Driver"],"picked":"Electrodynamics","floor":10.0},{"not_picked":["Rebound","Barrage"],"picked":"Darkness","floor":12.0},{"not_picked":["Scrape","Hologram"],"picked":"Self Repair","floor":13.0},{"not_picked":["Aggregate","Cold Snap"],"picked":"Reboot","floor":15.0},{"not_picked":["Buffer","Electrodynamics"],"picked":"Machine Learning","floor":16.0},{"not_picked":["Cold Snap","Sunder","Redo+1"],"picked":"SKIP","floor":18.0},{"not_picked":["Barrage","Coolheaded"],"picked":"Double Energy+1","floor":21.0},{"not_picked":["Melter","Barrage","Conserve Battery+1"],"picked":"SKIP","floor":22.0},{"not_picked":["Hologram+1","Coolheaded"],"picked":"Darkness+1","floor":27.0},{"not_picked":["White Noise","Beam Cell"],"picked":"Fission","floor":31.0},{"not_picked":["Barrage+1","Cold Snap+1","Reprogram"],"picked":"SKIP","floor":31.0},{"not_picked":["Reboot","Electrodynamics"],"picked":"Thunder Strike","floor":33.0},{"not_picked":["Ball Lightning+1","Go for the Eyes"],"picked":"Loop","floor":35.0},{"not_picked":["Hologram","Darkness+1"],"picked":"Recycle+1","floor":35.0},{"not_picked":["Leap+1","Stack"],"picked":"Static Discharge","floor":36.0},{"not_picked":["Ball Lightning","Beam Cell","Glacier"],"picked":"SKIP","floor":36.0},{"not_picked":["Compile Driver","Undo+1"],"picked":"Rainbow","floor":38.0},{"not_picked":["BootSequence","Consume+1","Compile Driver+1"],"picked":"SKIP","floor":38.0},{"not_picked":["Melter+1","Hologram"],"picked":"Static Discharge+1","floor":40.0}],"player_experience":508377,"potions_floor_usage":[],"damage_taken":[{"damage":0.0,"enemies":"2 Louse","floor":1.0,"turns":2.0},{"damage":8.0,"enemies":"Small Slimes","floor":3.0,"turns":3.0},{"damage":2.0,"enemies":"Jaw Worm","floor":4.0,"turns":3.0},{"damage":58.0,"enemies":"Gremlin Nob","floor":7.0,"turns":6.0},{"damage":0.0,"enemies":"3 Louse","floor":8.0,"turns":3.0},{"damage":0.0,"enemies":"Lagavulin","floor":10.0,"turns":7.0},{"damage":2.0,"enemies":"Large Slime","floor":12.0,"turns":5.0},{"damage":0.0,"enemies":"2 Fungi Beasts","floor":13.0,"turns":4.0},{"damage":16.0,"enemies":"Hexaghost","floor":16.0,"turns":15.0},{"damage":1.0,"enemies":"3 Byrds","floor":18.0,"turns":2.0},{"damage":6.0,"enemies":"Spheric Guardian","floor":21.0,"turns":3.0},{"damage":27.0,"enemies":"Slaver and Parasite","floor":22.0,"turns":9.0},{"damage":0.0,"enemies":"Sentry and Sphere","floor":27.0,"turns":3.0},{"damage":5.0,"enemies":"3 Cultists","floor":31.0,"turns":4.0},{"damage":40.0,"enemies":"Champ","floor":33.0,"turns":10.0},{"damage":6.0,"enemies":"3 Shapes","floor":35.0,"turns":3.0},{"damage":44.0,"enemies":"3 Darklings","floor":36.0,"turns":5.0},{"damage":24.0,"enemies":"4 Shapes","floor":38.0,"turns":3.0},{"damage":0,"enemies":"Giant Head","floor":41,"turns":1}],"relics_obtained":[{"floor":7.0,"key":"Regal Pillow"},{"floor":9.0,"key":"Dream Catcher"},{"floor":10.0,"key":"Ornamental Fan"},{"floor":26.0,"key":"Shovel"},{"floor":28.0,"key":"Kunai"},{"floor":29.0,"key":"Prayer Wheel"}],"event_choices":[{"event_name":"Liars Game","player_choice":"agreed","floor":11.0,"damage_taken":0.0},{"event_name":"Beggar","player_choice":"Gave Gold","floor":19.0,"damage_taken":0.0},{"event_name":"Back to Basics","player_choice":"Elegance","floor":20.0,"damage_taken":0.0},{"event_name":"Vampires","player_choice":"Ignored","floor":24.0,"damage_taken":0.0},{"event_name":"Falling","player_choice":"Removed Skill","floor":37.0,"damage_taken":0.0}],"boss_relics":[{"not_picked":["Eternal Feather","Orrery"],"picked":"Lizard Tail"},{"not_picked":["Runic Dome","Velvet Choker"],"picked":"Nuclear Battery"}],"items_purged_floors":[],"potions_floor_spawned":[4,7,10,12,13,22,27,33,36],"seed_played":"2448430315110187089","killed_by":"Giant Head","ascension_level":3,"potions_obtained":[{"floor":4.0,"key":"Block Potion"},{"floor":7.0,"key":"AttackPotion"},{"floor":10.0,"key":"SkillPotion"},{"floor":12.0,"key":"SteroidPotion"},{"floor":13.0,"key":"SkillPotion"},{"floor":22.0,"key":"SkillPotion"},{"floor":27.0,"key":"SteroidPotion"},{"floor":33.0,"key":"Strength Potion"}],"is_trial":false}