{"path_per_floor":["M","M","?","?","T","R","$","E","T","?","E","M","?","M","R","B",null,"M","?","M","?","M","R","E","R","T","$","M","R","M","M","R","B",null,"M","M","?","M","?","E","M","E","T","M","T","R","M","T","R"],"character_chosen":"IRONCLAD","items_purchased":["Shrug It Off","Iron Wave","Thread and Needle","Pommel Strike","Clothesline"],"gold_per_floor":[115,125,95,170,170,170,71,101,181,181,220,238,238,259,259,384,384,399,399,414,414,438,438,476,476,476,31,51,51,75,91,91,211,211,224,240,240,258,258,294,317,358,358,377,452,452,475,498,498,498],"floor_reached":50,"campfire_rested":1,"playtime":3634,"item_purchase_floors":[7,7,27,27,27],"current_hp_per_floor":[80,80,80,69,69,69,69,70,70,50,38,44,44,50,50,54,80,80,80,80,64,42,42,32,32,32,32,42,42,50,56,80,32,80,80,80,70,69,69,75,80,78,78,80,80,80,80,80,80,0],"items_purged":["Writhe"],"gold":498,"score":582,"play_id":"6eec02d4-527a-4b0c-b3cb-f7456a56e713","local_time":"20180625231530","is_prod":false,"is_daily":false,"chose_seed":false,"is_ascension_mode":false,"campfire_upgraded":7,"win_rate":0,"timestamp":1529993730,"campfire_choices":[{"data":"Bash","floor":6,"key":"SMITH"},{"data":"Pommel Strike","floor":15,"key":"SMITH"},{"data":"Spot Weakness","floor":23,"key":"SMITH"},{"data":"Demon Form","floor":25,"key":"SMITH"},{"data":"Pommel Strike","floor":29,"key":"SMITH"},{"floor":32,"key":"REST"},{"data":"Double Tap","floor":46,"key":"SMITH"},{"data":"Madness","floor":49,"key":"SMITH"}],"path_taken":["M","M","?","?","?","R","$","E","T","?","E","M","?","M","R","BOSS","M","?","M","?","?","R","E","R","T","$","M","R","?","M","R","BOSS","M","M","?","?","?","E","M","E","T","?","?","R","M","?","R","BOSS"],"build_version":"2018-06-21","seed_source_timestamp":912714157279021,"purchased_purges":1,"circlet_count":0,"victory":false,"master_deck":["Strike_R+1","Strike_R+1","Strike_R","Strike_R","Strike_R","Defend_R+1","Defend_R","Defend_R+1","Defend_R","Bash+1","Shrug It Off","Iron Wave","Dropkick","Pommel Strike+1","Spot Weakness+1","Shrug It Off","Demon Form+1","Disarm","Iron Wave","Headbutt","Feel No Pain+1","Pommel Strike+1","Clothesline","Seeing Red+1","Iron Wave+1","Impervious","Reaper","Shrug It Off","Anger","Madness+1","Madness+1","Clash+1","Double Tap+1","Ghostly Armor","Twin Strike","Intimidate+1","Pommel Strike+1"],"max_hp_per_floor":[80,80,80,80,80,80,80,80,80,80,80,80,80,80,80,80,80,80,80,80,80,80,80,80,80,80,80,80,80,80,80,80,80,80,80,80,80,80,80,80,80,80,80,80,80,80,80,80,80,80],"relics":["Burning Blood","Orichalcum","War Paint","Torii","Bottled Flame","Golden Idol","Pen Nib","Mark of Pain","Lantern","Enchiridion","Whetstone","Bird Faced Urn","Thread and Needle","Runic Cube","Red Skull","Toolbox","Toxic Egg 2","Shuriken","Omamori"],"card_choices":[{"not_picked":["True Grit","Second Wind","Thunderclap"],"picked":"SKIP","floor":1},{"not_picked":["Armaments","Clash","Wild Strike"],"picked":"SKIP","floor":2},{"not_picked":["Power Through","Heavy Blade"],"picked":"Dropkick","floor":8},{"not_picked":["Twin Strike","Heavy Blade"],"picked":"Pommel Strike","floor":11},{"not_picked":["Armaments","Bloodletting"],"picked":"Spot Weakness","floor":12},{"not_picked":["True Grit","Hemokinesis"],"picked":"Shrug It Off","floor":14},{"not_picked":["Reaper","Brutality"],"picked":"Demon Form","floor":16},{"not_picked":["Perfected Strike","Rupture"],"picked":"Disarm","floor":18},{"not_picked":["Dual Wield","Flex"],"picked":"Iron Wave","floor":20},{"not_picked":["Twin Strike","Fire Breathing"],"picked":"Headbutt","floor":22},{"not_picked":["Fire Breathing","Sever Soul+1"],"picked":"Feel No Pain+1","floor":24},{"not_picked":["Havoc","Warcry"],"picked":"Seeing Red+1","floor":28},{"not_picked":["Carnage","Clothesline"],"picked":"Iron Wave+1","floor":30},{"not_picked":["Clash","Clothesline"],"picked":"Impervious","floor":31},{"not_picked":["Bludgeon","Impervious"],"picked":"Reaper","floor":33},{"not_picked":["Warcry","Perfected Strike"],"picked":"Shrug It Off","floor":35},{"not_picked":["Power Through","Combust+1"],"picked":"Anger","floor":36},{"not_picked":["Evolve","Dropkick"],"picked":"Clash+1","floor":38},{"not_picked":["Blood for Blood","Body Slam"],"picked":"Double Tap","floor":40},{"not_picked":["Hemokinesis","Thunderclap"],"picked":"Ghostly Armor","floor":41},{"not_picked":["Juggernaut","Sword Boomerang"],"picked":"Twin Strike","floor":42},{"not_picked":["Pommel Strike","Wild Strike+1"],"picked":"Intimidate+1","floor":44},{"not_picked":["Intimidate+1","Warcry+1"],"picked":"Pommel Strike+1","floor":47}],"player_experience":201492,"potions_floor_usage":[8,8,16,20,24,24,33,33,38,40,50],"damage_taken":[{"damage":2,"enemies":"2 Louse","floor":1,"turns":3},{"damage":0,"enemies":"Cultist","floor":2,"turns":3},{"damage":5,"enemies":"Lagavulin","floor":8,"turns":5},{"damage":18,"enemies":"Gremlin Nob","floor":11,"turns":4},{"damage":0,"enemies":"Jaw Worm","floor":12,"turns":3},{"damage":0,"enemies":"Blue Slaver","floor":14,"turns":4},{"damage":2,"enemies":"The Guardian","floor":16,"turns":6},{"damage":1,"enemies":"Chosen","floor":18,"turns":3},{"damage":4,"enemies":"3 Byrds","floor":20,"turns":5},{"damage":28,"enemies":"Cultist and Chosen","floor":22,"turns":8},{"damage":16,"enemies":"Slavers","floor":24,"turns":5},{"damage":0,"enemies":"Sentry and Sphere","floor":28,"turns":5},{"damage":2,"enemies":"Snecko","floor":30,"turns":5},{"damage":4,"enemies":"Slaver and Parasite","floor":31,"turns":5},{"damage":54,"enemies":"Collector","floor":33,"turns":7},{"damage":0,"enemies":"3 Shapes","floor":35,"turns":5},{"damage":0,"enemies":"Orb Walker","floor":36,"turns":3},{"damage":11,"enemies":"Spire Growth","floor":38,"turns":4},{"damage":11,"enemies":"Giant Head","floor":40,"turns":7},{"damage":1,"enemies":"Maw","floor":41,"turns":6},{"damage":15,"enemies":"2 Orb Walkers","floor":42,"turns":6},{"damage":0,"enemies":"Transient","floor":44,"turns":5},{"damage":0,"enemies":"3 Darklings","floor":47,"turns":6},{"damage":96,"enemies":"Donu and Deca","floor":50,"turns":9}],"relics_obtained":[{"floor":5,"key":"War Paint"},{"floor":8,"key":"Torii"},{"floor":9,"key":"Bottled Flame"},{"floor":11,"key":"Pen Nib"},{"floor":21,"key":"Enchiridion"},{"floor":24,"key":"Whetstone"},{"floor":26,"key":"Bird Faced Urn"},{"floor":40,"key":"Red Skull"},{"floor":42,"key":"Toolbox"},{"floor":43,"key":"Toxic Egg 2"},{"floor":45,"key":"Shuriken"},{"floor":48,"key":"Omamori"}],"event_choices":[{"event_name":"The Woman in Blue","player_choice":"Bought 2 Potions","floor":3,"damage_taken":0},{"event_name":"World of Goop","player_choice":"Gather Gold","floor":4,"damage_taken":0},{"event_name":"Golden Idol","player_choice":"Take Damage","floor":10,"damage_taken":0},{"event_name":"The Lab","player_choice":"Got Potions","floor":13,"damage_taken":0},{"event_name":"The Mausoleum","player_choice":"Yes","floor":19,"damage_taken":0},{"event_name":"Cursed Tome","player_choice":"Obtained Book","floor":21,"damage_taken":0},{"event_name":"Winding Halls","player_choice":"Embrace Madness","floor":37,"damage_taken":0},{"event_name":"Upgrade Shrine","player_choice":"Upgraded","floor":39,"damage_taken":0}],"boss_relics":[{"not_picked":["Busted Crown","Coffee Dripper"],"picked":"Mark of Pain"},{"not_picked":["Fusion Hammer","Astrolabe"],"picked":"Runic Cube"}],"items_purged_floors":[27],"is_endless":true,"potions_floor_spawned":[2,12,20,24,31,36,38,42],"seed_played":"1091245138850308996","killed_by":"Donu and Deca","ascension_level":0,"potions_obtained":[{"floor":2,"key":"Swift Potion"},{"floor":3,"key":"Block Potion"},{"floor":3,"key":"PowerPotion"},{"floor":12,"key":"PowerPotion"},{"floor":13,"key":"AttackPotion"},{"floor":20,"key":"GamblersBrew"},{"floor":24,"key":"Weak Potion"},{"floor":31,"key":"SteroidPotion"},{"floor":36,"key":"Weak Potion"},{"floor":38,"key":"FearPotion"},{"floor":42,"key":"Regen Potion"}],"is_trial":false}