{"gold_per_floor":[118,132,146,146,158,158,176,176,176,201,211,72,89,105,105,206,206,221,234,247,259,22,22],"floor_reached":23,"playtime":1533,"items_purged":["Strike_B"],"score":199,"play_id":"40c1b377-caae-4220-882f-b5e2e4621fee","local_time":"20190318233610","is_ascension_mode":false,"campfire_choices":[{"data":"Zap","floor":6,"key":"SMITH"},{"data":"Genetic Algorithm","floor":8,"key":"SMITH"},{"data":"Biased Cognition","floor":15,"key":"SMITH"}],"neow_cost":"NONE","seed_source_timestamp":7971166708740,"circlet_count":0,"master_deck":["Strike_B","Strike_B","Defend_B","Defend_B","Defend_B","Zap+1","Dualcast","Leap","Reinforced Body","Beam Cell","Ball Lightning","Capacitor","Genetic Algorithm+1","Loop","Biased Cognition+1","Thunder Strike","Conserve Battery","Rainbow","Barrage+1","Consume","Redo","Mayhem"],"relics":["Cracked Core","Pen Nib","Strawberry","Regal Pillow","Empty Cage"],"potions_floor_usage":[10,10,16,16,23,23],"damage_taken":[{"damage":1,"enemies":"Cultist","floor":1,"turns":3},{"damage":0,"enemies":"2 Louse","floor":2,"turns":3},{"damage":1,"enemies":"Small Slimes","floor":3,"turns":4},{"damage":4,"enemies":"Gremlin Gang","floor":5,"turns":5},{"damage":0,"enemies":"3 Louse","floor":7,"turns":2},{"damage":14,"enemies":"Lagavulin","floor":10,"turns":6},{"damage":3,"enemies":"2 Fungi Beasts","floor":11,"turns":3},{"damage":2,"enemies":"Looter","floor":13,"turns":4},{"damage":4,"enemies":"Exordium Wildlife","floor":14,"turns":3},{"damage":7,"enemies":"Slime Boss","floor":16,"turns":8},{"damage":8,"enemies":"Chosen","floor":18,"turns":6},{"damage":11,"enemies":"Spheric Guardian","floor":19,"turns":4},{"damage":36,"enemies":"Shelled Parasite and Fungi","floor":20,"turns":7},{"damage":19,"enemies":"Snake Plant","floor":21,"turns":4},{"damage":9,"enemies":"Slavers","floor":23,"turns":1}],"seed_played":"-6818931340279417219","potions_obtained":[{"floor":1,"key":"Swift Potion"},{"floor":2,"key":"Fire Potion"},{"floor":3,"key":"SkillPotion"},{"floor":13,"key":"Weak Potion"},{"floor":19,"key":"Swift Potion"},{"floor":20,"key":"Explosive Potion"}],"is_trial":false,"path_per_floor":["T"],"character_chosen":"DEFECT","items_purchased":["Thunder Strike","Mayhem"],"campfire_rested":0,"item_purchase_floors":[12,22],"current_hp_per_floor":[74,74,73,73,69,69,69,69,76,62,59,59,57,53,53,46,82,74,63,27,8,8,0],"gold":22,"neow_bonus":"THREE_CARDS","is_prod":false,"is_daily":false,"chose_seed":false,"campfire_upgraded":3,"win_rate":0.0,"timestamp":1552926970,"path_taken":["M","M","M","?","M","R","M","R","T","E","M","$","M","M","R","BOSS","M","M","M","M","$","E"],"build_version":"2019-01-23","purchased_purges":1,"victory":false,"max_hp_per_floor":[75,75,75,75,75,75,75,75,82,82,82,82,82,82,82,82,82,82,82,82,82,82,82],"card_choices":[{"not_picked":["Sweeping Beam","Rebound"],"picked":"Leap","floor":0},{"not_picked":["Heatsinks","Stack"],"picked":"Reinforced Body","floor":1},{"not_picked":["Steam Power","Compile Driver"],"picked":"Beam Cell","floor":2},{"not_picked":["Conserve Battery","Glacier"],"picked":"Ball Lightning","floor":3},{"not_picked":["Hologram","Fusion"],"picked":"Capacitor","floor":5},{"not_picked":["Ball Lightning","Hologram"],"picked":"Genetic Algorithm","floor":7},{"not_picked":["Heatsinks","Steam"],"picked":"Loop","floor":10},{"not_picked":["Compile Driver","BootSequence"],"picked":"Biased Cognition","floor":11},{"not_picked":["Scrape","Fusion","Aggregate"],"picked":"SKIP","floor":13},{"not_picked":["Leap","Turbo"],"picked":"Conserve Battery","floor":14},{"not_picked":["Echo Form","Amplify"],"picked":"Rainbow","floor":16},{"not_picked":["Hologram","Sunder"],"picked":"Barrage+1","floor":18},{"not_picked":["Darkness","Coolheaded"],"picked":"Consume","floor":19},{"not_picked":["Sweeping Beam","Stack","Rebound"],"picked":"SKIP","floor":20},{"not_picked":["Cold Snap+1","FTL"],"picked":"Redo","floor":21}],"player_experience":68510,"relics_obtained":[{"floor":4,"key":"Pen Nib"},{"floor":9,"key":"Strawberry"},{"floor":10,"key":"Regal Pillow"}],"event_choices":[],"is_beta":false,"boss_relics":[{"not_picked":["Coffee Dripper","Black Star"],"picked":"Empty Cage"}],"items_purged_floors":[22],"is_endless":false,"potions_floor_spawned":[1,2,3,13,19,20],"killed_by":"Slavers","ascension_level":0}