{"gold_per_floor":[114,114,114,32,47,47,72,89,114,126,126,51,126,26,26,127,127,142,142,142,17,34,34,34,34,61,61,61],"floor_reached":28,"playtime":453,"items_purged":["Strike_R","Strike_R","Strike_R"],"score":248,"play_id":"79f1a726-84c9-4160-9d89-978217be3f8b","local_time":"20190325021514","is_ascension_mode":true,"campfire_choices":[{"data":"Rampage","floor":6.0,"key":"SMITH"},{"data":"Whirlwind","floor":11.0,"key":"SMITH"},{"data":"Uppercut","floor":15.0,"key":"SMITH"},{"data":"Ghostly","floor":23,"key":"SMITH"},{"data":"Ghostly","floor":25,"key":"SMITH"},{"data":"Ghostly","floor":27,"key":"SMITH"}],"neow_cost":"NONE","seed_source_timestamp":0,"circlet_count":0,"master_deck":["Defend_R","Defend_R","Defend_R","Defend_R","Bash","Rampage+1","Shrug It Off","Uppercut+1","Whirlwind+1","Ghostly+1","Ghostly","Ghostly+1","Ghostly+1","Ghostly"],"special_seed":0,"relics":["Eternal Feather"],"potions_floor_usage":[],"damage_taken":[{"damage":8.0,"enemies":"Small Slimes","floor":1.0,"turns":4.0},{"damage":1.0,"enemies":"Cultist","floor":5.0,"turns":3.0},{"damage":27.0,"enemies":"Lagavulin","floor":7.0,"turns":6.0},{"damage":3.0,"enemies":"Jaw Worm","floor":8.0,"turns":3.0},{"damage":0.0,"enemies":"3 Louse","floor":10.0,"turns":1.0},{"damage":16.0,"enemies":"Slime Boss","floor":16.0,"turns":8.0},{"damage":41.0,"enemies":"2 Thieves","floor":18.0,"turns":4.0},{"damage":3,"enemies":"Shell Parasite","floor":22,"turns":6},{"damage":48,"enemies":"Slavers","floor":28,"turns":7}],"seed_played":"8430863717815987308","potions_obtained":[{"floor":5.0,"key":"Explosive Potion"},{"floor":8.0,"key":"Fire Potion"},{"floor":16.0,"key":"Fruit Juice"},{"floor":22,"key":"LiquidBronze"}],"is_trial":false,"path_per_floor":["M","?","?","$","M","R","E","M","T","M","R","$","?","$","R","B",null,"M","?","?","$","M","R","?","R","T","R","E"],"character_chosen":"IRONCLAD","items_purchased":["Rampage"],"campfire_rested":0,"item_purchase_floors":[4],"current_hp_per_floor":[72,65,65,65,64,70,43,40,40,40,46,46,38,38,44,33,85,44,42,42,42,39,42,42,42,42,42,0],"gold":61,"neow_bonus":"BOSS_RELIC","is_prod":false,"is_daily":false,"chose_seed":false,"campfire_upgraded":6,"win_rate":0,"timestamp":1553505314,"path_taken":["M","?","?","$","?","R","E","M","T","?","R","$","?","$","R","BOSS","M","?","?","$","?","R","?","R","T","R","E"],"build_version":"2019-01-23","purchased_purges":3,"victory":false,"max_hp_per_floor":[80,80,80,80,80,80,80,80,80,80,80,80,80,80,80,85,85,85,42,42,42,42,42,42,42,42,42,42],"card_choices":[{"not_picked":["Twin Strike","Power Through","Anger"],"picked":"SKIP","floor":1.0},{"not_picked":["Intimidate","Cleave"],"picked":"Shrug It Off","floor":5.0},{"not_picked":["Clothesline","Berserk"],"picked":"Uppercut","floor":7.0},{"not_picked":["Searing Blow","Sword Boomerang","Fire Breathing"],"picked":"SKIP","floor":8.0},{"not_picked":["Body Slam","Cleave"],"picked":"Whirlwind","floor":10.0},{"not_picked":["Body Slam","Searing Blow","True Grit"],"picked":"SKIP","floor":18.0},{"not_picked":["Headbutt+1","Burning Pact+1","Whirlwind"],"picked":"SKIP","floor":22}],"player_experience":843349,"relics_obtained":[],"event_choices":[{"cards_removed":["Strike_R"],"damage_healed":0.0,"max_hp_gain":0.0,"max_hp_loss":0.0,"gold_gain":0.0,"event_name":"Golden Wing","player_choice":"Card Removal","floor":2.0,"gold_loss":0.0,"damage_taken":7.0},{"cards_removed":["Strike_R"],"damage_healed":0.0,"max_hp_gain":0.0,"max_hp_loss":0.0,"gold_gain":0.0,"event_name":"Bonfire Elementals","player_choice":"Offered Basic","floor":3.0,"gold_loss":0.0,"damage_taken":0.0},{"damage_healed":0.0,"max_hp_gain":0.0,"max_hp_loss":0.0,"gold_gain":75.0,"event_name":"FaceTrader","player_choice":"Touch","floor":13.0,"gold_loss":0.0,"damage_taken":8.0},{"damage_healed":0,"gold_gain":0,"player_choice":"Became a Ghost","damage_taken":0,"max_hp_gain":0,"max_hp_loss":43,"event_name":"Ghosts","floor":19,"gold_loss":0,"cards_obtained":["Ghostly","Ghostly","Ghostly","Ghostly","Ghostly"]},{"damage_healed":0,"gold_gain":0,"player_choice":"Ignored","damage_taken":0,"max_hp_gain":0,"max_hp_loss":0,"event_name":"The Mausoleum","floor":24,"gold_loss":0}],"is_beta":false,"boss_relics":[{"not_picked":["Orrery","Ectoplasm","Mark of Pain"]}],"items_purged_floors":[12,14,21],"is_endless":false,"potions_floor_spawned":[5,8,16,22],"killed_by":"Slavers","ascension_level":1}