{"gold_per_floor":[116,141,216,230,248,281,299,299,299,299,299,326,326,342,342,444,444,454,468,468,485,499,499,510,536,563,663,673,178,178,194,194,289,289,309,27,47,66,66,66,81,39,39,39,39,39,56,56,56,56],"floor_reached":50,"playtime":4618,"items_purged":["Strike_B","Strike_B"],"score":499,"play_id":"471637d5-df09-42d0-806e-e2b09bd5dd2d","local_time":"20190406173236","is_ascension_mode":false,"campfire_choices":[{"data":"Zap","floor":8,"key":"SMITH"},{"data":"Dualcast","floor":10,"key":"SMITH"},{"floor":13,"key":"REST"},{"data":"Defragment","floor":15,"key":"SMITH"},{"data":"Echo Form","floor":23,"key":"SMITH"},{"floor":30,"key":"REST"},{"floor":32,"key":"REST"},{"data":"Fission","floor":40,"key":"SMITH"},{"data":"Seek","floor":44,"key":"SMITH"},{"data":"Hologram","floor":46,"key":"SMITH"},{"data":"Multi-Cast","floor":49,"key":"SMITH"}],"neow_cost":"NONE","seed_source_timestamp":11254211330793,"circlet_count":0,"master_deck":["Strike_B","Strike_B","Defend_B","Defend_B","Defend_B","Defend_B","Zap+1","Dualcast+1","Ball Lightning","Cold Snap","Compile Driver","Cold Snap","Auto Shields","Defragment+1","Echo Form+1","Barrage+1","Double Energy+1","Cold Snap","All For One","Hologram+1","Stack+1","Darkness","Multi-Cast+1","Fission+1","Seek+1","Compile Driver+1","Conserve Battery+1","Coolheaded+1","Hologram+1","Parasite","Ball Lightning+1"],"relics":["Cracked Core","Strawberry","PreservedInsect","Anchor","The Courier","Eternal Feather","Nloth\u0027s Gift","Bag of Preparation","Art of War","Ginger","DataDisk","Nuclear Battery","Bottled Lightning","Molten Egg 2"],"potions_floor_usage":[16,18,25,33,33,50],"damage_taken":[{"damage":1,"enemies":"Cultist","floor":1,"turns":3},{"damage":0,"enemies":"Small Slimes","floor":4,"turns":2},{"damage":6,"enemies":"2 Louse","floor":5,"turns":2},{"damage":17,"enemies":"Lagavulin","floor":6,"turns":4},{"damage":5,"enemies":"Blue Slaver","floor":7,"turns":3},{"damage":0,"enemies":"3 Sentries","floor":12,"turns":5},{"damage":10,"enemies":"Gremlin Gang","floor":14,"turns":4},{"damage":30,"enemies":"The Guardian","floor":16,"turns":10},{"damage":1,"enemies":"Spheric Guardian","floor":18,"turns":3},{"damage":25,"enemies":"3 Byrds","floor":19,"turns":4},{"damage":1,"enemies":"Snecko","floor":21,"turns":6},{"damage":0,"enemies":"Centurion and Healer","floor":22,"turns":6},{"damage":6,"enemies":"Cultist and Chosen","floor":24,"turns":5},{"damage":45,"enemies":"Gremlin Leader","floor":25,"turns":5},{"damage":9,"enemies":"Snake Plant","floor":28,"turns":4},{"damage":24,"enemies":"3 Cultists","floor":31,"turns":5},{"damage":58,"enemies":"Collector","floor":33,"turns":10},{"damage":0,"enemies":"Orb Walker","floor":35,"turns":4},{"damage":41,"enemies":"3 Darklings","floor":37,"turns":4},{"damage":16,"enemies":"Spire Growth","floor":38,"turns":7},{"damage":0,"enemies":"Jaw Worm Horde","floor":41,"turns":3},{"damage":8,"enemies":"Writhing Mass","floor":47,"turns":6},{"damage":80,"enemies":"Donu and Deca","floor":50,"turns":9}],"seed_played":"-7510959067873373857","potions_obtained":[{"floor":4,"key":"SpeedPotion"},{"floor":6,"key":"Explosive Potion"},{"floor":7,"key":"Ancient Potion"},{"floor":18,"key":"Swift Potion"},{"floor":19,"key":"SpeedPotion"},{"floor":28,"key":"Poison Potion"},{"floor":33,"key":"SpeedPotion"},{"floor":35,"key":"GamblersBrew"},{"floor":38,"key":"FearPotion"}],"is_trial":false,"path_per_floor":["M","T","?","M","M","E","M","R","T","R","?","E","R","M","R","B",null,"M","M","?","M","M","R","M","E","T","?","M","$","R","M","R","B",null,"M","$","M","M","?","R","M","$","T","R","?","R","M","?","R","B"],"character_chosen":"DEFECT","items_purchased":["Multi-Cast","Ginger","DataDisk","Bottled Lightning","Hologram"],"campfire_rested":3,"item_purchase_floors":[29,29,29,36,42],"current_hp_per_floor":[81,81,70,70,64,47,42,42,42,42,42,42,66,56,56,26,82,81,56,56,55,55,67,61,16,16,16,7,7,46,22,61,3,82,82,82,41,25,25,40,40,40,40,55,45,60,52,52,70,0],"gold":56,"neow_bonus":"RANDOM_COMMON_RELIC","is_prod":false,"is_daily":false,"chose_seed":false,"campfire_upgraded":8,"win_rate":0,"timestamp":1554582756,"path_taken":["M","?","?","M","M","E","M","R","T","R","?","E","R","M","R","BOSS","M","M","?","M","M","R","?","E","T","?","?","$","R","M","R","BOSS","M","$","M","M","?","R","M","$","T","R","?","R","M","?","R","BOSS"],"build_version":"2019-01-23","purchased_purges":2,"victory":false,"max_hp_per_floor":[82,82,82,82,82,82,82,82,82,82,82,82,82,82,82,82,82,82,82,82,82,82,82,82,82,82,82,82,82,82,82,82,82,82,82,82,82,82,82,82,82,82,82,82,82,82,82,82,82,82],"card_choices":[{"not_picked":["Skim","Hologram"],"picked":"Ball Lightning","floor":1},{"not_picked":["Sweeping Beam","Melter"],"picked":"Ball Lightning","floor":4},{"not_picked":["Seek","Aggregate"],"picked":"Cold Snap","floor":5},{"not_picked":["Turbo","Steam"],"picked":"Compile Driver","floor":6},{"not_picked":["Hologram","Aggregate"],"picked":"Cold Snap","floor":7},{"not_picked":["Steam Power","Beam Cell"],"picked":"Auto Shields","floor":12},{"not_picked":["FTL","Sweeping Beam"],"picked":"Defragment","floor":14},{"not_picked":["Hyperbeam","Core Surge"],"picked":"Echo Form","floor":16},{"not_picked":["Coolheaded","Genetic Algorithm"],"picked":"Barrage+1","floor":18},{"not_picked":["Reinforced Body+1","Doom and Gloom"],"picked":"Double Energy+1","floor":19},{"not_picked":["Go for the Eyes","Compile Driver"],"picked":"Cold Snap","floor":21},{"not_picked":["Recycle","Stack"],"picked":"All For One","floor":22},{"not_picked":["FTL","Cold Snap"],"picked":"Hologram+1","floor":24},{"not_picked":["Hyperbeam","Beam Cell"],"picked":"Stack+1","floor":25},{"not_picked":["Fusion","Sweeping Beam"],"picked":"Darkness","floor":28},{"not_picked":["Auto Shields","Storm+1"],"picked":"Fission","floor":31},{"not_picked":["Buffer","Core Surge"],"picked":"Seek","floor":33},{"not_picked":["Ball Lightning+1","Streamline"],"picked":"Compile Driver+1","floor":35},{"not_picked":["Defragment","Stack"],"picked":"Conserve Battery+1","floor":37},{"not_picked":["Double Energy","Stack+1"],"picked":"Coolheaded+1","floor":38},{"not_picked":["Aggregate","Multi-Cast","Redo"],"picked":"SKIP","floor":41},{"not_picked":["Heatsinks+1","Hello World"],"picked":"Ball Lightning+1","floor":47}],"player_experience":532863,"relics_obtained":[{"floor":2,"key":"PreservedInsect"},{"floor":6,"key":"Anchor"},{"floor":9,"key":"The Courier"},{"floor":12,"key":"Juzu Bracelet"},{"floor":25,"key":"Bag of Preparation"},{"floor":26,"key":"Art of War"},{"floor":43,"key":"Molten Egg 2"}],"event_choices":[{"damage_healed":0,"gold_gain":75,"player_choice":"Gather Gold","damage_taken":11,"max_hp_gain":0,"max_hp_loss":0,"event_name":"World of Goop","floor":3,"gold_loss":0},{"damage_healed":0,"gold_gain":0,"player_choice":"Ignored","damage_taken":0,"max_hp_gain":0,"max_hp_loss":0,"event_name":"Liars Game","floor":11,"gold_loss":0},{"damage_healed":0,"gold_gain":0,"player_choice":"Traded Relic","damage_taken":0,"relics_obtained":["Nloth\u0027s Gift"],"max_hp_gain":0,"max_hp_loss":0,"event_name":"N\u0027loth","floor":20,"relics_lost":["Juzu Bracelet"],"gold_loss":0},{"damage_healed":0,"gold_gain":100,"player_choice":"Pray","damage_taken":0,"max_hp_gain":0,"max_hp_loss":0,"event_name":"Golden Shrine","floor":27,"gold_loss":0},{"cards_removed":["Ball Lightning"],"damage_healed":0,"gold_gain":0,"player_choice":"Removed Attack","damage_taken":0,"max_hp_gain":0,"max_hp_loss":0,"event_name":"Falling","floor":39,"gold_loss":0},{"damage_healed":0,"gold_gain":0,"player_choice":"Memory 3","damage_taken":10,"max_hp_gain":0,"max_hp_loss":0,"event_name":"SensoryStone","floor":45,"gold_loss":0},{"damage_healed":0,"gold_gain":0,"player_choice":"Ignored","damage_taken":0,"max_hp_gain":0,"max_hp_loss":0,"event_name":"Mysterious Sphere","floor":48,"gold_loss":0}],"is_beta":false,"boss_relics":[{"not_picked":["Velvet Choker","Calling Bell"],"picked":"Eternal Feather"},{"not_picked":["Snecko Eye","Coffee Dripper"],"picked":"Nuclear Battery"}],"items_purged_floors":[29,36],"is_endless":false,"potions_floor_spawned":[4,6,7,18,19,28,33,35,38],"killed_by":"Donu and Deca","ascension_level":0}