{"gold_per_floor":[112,132,145,158,38,38,48,65,65,65,84,84,84,184,184,184],"floor_reached":16,"playtime":1491,"items_purged":["Defend_B"],"score":122,"play_id":"818c6e4b-e87e-4b88-8ca9-2af1380fb67f","local_time":"20180820183638","is_ascension_mode":true,"campfire_choices":[{"data":"Zap","floor":6,"key":"SMITH"},{"floor":13,"key":"REST"},{"floor":15,"key":"REST"}],"neow_cost":"NONE","seed_source_timestamp":117175229541239,"circlet_count":0,"master_deck":["Strike_B","Strike_B","Strike_B","Strike_B","Defend_B","Defend_B","Defend_B","Zap+1","Dualcast","Core Surge","Heatsinks","White Noise","Conserve Battery","Recycle","Coolheaded","Storm","Leap","Cold Snap"],"relics":["Cracked Core","Pen Nib"],"potions_floor_usage":[7,16],"damage_taken":[{"damage":1,"enemies":"Cultist","floor":1,"turns":3},{"damage":5,"enemies":"Small Slimes","floor":2,"turns":4},{"damage":9,"enemies":"Jaw Worm","floor":3,"turns":4},{"damage":25,"enemies":"Gremlin Gang","floor":4,"turns":5},{"damage":11,"enemies":"Large Slime","floor":7,"turns":4},{"damage":9,"enemies":"Red Slaver","floor":8,"turns":4},{"damage":21,"enemies":"Gremlin Gang","floor":11,"turns":4},{"damage":49,"enemies":"Hexaghost","floor":16,"turns":9}],"seed_played":"-2676178541058709120","potions_obtained":[{"floor":3,"key":"FairyPotion"},{"floor":4,"key":"LiquidBronze"},{"floor":11,"key":"Strength Potion"}],"is_trial":false,"path_per_floor":["M","M","M","M","$","R","M","M","T","$","M","$","R","?","R"],"character_chosen":"DEFECT","items_purchased":["Coolheaded"],"campfire_rested":2,"item_purchase_floors":[5],"current_hp_per_floor":[67,62,53,28,28,28,17,8,8,8,1,1,23,23,45,0],"gold":184,"neow_bonus":"ONE_RANDOM_RARE_CARD","is_prod":false,"is_daily":false,"chose_seed":false,"campfire_upgraded":1,"win_rate":0,"timestamp":1534815398,"path_taken":["M","M","M","M","?","R","M","M","T","$","M","$","R","?","R","BOSS"],"build_version":"2018-08-16","purchased_purges":1,"victory":false,"max_hp_per_floor":[75,75,75,75,75,75,75,75,75,75,75,75,75,75,75,75],"card_choices":[{"not_picked":["Streamline","Reinforced Body"],"picked":"Heatsinks","floor":1},{"not_picked":["Coolheaded","Turbo"],"picked":"White Noise","floor":2},{"not_picked":["Leap","Streamline"],"picked":"Conserve Battery","floor":3},{"not_picked":["Barrage","Double Energy"],"picked":"Recycle","floor":4},{"not_picked":["Redo","Coolheaded"],"picked":"Storm","floor":7},{"not_picked":["Gash","Beam Cell"],"picked":"Leap","floor":8},{"not_picked":["Doom and Gloom","Steam"],"picked":"Cold Snap","floor":11}],"player_experience":696601,"relics_obtained":[{"floor":9,"key":"Pen Nib"}],"event_choices":[{"event_name":"Wheel of Change","player_choice":"Gold","floor":14,"damage_taken":0}],"is_beta":false,"boss_relics":[],"items_purged_floors":[5],"is_endless":false,"potions_floor_spawned":[3,4,11],"killed_by":"Hexaghost","ascension_level":6}