{"gold_per_floor":[119,131,131,131,11,11,39,39,65,95,114,143,64,79,79,157,157,175,190,190,190,46,46],"floor_reached":23,"playtime":828,"items_purged":["Strike_R"],"score":406,"play_id":"fbc4923d-45ad-469f-a550-7a2bc775d336","local_time":"20190404171626","is_ascension_mode":true,"campfire_choices":[{"data":"Bash","floor":6,"key":"SMITH"},{"data":"Carnage","floor":15,"key":"SMITH"}],"neow_cost":"NONE","seed_source_timestamp":5784936120514,"circlet_count":0,"master_deck":["AscendersBane","Strike_R","Strike_R","Strike_R","Defend_R","Defend_R","Defend_R","Defend_R","Bash+1","Whirlwind+1","Hemokinesis","Shrug It Off","Carnage+1","Metallicize","Rampage","Shrug It Off","Immolate","Armaments","J.A.X.","Disarm"],"relics":["Burning Blood","NeowsBlessing","Question Card","Juzu Bracelet","Anchor","Vajra","Mummified Hand","Black Star","Oddly Smooth Stone"],"potions_floor_usage":[16,16,23],"damage_taken":[{"damage":0,"enemies":"Small Slimes","floor":1,"turns":2},{"damage":0,"enemies":"Jaw Worm","floor":2,"turns":1},{"damage":0,"enemies":"Lagavulin","floor":7,"turns":1},{"damage":18,"enemies":"3 Sentries","floor":10,"turns":5},{"damage":1,"enemies":"Cultist","floor":11,"turns":3},{"damage":26,"enemies":"Gremlin Nob","floor":12,"turns":4},{"damage":8,"enemies":"Blue Slaver","floor":14,"turns":3},{"damage":49,"enemies":"Hexaghost","floor":16,"turns":12},{"damage":28,"enemies":"3 Byrds","floor":18,"turns":5},{"damage":9,"enemies":"2 Thieves","floor":19,"turns":5},{"damage":38,"enemies":"Gremlin Leader","floor":23,"turns":5}],"seed_played":"7060735080714179528","potions_obtained":[{"floor":1,"key":"Dexterity Potion"},{"floor":10,"key":"BloodPotion"},{"floor":16,"key":"LiquidBronze"},{"floor":19,"key":"Ancient Potion"}],"is_trial":false,"path_per_floor":["M","M","?","T","$","R","E","?","T","E","M","E","$","M","R","B",null,"M","M","?","?","$","E"],"character_chosen":"IRONCLAD","items_purchased":["Shrug It Off","Rampage","Oddly Smooth Stone"],"campfire_rested":0,"item_purchase_floors":[5,13,22],"current_hp_per_floor":[74,75,75,75,75,75,75,75,75,63,68,48,48,46,46,10,59,37,34,34,34,34,0],"gold":46,"neow_bonus":"THREE_ENEMY_KILL","is_prod":false,"is_daily":false,"chose_seed":false,"campfire_upgraded":2,"win_rate":0,"timestamp":1554408986,"path_taken":["M","M","?","?","$","R","E","?","T","E","M","E","$","M","R","BOSS","M","M","?","?","$","E"],"build_version":"2019-01-23","purchased_purges":1,"victory":false,"max_hp_per_floor":[75,75,75,75,75,75,75,75,75,75,75,75,75,75,75,75,75,75,75,75,75,75,75],"card_choices":[{"not_picked":["Pummel","Sword Boomerang"],"picked":"Whirlwind","floor":1},{"not_picked":["Seeing Red","Dual Wield"],"picked":"Hemokinesis","floor":2},{"not_picked":["Cleave","Armaments","Wild Strike"],"picked":"Carnage","floor":7},{"not_picked":["Shockwave","Cleave","Thunderclap"],"picked":"Metallicize","floor":10},{"not_picked":["Reckless Charge","Wild Strike","Hemokinesis","Bloodletting"],"picked":"SKIP","floor":11},{"not_picked":["Ghostly Armor","Pommel Strike","Sentinel","Havoc"],"picked":"SKIP","floor":12},{"not_picked":["True Grit","Iron Wave","Warcry"],"picked":"Shrug It Off","floor":14},{"not_picked":["Barricade","Juggernaut","Berserk"],"picked":"Immolate","floor":16},{"not_picked":["Whirlwind","Rampage","Dual Wield","True Grit"],"picked":"SKIP","floor":18},{"not_picked":["Twin Strike","Iron Wave","Perfected Strike"],"picked":"Armaments","floor":19}],"player_experience":512841,"relics_obtained":[{"floor":4,"key":"Question Card"},{"floor":7,"key":"Juzu Bracelet"},{"floor":9,"key":"Anchor"},{"floor":10,"key":"Vajra"},{"floor":12,"key":"Mummified Hand"}],"event_choices":[{"damage_healed":0,"gold_gain":0,"player_choice":"Grow","damage_taken":0,"max_hp_gain":0,"max_hp_loss":0,"event_name":"Living Wall","floor":3,"gold_loss":0,"cards_upgraded":["Whirlwind"]},{"cards_removed":["Strike_R"],"damage_healed":0,"gold_gain":0,"player_choice":"Purged","damage_taken":0,"max_hp_gain":0,"max_hp_loss":0,"event_name":"Purifier","floor":8,"gold_loss":0},{"damage_healed":0,"gold_gain":0,"player_choice":"Obtain J.A.X.","damage_taken":0,"max_hp_gain":0,"max_hp_loss":0,"event_name":"Drug Dealer","floor":20,"gold_loss":0,"cards_obtained":["J.A.X."]},{"damage_healed":0,"gold_gain":0,"player_choice":"Read","damage_taken":0,"max_hp_gain":0,"max_hp_loss":0,"event_name":"The Library","floor":21,"gold_loss":0,"cards_obtained":["Disarm"]}],"is_beta":false,"boss_relics":[{"not_picked":["Philosopher\u0027s Stone","Mark of Pain"],"picked":"Black Star"}],"items_purged_floors":[5],"is_endless":false,"potions_floor_spawned":[1,10,16,19],"killed_by":"Gremlin Leader","ascension_level":15}