{"gold_per_floor":[112,122,140,140,102,135,153,178,258,258,258,292,312,339,339,441,441,451,451,470,482,117,117],"floor_reached":23,"playtime":2486,"items_purged":["Parasite"],"score":379,"play_id":"2c618e8d-c03b-4713-94a0-a84c8f59fba7","local_time":"20180904152005","is_ascension_mode":true,"campfire_choices":[{"floor":10,"key":"REST"},{"floor":15,"key":"REST"}],"neow_cost":"NONE","seed_source_timestamp":710324431255224,"circlet_count":0,"master_deck":["Strike_R","Strike_R","Strike_R","Strike_R","Defend_R","Defend_R","Defend_R","Defend_R","Bash","Dual Wield","Anger","Inflame","Anger","Carnage","Pommel Strike","Demon Form","Thunderclap","Armaments+1","Shrug It Off+1","Warcry+1","Impervious+1","Injury","Regret","True Grit+1","Sentinel+1","Flex+1","Flex+1","Madness+1"],"relics":["Burning Blood","Dream Catcher","Nunchaku","Toxic Egg 2","Vajra","Mummified Hand","Calling Bell","Oddly Smooth Stone","Ornamental Fan","Unceasing Top","Pen Nib"],"potions_floor_usage":[8,18,21,23,23],"damage_taken":[{"damage":16,"enemies":"Small Slimes","floor":1,"turns":4},{"damage":2,"enemies":"2 Louse","floor":2,"turns":3},{"damage":1,"enemies":"Cultist","floor":3,"turns":3},{"damage":31,"enemies":"Gremlin Nob","floor":6,"turns":4},{"damage":0,"enemies":"Large Slime","floor":7,"turns":3},{"damage":25,"enemies":"3 Sentries","floor":8,"turns":8},{"damage":20,"enemies":"Lagavulin","floor":12,"turns":5},{"damage":6,"enemies":"Exordium Thugs","floor":13,"turns":4},{"damage":7,"enemies":"Gremlin Nob","floor":14,"turns":3},{"damage":0,"enemies":"Slime Boss","floor":16,"turns":7},{"damage":29,"enemies":"2 Thieves","floor":18,"turns":5},{"damage":21,"enemies":"Spheric Guardian","floor":20,"turns":6},{"damage":24,"enemies":"Snake Plant","floor":21,"turns":4},{"damage":52,"enemies":"Gremlin Leader","floor":23,"turns":7}],"seed_played":"-3373878474258118944","potions_obtained":[{"floor":2,"key":"EssenceOfSteel"},{"floor":3,"key":"LiquidBronze"},{"floor":7,"key":"SpeedPotion"},{"floor":14,"key":"FearPotion"},{"floor":18,"key":"Dexterity Potion"}],"is_trial":false,"path_per_floor":["M","M","M","?","$","E","M","E","T","R","?","E","M","E","R","B",null,"M","?","M","M","$"],"character_chosen":"IRONCLAD","items_purchased":["Carnage","Pen Nib","Flex+1","Madness+1"],"campfire_rested":2,"item_purchase_floors":[5,22,22,22],"current_hp_per_floor":[62,66,71,76,76,51,57,38,38,63,63,49,49,48,73,79,84,61,85,70,52,52,0],"gold":117,"neow_bonus":"TRANSFORM_CARD","is_prod":false,"is_daily":false,"chose_seed":false,"campfire_upgraded":0,"win_rate":0,"timestamp":1536067205,"path_taken":["M","M","M","?","?","E","M","E","T","R","?","E","?","E","R","BOSS","M","?","M","M","$","E"],"build_version":"2018-08-30","purchased_purges":1,"victory":false,"max_hp_per_floor":[80,80,80,85,85,85,85,85,85,85,85,85,85,85,85,85,85,85,85,85,85,82,82],"card_choices":[{"not_picked":["Headbutt","Wild Strike"],"picked":"Anger","floor":1},{"not_picked":["Whirlwind","Heavy Blade"],"picked":"Inflame","floor":2},{"not_picked":["Shrug It Off","Pommel Strike"],"picked":"Anger","floor":3},{"not_picked":["Burning Pact","Power Through"],"picked":"Pommel Strike","floor":6},{"not_picked":["Sentinel","Armaments"],"picked":"Demon Form","floor":7},{"not_picked":["Corruption","Seeing Red"],"picked":"Thunderclap","floor":8},{"not_picked":["Perfected Strike","Power Through+1"],"picked":"Armaments+1","floor":10},{"not_picked":["Wild Strike","Perfected Strike","Sword Boomerang"],"picked":"SKIP","floor":12},{"not_picked":["Pummel","Perfected Strike"],"picked":"Shrug It Off+1","floor":13},{"not_picked":["Iron Wave","Power Through+1","Dropkick"],"picked":"SKIP","floor":14},{"not_picked":["Headbutt","Iron Wave"],"picked":"Warcry+1","floor":15},{"not_picked":["Double Tap+1","Offering+1"],"picked":"Impervious+1","floor":16},{"not_picked":["Perfected Strike","Fire Breathing"],"picked":"True Grit+1","floor":18},{"not_picked":["Heavy Blade","Corruption"],"picked":"Sentinel+1","floor":20},{"not_picked":["True Grit+1","Armaments+1"],"picked":"Flex+1","floor":21}],"player_experience":306524,"relics_obtained":[{"floor":6,"key":"Dream Catcher"},{"floor":8,"key":"Nunchaku"},{"floor":9,"key":"Toxic Egg 2"},{"floor":12,"key":"Vajra"},{"floor":14,"key":"Mummified Hand"},{"floor":17,"key":"Oddly Smooth Stone"},{"floor":17,"key":"Ornamental Fan"},{"floor":17,"key":"Unceasing Top"}],"event_choices":[{"event_name":"Big Fish","player_choice":"Donut","floor":4,"damage_taken":0},{"event_name":"The Woman in Blue","player_choice":"Bought 0 Potions","floor":11,"damage_taken":0},{"event_name":"The Library","player_choice":"Heal","floor":19,"damage_taken":0}],"is_beta":false,"boss_relics":[{"not_picked":["Orrery","Astrolabe"],"picked":"Calling Bell"}],"items_purged_floors":[22],"is_endless":false,"potions_floor_spawned":[2,3,7,14,18],"killed_by":"Gremlin Leader","ascension_level":8}