{"gold_per_floor":[114,114,128,128,147,147,147,19,19,19,47,65,77,21,21,95,95,95],"floor_reached":18,"playtime":496,"items_purged":["Strike_B"],"score":304,"play_id":"bece65bc-2fce-40ed-82cd-53f1dece6815","local_time":"20181126134601","is_ascension_mode":true,"campfire_choices":[{"data":"Melter","floor":6,"key":"SMITH"},{"data":"Go for the Eyes","floor":10,"key":"SMITH"},{"data":"Rainbow","floor":15,"key":"SMITH"}],"neow_cost":"NONE","seed_source_timestamp":10489139534752,"circlet_count":0,"master_deck":["AscendersBane","Strike_B","Strike_B","Defend_B","Defend_B","Defend_B","Defend_B","Zap","Dualcast","Melter+1","Cold Snap","Normality","Compile Driver","Go for the Eyes+1","Cold Snap","Conserve Battery","Rainbow+1","Doom and Gloom","Chaos","Ball Lightning","Echo Form"],"relics":["Cracked Core","Cables","Pen Nib","Philosopher\u0027s Stone"],"potions_floor_usage":[16,16],"damage_taken":[{"damage":7,"enemies":"Jaw Worm","floor":1,"turns":4},{"damage":0,"enemies":"Cultist","floor":3,"turns":3},{"damage":0,"enemies":"2 Louse","floor":5,"turns":3},{"damage":15,"enemies":"3 Sentries","floor":11,"turns":8},{"damage":0,"enemies":"Blue Slaver","floor":12,"turns":3},{"damage":2,"enemies":"3 Louse","floor":13,"turns":3},{"damage":24,"enemies":"Slime Boss","floor":16,"turns":8},{"damage":57,"enemies":"3 Byrds","floor":18,"turns":2}],"seed_played":"6985237487734471086","potions_obtained":[{"floor":5,"key":"FearPotion"},{"floor":13,"key":"Explosive Potion"}],"is_trial":false,"path_per_floor":["M","?","M","?","M","R","?","$","T","R","E","M","M","$","R","B",null,"M"],"character_chosen":"DEFECT","items_purchased":["Conserve Battery","Ball Lightning"],"campfire_rested":0,"item_purchase_floors":[8,14],"current_hp_per_floor":[57,57,57,57,57,57,57,57,57,57,42,42,40,40,40,16,57,0],"gold":95,"neow_bonus":"TRANSFORM_CARD","is_prod":false,"is_daily":false,"chose_seed":false,"campfire_upgraded":3,"win_rate":0,"timestamp":1543236361,"path_taken":["M","?","?","?","M","R","?","?","T","R","E","M","M","$","R","BOSS","M"],"build_version":"2018-11-15","purchased_purges":1,"victory":false,"max_hp_per_floor":[71,71,71,71,71,71,71,71,71,71,71,71,71,71,71,71,71,71],"card_choices":[{"not_picked":["Turbo","Hologram"],"picked":"Cold Snap","floor":1},{"not_picked":["Sweeping Beam","Cold Snap"],"picked":"Go for the Eyes","floor":3},{"not_picked":["Steam","Stack"],"picked":"Cold Snap","floor":5},{"not_picked":["Force Field","Heatsinks"],"picked":"Rainbow","floor":11},{"not_picked":["Double Energy","Steam"],"picked":"Doom and Gloom","floor":12},{"not_picked":["Conserve Battery","Storm"],"picked":"Chaos","floor":13},{"not_picked":["Rainbow","Fission"],"picked":"Echo Form","floor":16}],"player_experience":868782,"relics_obtained":[{"floor":9,"key":"Cables"},{"floor":11,"key":"Pen Nib"}],"event_choices":[{"damage_healed":0,"gold_gain":0,"player_choice":"2 cards matched","damage_taken":0,"max_hp_gain":0,"max_hp_loss":0,"event_name":"Match and Keep!","floor":2,"gold_loss":0,"cards_obtained":["Normality","Compile Driver"]},{"damage_healed":0,"gold_gain":0,"player_choice":"Ignored","damage_taken":0,"max_hp_gain":0,"max_hp_loss":0,"event_name":"Golden Idol","floor":4,"gold_loss":0},{"damage_healed":0,"gold_gain":0,"player_choice":"Ignored","damage_taken":0,"max_hp_gain":0,"max_hp_loss":0,"event_name":"Liars Game","floor":7,"gold_loss":0}],"is_beta":false,"boss_relics":[{"not_picked":["Inserter","Pandora\u0027s Box"],"picked":"Philosopher\u0027s Stone"}],"items_purged_floors":[8],"is_endless":false,"potions_floor_spawned":[5,13],"killed_by":"3 Byrds","ascension_level":18}