{"gold_per_floor":[116,136,136,159,178,209,209,236,260,279,279,22,42,55,55,160,160,177,177,188,208,208,242,254,254,254,288,308,308,308,10,10,106,106,122,122,222,25,36,61,0,10,10,44,44,63,63,79,79,79,79,79,4,36,36],"floor_reached":55,"playtime":4950,"items_purged":["Pain"],"score":1040,"play_id":"2e107e08-0fab-466a-9b41-edb15bd11f8e","local_time":"20190227221951","is_ascension_mode":true,"campfire_choices":[{"floor":7,"key":"REST"},{"floor":15,"key":"REST"},{"data":"Recycle","floor":25,"key":"SMITH"},{"floor":30,"key":"REST"},{"data":"Echo Form","floor":32,"key":"SMITH"},{"floor":45,"key":"RECALL"},{"data":"Chill","floor":47,"key":"SMITH"},{"data":"Coolheaded","floor":49,"key":"SMITH"},{"data":"Capacitor","floor":52,"key":"SMITH"}],"neow_cost":"CURSE","seed_source_timestamp":155673752256700,"circlet_count":0,"master_deck":["Strike_B+1","Strike_B+1","Strike_B+1","Strike_B+1","Defend_B+1","Defend_B+1","Defend_B+1","Defend_B+1","Zap","Dualcast+1","Recycle+1","Coolheaded+1","Hologram","Capacitor+1","Steam","Self Repair","Echo Form+1","Chill+1","Core Surge","Undo+1","Steam Power+1","Scrape","Coolheaded+1","Conserve Battery","Barrage+1","Madness","Madness","Melter+1","Capacitor+1","Reboot","Ball Lightning","Clumsy","Hologram","Reinforced Body","Glacier"],"relics":["Cracked Core","Dead Branch","Bronze Scales","Orichalcum","Strawberry","WarpedTongs","War Paint","Busted Crown","Nilry\u0027s Codex","Frozen Egg 2","Calipers","PreservedInsect","Cables","Cursed Key","Turnip","Lantern","Red Mask","Thread and Needle","Happy Flower","Bag of Marbles"],"potions_floor_usage":[6,6,8,18,20,24,50],"damage_taken":[{"damage":0,"enemies":"2 Louse","floor":1,"turns":2},{"damage":8,"enemies":"Jaw Worm","floor":2,"turns":5},{"damage":1,"enemies":"Cultist","floor":5,"turns":4},{"damage":15,"enemies":"3 Sentries","floor":6,"turns":5},{"damage":53,"enemies":"Gremlin Nob","floor":8,"turns":7},{"damage":4,"enemies":"Large Slime","floor":10,"turns":5},{"damage":0,"enemies":"Lots of Slimes","floor":13,"turns":5},{"damage":0,"enemies":"3 Louse","floor":14,"turns":3},{"damage":17,"enemies":"Slime Boss","floor":16,"turns":11},{"damage":11,"enemies":"2 Thieves","floor":18,"turns":4},{"damage":11,"enemies":"Shell Parasite","floor":20,"turns":4},{"damage":4,"enemies":"Snake Plant","floor":21,"turns":9},{"damage":6,"enemies":"Book of Stabbing","floor":23,"turns":7},{"damage":12,"enemies":"Snecko","floor":24,"turns":5},{"damage":36,"enemies":"Gremlin Leader","floor":27,"turns":7},{"damage":0,"enemies":"Sentry and Sphere","floor":28,"turns":4},{"damage":19,"enemies":"Collector","floor":33,"turns":13},{"damage":14,"enemies":"3 Darklings","floor":35,"turns":4},{"damage":0,"enemies":"Mind Bloom Boss Battle","floor":37,"turns":5},{"damage":0,"enemies":"Orb Walker","floor":39,"turns":3},{"damage":13,"enemies":"Reptomancer","floor":40,"turns":4},{"damage":9,"enemies":"Writhing Mass","floor":42,"turns":5},{"damage":0,"enemies":"Giant Head","floor":44,"turns":7},{"damage":8,"enemies":"Sphere and 2 Shapes","floor":46,"turns":5},{"damage":0,"enemies":"Spire Growth","floor":48,"turns":6},{"damage":18,"enemies":"Time Eater","floor":50,"turns":12},{"damage":53,"enemies":"Shield and Spear","floor":54,"turns":7},{"damage":37,"enemies":"The Heart","floor":55,"turns":3}],"seed_played":"4797747774192131473","potions_obtained":[{"floor":1,"key":"Explosive Potion"},{"floor":2,"key":"Block Potion"},{"floor":6,"key":"SteroidPotion"},{"floor":16,"key":"Block Potion"},{"floor":18,"key":"EssenceOfSteel"},{"floor":21,"key":"Ancient Potion"},{"floor":27,"key":"SteroidPotion"},{"floor":40,"key":"FearPotion"},{"floor":44,"key":"EssenceOfSteel"}],"is_trial":false,"path_per_floor":["M","M","?","T","M","E","R","E","T","M","?","$","M","M","R","B",null,"M","?","M","M","?","E","M","R","T","E","M","?","R","$","R","B",null,"M","?","?","$","M","E","?","M","T","E","R","M","R","M","R","B",null,"R","$","E","B"],"character_chosen":"DEFECT","items_purchased":["Self Repair","War Paint","Cables","Conserve Battery","Capacitor+1","Reboot","Glacier"],"campfire_rested":3,"item_purchase_floors":[12,12,31,31,38,38,53],"current_hp_per_floor":[68,60,53,53,52,37,59,13,13,9,9,9,19,26,50,40,72,68,52,48,64,64,78,73,73,73,47,54,38,64,64,64,52,78,71,60,60,60,67,54,54,45,45,52,52,58,58,65,65,54,79,79,79,33,0],"gold":36,"neow_bonus":"ONE_RARE_RELIC","is_prod":false,"is_daily":false,"chose_seed":false,"campfire_upgraded":5,"win_rate":0,"timestamp":1551331191,"path_taken":["M","M","?","?","?","E","R","E","T","M","?","$","M","?","R","BOSS","M","?","M","M","?","E","M","R","T","E","M","?","R","?","R","BOSS","M","?","?","$","M","E","?","?","T","E","R","M","R","?","R","BOSS","R","$","E","BOSS"],"build_version":"2019-02-06","purchased_purges":1,"victory":false,"max_hp_per_floor":[75,75,75,75,75,75,75,82,82,82,82,82,82,82,82,82,82,82,82,82,82,82,82,82,82,82,82,82,87,87,87,87,87,87,87,87,87,87,87,87,87,87,87,87,87,87,87,87,87,87,87,87,87,87,87],"card_choices":[{"not_picked":["Lockon","Blizzard"],"picked":"Recycle","floor":1},{"not_picked":["Melter","Ball Lightning"],"picked":"Coolheaded","floor":2},{"not_picked":["Ball Lightning","Stack"],"picked":"Hologram","floor":5},{"not_picked":["Cold Snap","Sweeping Beam"],"picked":"Capacitor","floor":6},{"not_picked":["Beam Cell","Chaos","Redo"],"picked":"SKIP","floor":8},{"not_picked":["Beam Cell","Streamline"],"picked":"Steam","floor":10},{"not_picked":["Heatsinks","Turbo"],"picked":"Echo Form","floor":13},{"not_picked":["Gash","Static Discharge"],"picked":"Chill","floor":14},{"not_picked":["Multi-Cast","Biased Cognition"],"picked":"Core Surge","floor":16},{"not_picked":["Lockon"],"picked":"SKIP","floor":18},{"not_picked":[],"picked":"Undo+1","floor":20},{"not_picked":[],"picked":"Steam Power+1","floor":21},{"not_picked":["Melter"],"picked":"SKIP","floor":23},{"not_picked":[],"picked":"Scrape","floor":24},{"not_picked":["Rebound"],"picked":"SKIP","floor":27},{"not_picked":[],"picked":"Coolheaded","floor":28},{"not_picked":[],"picked":"Barrage+1","floor":35},{"not_picked":[],"picked":"Melter+1","floor":37},{"not_picked":["Gash"],"picked":"SKIP","floor":39},{"not_picked":[],"picked":"Ball Lightning","floor":40},{"not_picked":["Tempest"],"picked":"SKIP","floor":42},{"not_picked":[],"picked":"Hologram","floor":44},{"not_picked":[],"picked":"Reinforced Body","floor":46},{"not_picked":["Rebound+1"],"picked":"SKIP","floor":48},{"not_picked":["Sunder"],"picked":"SKIP","floor":54}],"player_experience":562551,"relics_obtained":[{"floor":4,"key":"Bronze Scales"},{"floor":6,"key":"Orichalcum"},{"floor":8,"key":"Strawberry"},{"floor":19,"key":"Nilry\u0027s Codex"},{"floor":23,"key":"Frozen Egg 2"},{"floor":26,"key":"Calipers"},{"floor":27,"key":"PreservedInsect"},{"floor":37,"key":"Turnip"},{"floor":40,"key":"Lantern"},{"floor":43,"key":"Thread and Needle"},{"floor":44,"key":"Happy Flower"},{"floor":54,"key":"Bag of Marbles"}],"event_choices":[{"cards_removed":["Doubt"],"damage_healed":0,"gold_gain":0,"player_choice":"Card Removal","damage_taken":7,"max_hp_gain":0,"max_hp_loss":0,"event_name":"Golden Wing","floor":3,"gold_loss":0},{"damage_healed":0,"gold_gain":0,"player_choice":"Rummage","damage_taken":0,"relics_obtained":["WarpedTongs"],"max_hp_gain":0,"max_hp_loss":0,"event_name":"Accursed Blacksmith","floor":11,"gold_loss":0,"cards_obtained":["Pain"]},{"damage_healed":0,"gold_gain":0,"player_choice":"Obtained Book","damage_taken":16,"max_hp_gain":0,"max_hp_loss":0,"event_name":"Cursed Tome","floor":19,"gold_loss":0},{"damage_healed":0,"gold_gain":0,"player_choice":"Simplicity","damage_taken":0,"max_hp_gain":0,"max_hp_loss":0,"event_name":"Back to Basics","floor":22,"gold_loss":0,"cards_upgraded":["Strike_B","Strike_B","Strike_B","Strike_B","Defend_B","Defend_B","Defend_B","Defend_B"]},{"damage_healed":0,"gold_gain":0,"player_choice":"Shed Blood","damage_taken":21,"max_hp_gain":5,"max_hp_loss":0,"event_name":"Forgotten Altar","floor":29,"gold_loss":0},{"damage_healed":0,"gold_gain":0,"player_choice":"Embrace Madness","damage_taken":11,"max_hp_gain":0,"max_hp_loss":0,"event_name":"Winding Halls","floor":36,"gold_loss":0,"cards_obtained":["Madness","Madness"]},{"damage_healed":0,"gold_gain":0,"player_choice":"Fight","damage_taken":0,"max_hp_gain":0,"max_hp_loss":0,"event_name":"MindBloom","floor":37,"gold_loss":0},{"damage_healed":0,"gold_gain":0,"player_choice":"Paid","damage_taken":0,"relics_obtained":["Red Mask"],"max_hp_gain":0,"max_hp_loss":0,"event_name":"Tomb of Lord Red Mask","floor":41,"gold_loss":61}],"is_beta":true,"boss_relics":[{"not_picked":["Velvet Choker","Runic Pyramid"],"picked":"Busted Crown"},{"not_picked":["Black Star","Sozu"],"picked":"Cursed Key"}],"items_purged_floors":[12],"is_endless":false,"potions_floor_spawned":[1,2,6,16,18,21,27,40,44,46],"killed_by":"The Heart","ascension_level":7}