{"gold_per_floor":[118,128,140,158,158,185,185,217,242,256,281,90,101,119,119,217,517,537,556,176,176,196,196,223,68,113,113,142,142,241,261,261,366,366,379,31,51,51,51,83,83,97,123,23,42,67,67,87,87,87],"floor_reached":50,"playtime":2330,"items_purged":["Shame","Writhe"],"score":862,"play_id":"d3f15c94-c973-4956-821b-245774f10575","local_time":"20180906143947","is_ascension_mode":true,"campfire_choices":[{"data":"Bash","floor":7,"key":"SMITH"},{"floor":15,"key":"REST"},{"data":"Battle Trance","floor":23,"key":"SMITH"},{"data":"Anger","floor":29,"key":"SMITH"},{"floor":32,"key":"REST"},{"floor":41,"key":"REST"},{"floor":49,"key":"REST"}],"neow_cost":"NONE","seed_source_timestamp":155331669973391,"circlet_count":0,"master_deck":["Strike_R","Strike_R","Strike_R","Strike_R","Strike_R","Defend_R","Defend_R","Defend_R","Defend_R","Bash+1","Anger+1","Perfected Strike","Flex","Reckless Charge","Flex","Warcry","Battle Trance+1","Inflame","Anger","Iron Wave","Heavy Blade","Immolate","Shrug It Off+1","Intimidate+1","Anger","Intimidate","Flex+1","Anger","Writhe","Flex+1"],"relics":["Burning Blood","Unceasing Top","Orichalcum","Omamori","Blood Vial","Red Skull","Calling Bell","Potion Belt","Meat on the Bone","Old Coin","ClockworkSouvenir","Lantern","Self Forming Clay","Bag of Marbles","Regal Pillow","Anchor","Cursed Key","Vajra","Sling","Boot","Dream Catcher","Bag of Preparation"],"potions_floor_usage":[8,8,8,24,24,28,33,33,33,45,50,50],"damage_taken":[{"damage":1,"enemies":"Cultist","floor":1,"turns":3},{"damage":7,"enemies":"Jaw Worm","floor":2,"turns":4},{"damage":2,"enemies":"2 Louse","floor":3,"turns":3},{"damage":20,"enemies":"Exordium Wildlife","floor":4,"turns":5},{"damage":30,"enemies":"3 Sentries","floor":6,"turns":8},{"damage":25,"enemies":"Lagavulin","floor":8,"turns":5},{"damage":8,"enemies":"3 Louse","floor":10,"turns":4},{"damage":2,"enemies":"Gremlin Nob","floor":11,"turns":3},{"damage":8,"enemies":"Lots of Slimes","floor":13,"turns":3},{"damage":0,"enemies":"2 Fungi Beasts","floor":14,"turns":2},{"damage":12,"enemies":"Slime Boss","floor":16,"turns":9},{"damage":22,"enemies":"2 Thieves","floor":18,"turns":3},{"damage":5,"enemies":"Spheric Guardian","floor":19,"turns":3},{"damage":17,"enemies":"Centurion and Healer","floor":22,"turns":6},{"damage":23,"enemies":"Book of Stabbing","floor":24,"turns":3},{"damage":16,"enemies":"Slavers","floor":28,"turns":3},{"damage":20,"enemies":"Chosen and Byrds","floor":31,"turns":5},{"damage":71,"enemies":"Collector","floor":33,"turns":10},{"damage":4,"enemies":"Orb Walker","floor":35,"turns":3},{"damage":22,"enemies":"3 Darklings","floor":37,"turns":4},{"damage":45,"enemies":"Nemesis","floor":40,"turns":7},{"damage":12,"enemies":"Spire Growth","floor":42,"turns":5},{"damage":49,"enemies":"4 Shapes","floor":45,"turns":5},{"damage":23,"enemies":"2 Orb Walkers","floor":46,"turns":4},{"damage":19,"enemies":"Sphere and 2 Shapes","floor":48,"turns":3},{"damage":110,"enemies":"Awakened One","floor":50,"turns":9}],"seed_played":"-839202860930262391","potions_obtained":[{"floor":4,"key":"SteroidPotion"},{"floor":5,"key":"Fire Potion"},{"floor":5,"key":"Poison Potion"},{"floor":8,"key":"Swift Potion"},{"floor":10,"key":"Ancient Potion"},{"floor":13,"key":"BloodPotion"},{"floor":22,"key":"GamblersBrew"},{"floor":28,"key":"Fire Potion"},{"floor":31,"key":"LiquidBronze"},{"floor":42,"key":"PowerPotion"},{"floor":45,"key":"FairyPotion"},{"floor":46,"key":"Swift Potion"},{"floor":48,"key":"Fire Potion"}],"is_trial":false,"path_per_floor":["M","M","M","M","?","E","R","E","T","M","E","$","M","M","R","B",null,"M","M","$","?","M","R","E","$","T","?","E","R","?","M","R","B",null,"M","$","M","$","?","E","R","M","T","$","M","E","?","M","R"],"character_chosen":"IRONCLAD","items_purchased":["Red Skull","Anger","ClockworkSouvenir","Bandage Up","Bag of Marbles","Vajra","Sling"],"campfire_rested":4,"item_purchase_floors":[12,12,20,20,25,36,36],"current_hp_per_floor":[77,76,80,66,66,42,42,23,23,21,25,25,25,33,57,53,73,59,62,62,62,57,57,50,50,50,42,46,46,46,50,80,31,68,76,76,62,62,62,37,76,72,72,72,43,40,40,41,80,0],"gold":87,"neow_bonus":"THREE_CARDS","is_prod":false,"is_daily":false,"chose_seed":false,"campfire_upgraded":3,"win_rate":0,"timestamp":1536237587,"path_taken":["M","M","M","?","?","E","R","E","T","M","E","$","M","M","R","BOSS","M","M","$","?","M","R","E","$","T","?","E","R","?","?","R","BOSS","M","$","M","$","?","E","R","M","T","$","M","E","?","M","R","BOSS"],"build_version":"2018-08-30","purchased_purges":2,"victory":false,"max_hp_per_floor":[80,80,80,80,80,80,80,80,80,80,80,80,80,80,80,80,80,80,80,80,80,80,80,80,80,80,80,80,80,80,80,80,80,80,80,80,80,80,80,80,80,80,80,80,80,80,80,80,80,80],"card_choices":[{"not_picked":["Heavy Blade","Hemokinesis"],"picked":"Anger","floor":0},{"not_picked":["Armaments","Rampage"],"picked":"Perfected Strike","floor":1},{"not_picked":["Havoc","Bloodletting","Headbutt"],"picked":"SKIP","floor":2},{"not_picked":["Corruption","Searing Blow"],"picked":"Flex","floor":3},{"not_picked":["Searing Blow","Iron Wave"],"picked":"Reckless Charge","floor":4},{"not_picked":["Entrench","Juggernaut"],"picked":"Flex","floor":6},{"not_picked":["Armaments","Corruption"],"picked":"Warcry","floor":8},{"not_picked":["Wild Strike","Uppercut"],"picked":"Battle Trance","floor":10},{"not_picked":["Headbutt","Heavy Blade"],"picked":"Inflame","floor":11},{"not_picked":["Iron Wave","Disarm","Evolve"],"picked":"SKIP","floor":13},{"not_picked":["Disarm","Evolve"],"picked":"Iron Wave","floor":13},{"not_picked":["Armaments","Sword Boomerang"],"picked":"Heavy Blade","floor":14},{"not_picked":["Berserk","Fiend Fire"],"picked":"Immolate","floor":16},{"not_picked":["Pommel Strike","Second Wind","Infernal Blade"],"picked":"SKIP","floor":18},{"not_picked":["Cleave","Sentinel"],"picked":"Shrug It Off+1","floor":19},{"not_picked":["Entrench","Sentinel"],"picked":"Intimidate+1","floor":22},{"not_picked":["Clash","Warcry"],"picked":"Anger","floor":24},{"not_picked":["Thunderclap","Carnage+1"],"picked":"Intimidate","floor":28},{"not_picked":["Clothesline","True Grit+1","Searing Blow"],"picked":"SKIP","floor":31},{"not_picked":["Perfected Strike","Rampage","Shrug It Off"],"picked":"SKIP","floor":35},{"not_picked":["Havoc","Infernal Blade","Blood for Blood"],"picked":"SKIP","floor":37},{"not_picked":["Blood for Blood","Bludgeon"],"picked":"Flex+1","floor":40},{"not_picked":["Dual Wield","Pommel Strike"],"picked":"Anger","floor":42},{"not_picked":["Iron Wave","True Grit+1","Whirlwind"],"picked":"SKIP","floor":45},{"not_picked":["Corruption","Rage","Metallicize"],"picked":"SKIP","floor":46},{"not_picked":["Pommel Strike+1","Clash+1"],"picked":"Flex+1","floor":48}],"player_experience":314525,"relics_obtained":[{"floor":6,"key":"Unceasing Top"},{"floor":8,"key":"Orichalcum"},{"floor":9,"key":"Omamori"},{"floor":11,"key":"Blood Vial"},{"floor":17,"key":"Potion Belt"},{"floor":17,"key":"Meat on the Bone"},{"floor":17,"key":"Old Coin"},{"floor":24,"key":"Self Forming Clay"},{"floor":26,"key":"Regal Pillow"},{"floor":28,"key":"Anchor"},{"floor":40,"key":"Boot"},{"floor":43,"key":"Dream Catcher"},{"floor":46,"key":"Bag of Preparation"}],"event_choices":[{"event_name":"The Lab","player_choice":"Got Potions","floor":5,"damage_taken":0},{"event_name":"The Mausoleum","player_choice":"Yes","floor":21,"damage_taken":0},{"event_name":"Knowing Skull","player_choice":"","floor":27,"damage_taken":0},{"event_name":"Nest","player_choice":"Stole From Cult","floor":30,"damage_taken":0},{"event_name":"Falling","player_choice":"Removed Skill","floor":39,"damage_taken":0},{"event_name":"FaceTrader","player_choice":"Leave","floor":47,"damage_taken":0}],"is_beta":false,"boss_relics":[{"not_picked":["Velvet Choker","Coffee Dripper"],"picked":"Calling Bell"},{"not_picked":["Snecko Eye","Runic Dome"],"picked":"Cursed Key"}],"items_purged_floors":[20,44],"is_endless":false,"potions_floor_spawned":[4,6,8,10,13,22,28,31,42,45,46,48],"killed_by":"Awakened One","ascension_level":8}