{"gold_per_floor":[111,130,130,148,148,148,182,182,182,210,210,89,89,118,118,196,196,208,208,219,219,219,219,249,265,288,320,320,348,368,385,385,385],"floor_reached":33,"playtime":1612,"items_purged":[],"score":698,"play_id":"5839e363-fe08-4acf-a96c-0a8000ba04b2","local_time":"20181029135256","is_ascension_mode":true,"campfire_choices":[{"data":"Skewer","floor":6,"key":"SMITH"},{"data":"Distraction","floor":11,"key":"SMITH"},{"floor":13,"key":"REST"},{"floor":15,"key":"REST"},{"data":"After Image","floor":23,"key":"SMITH"},{"data":"Caltrops","floor":28,"key":"SMITH"},{"data":"Ghostly","floor":32,"key":"SMITH"}],"neow_cost":"NONE","seed_source_timestamp":422930083617683,"circlet_count":0,"master_deck":["Defend_G","Defend_G","Defend_G","Defend_G","Defend_G","Strike_G","Strike_G","Strike_G","Strike_G+1","Survivor","Neutralize+1","AscendersBane","Skewer+1","Infinite Blades","Leg Sweep","Distraction+1","Caltrops+1","Dagger Spray","Footwork","Bandage Up","After Image+1","Glass Knife+1","Slice+1","Ghostly+1","Ghostly","Ghostly","Ghostly","Ghostly","Caltrops"],"relics":["Ring of the Snake","The Courier","Pear","Omamori","Mummified Hand","Sozu","MutagenicStrength","Dodecahedron","Whetstone","Anchor","Pantograph"],"potions_floor_usage":[14],"damage_taken":[{"damage":0,"enemies":"Cultist","floor":1,"turns":4},{"damage":0,"enemies":"Jaw Worm","floor":2,"turns":5},{"damage":0,"enemies":"2 Louse","floor":4,"turns":2},{"damage":21,"enemies":"Lagavulin","floor":7,"turns":9},{"damage":28,"enemies":"3 Sentries","floor":10,"turns":10},{"damage":30,"enemies":"Gremlin Nob","floor":14,"turns":6},{"damage":29,"enemies":"The Guardian","floor":16,"turns":18},{"damage":5,"enemies":"Spheric Guardian","floor":18,"turns":3},{"damage":3,"enemies":"3 Byrds","floor":20,"turns":6},{"damage":0,"enemies":"Slavers","floor":24,"turns":6},{"damage":0,"enemies":"3 Cultists","floor":25,"turns":6},{"damage":0,"enemies":"Book of Stabbing","floor":27,"turns":7},{"damage":0,"enemies":"Slavers","floor":29,"turns":2},{"damage":0,"enemies":"Chosen and Byrds","floor":30,"turns":7},{"damage":5,"enemies":"Centurion and Healer","floor":31,"turns":8},{"damage":52,"enemies":"Automaton","floor":33,"turns":12}],"seed_played":"-7397153853874827652","potions_obtained":[{"floor":4,"key":"GhostInAJar"},{"floor":7,"key":"Energy Potion"}],"is_trial":false,"path_per_floor":["M","M","?","M","?","R","E","?","T","E","R","$","R","E","R","B",null,"M","?","M","?","?","R","E","M","T","E","R","E","M","M","R"],"character_chosen":"THE_SILENT","items_purchased":["Footwork","Bandage Up"],"campfire_rested":2,"item_purchase_floors":[12,12],"current_hp_per_floor":[59,59,59,59,59,59,38,38,48,20,20,20,42,16,38,13,60,55,55,56,56,38,38,38,38,38,38,38,38,38,33,33,0],"gold":385,"neow_bonus":"UPGRADE_CARD","is_prod":false,"is_daily":false,"chose_seed":false,"campfire_upgraded":5,"win_rate":0,"timestamp":1540817576,"path_taken":["M","M","?","M","?","R","E","?","T","E","R","?","R","E","R","BOSS","M","?","M","?","?","R","E","M","T","E","R","E","M","M","R","BOSS"],"build_version":"2018-10-25v2","purchased_purges":0,"victory":false,"max_hp_per_floor":[66,66,66,66,66,66,66,66,76,76,76,76,76,76,76,76,76,76,76,76,76,38,38,38,38,38,38,38,38,38,38,38,38],"card_choices":[{"not_picked":["Slice","Endless Agony"],"picked":"Skewer","floor":1},{"not_picked":["Flying Knee","Reflex"],"picked":"Infinite Blades","floor":2},{"not_picked":["Caltrops","Quick Slash"],"picked":"Leg Sweep","floor":4},{"not_picked":["Quick Slash","Distraction"],"picked":"Caltrops","floor":7},{"not_picked":["Tactician","Distraction"],"picked":"Dagger Spray","floor":10},{"not_picked":["Riddle With Holes","Accuracy"],"picked":"After Image","floor":14},{"not_picked":["Phantasmal Killer","Corpse Explosion"],"picked":"Glass Knife","floor":16},{"not_picked":["Setup","Finisher","Dagger Throw"],"picked":"SKIP","floor":18},{"not_picked":["Caltrops","Leg Sweep"],"picked":"Slice+1","floor":20},{"not_picked":["Deflect","Backflip","Dagger Spray"],"picked":"SKIP","floor":24},{"not_picked":["Sucker Punch","Deadly Poison","Underhanded Strike+1"],"picked":"SKIP","floor":25},{"not_picked":["Calculated Gamble+1","Expertise+1","Bullet Time"],"picked":"SKIP","floor":27},{"not_picked":["Cloak And Dagger","Blur"],"picked":"Caltrops","floor":29},{"not_picked":["Choke","Underhanded Strike","Endless Agony"],"picked":"SKIP","floor":30},{"not_picked":["Cloak And Dagger","Backflip","Slice+1"],"picked":"SKIP","floor":31}],"player_experience":623781,"relics_obtained":[{"floor":7,"key":"The Courier"},{"floor":9,"key":"Pear"},{"floor":10,"key":"Omamori"},{"floor":14,"key":"Mummified Hand"},{"floor":24,"key":"Dodecahedron"},{"floor":26,"key":"Whetstone"},{"floor":27,"key":"Anchor"},{"floor":29,"key":"Pantograph"}],"event_choices":[{"damage_healed":0,"gold_gain":0,"player_choice":"Ignored","damage_taken":0,"max_hp_gain":0,"max_hp_loss":0,"event_name":"Golden Idol","floor":3,"gold_loss":0},{"damage_healed":0,"gold_gain":0,"cards_transformed":["Strike_G"],"player_choice":"Transformed","damage_taken":0,"max_hp_gain":0,"max_hp_loss":0,"event_name":"Transmorgrifier","floor":5,"gold_loss":0,"cards_obtained":["Distraction"]},{"damage_healed":0,"gold_gain":0,"player_choice":"Ignored","damage_taken":0,"max_hp_gain":0,"max_hp_loss":0,"event_name":"Liars Game","floor":8,"gold_loss":0},{"damage_healed":0,"gold_gain":0,"player_choice":"Inject Mutagens","damage_taken":0,"relics_obtained":["MutagenicStrength"],"max_hp_gain":0,"max_hp_loss":0,"event_name":"Drug Dealer","floor":19,"gold_loss":0},{"damage_healed":0,"gold_gain":0,"player_choice":"Got Potions","damage_taken":0,"max_hp_gain":0,"max_hp_loss":0,"event_name":"The Lab","floor":21,"gold_loss":0},{"damage_healed":0,"gold_gain":0,"player_choice":"Became a Ghost","damage_taken":0,"max_hp_gain":0,"max_hp_loss":38,"event_name":"Ghosts","floor":22,"gold_loss":0,"cards_obtained":["Ghostly","Ghostly","Ghostly","Ghostly","Ghostly"]}],"is_beta":false,"boss_relics":[{"not_picked":["Philosopher\u0027s Stone","Tiny House"],"picked":"Sozu"}],"items_purged_floors":[],"is_endless":false,"potions_floor_spawned":[4,7,20,27,29],"killed_by":"Automaton","ascension_level":14}