{"gold_per_floor":[119,119,131,151,166,192,192,205,205,222,26,26,26,38,38,38],"floor_reached":16,"playtime":584,"items_purged":["Strike_B"],"score":203,"play_id":"05a5f77e-4027-41ea-8684-3bf343886130","local_time":"20181217133352","is_ascension_mode":true,"campfire_choices":[{"data":"Sweeping Beam","floor":7,"key":"SMITH"},{"floor":15,"key":"REST"}],"neow_cost":"NONE","seed_source_timestamp":11516154707416,"circlet_count":0,"master_deck":["AscendersBane","Strike_B","Strike_B","Defend_B","Defend_B","Defend_B","Defend_B","Zap+1","Dualcast","Thunder Strike","Melter","Sweeping Beam+1","Tempest","Conserve Battery","Coolheaded","Rip and Tear","Doom and Gloom","BootSequence"],"relics":["Cracked Core","Gremlin Horn","Mummified Hand"],"potions_floor_usage":[6,14,16],"damage_taken":[{"damage":7,"enemies":"Small Slimes","floor":1,"turns":3},{"damage":1,"enemies":"Cultist","floor":3,"turns":3},{"damage":2,"enemies":"2 Louse","floor":4,"turns":2},{"damage":4,"enemies":"Large Slime","floor":5,"turns":4},{"damage":18,"enemies":"Lagavulin","floor":6,"turns":6},{"damage":12,"enemies":"Lots of Slimes","floor":8,"turns":3},{"damage":0,"enemies":"Exordium Wildlife","floor":10,"turns":2},{"damage":0,"enemies":"Gremlin Gang","floor":14,"turns":1},{"damage":57,"enemies":"Slime Boss","floor":16,"turns":6}],"seed_played":"8891184043585713310","potions_obtained":[{"floor":1,"key":"Poison Potion"},{"floor":4,"key":"EssenceOfSteel"},{"floor":10,"key":"AttackPotion"}],"is_trial":false,"path_per_floor":["M","?","M","M","M","E","R","M","T","M","$","$","?","M","R","B"],"character_chosen":"DEFECT","items_purchased":["Doom and Gloom","Regen Potion"],"campfire_rested":1,"item_purchase_floors":[11,11],"current_hp_per_floor":[57,57,56,54,50,32,32,20,20,20,20,20,20,20,41,0],"gold":38,"neow_bonus":"TRANSFORM_CARD","is_prod":false,"is_daily":false,"chose_seed":false,"campfire_upgraded":1,"win_rate":0,"timestamp":1545050032,"path_taken":["M","?","M","M","?","E","R","?","T","M","?","$","?","M","R","BOSS"],"build_version":"2018-12-13","purchased_purges":1,"victory":false,"max_hp_per_floor":[71,71,71,71,71,71,71,71,71,71,71,71,71,71,71,71],"card_choices":[{"not_picked":["Conserve Battery","Blizzard"],"picked":"Melter","floor":1},{"not_picked":["Coolheaded","Compile Driver"],"picked":"Sweeping Beam","floor":3},{"not_picked":["Turbo","Undo"],"picked":"Tempest","floor":4},{"not_picked":["Stack","Cold Snap"],"picked":"Conserve Battery","floor":5},{"not_picked":["Rebound","Gash"],"picked":"Coolheaded","floor":6},{"not_picked":["Barrage","Chaos"],"picked":"Rip and Tear","floor":8},{"not_picked":["Melter","Rebound","Rip and Tear"],"picked":"SKIP","floor":10},{"not_picked":["Compile Driver","Conserve Battery"],"picked":"BootSequence","floor":14}],"player_experience":982975,"relics_obtained":[{"floor":6,"key":"Gremlin Horn"},{"floor":9,"key":"Mummified Hand"}],"event_choices":[{"damage_healed":0,"gold_gain":0,"player_choice":"Upgraded","damage_taken":0,"max_hp_gain":0,"max_hp_loss":0,"event_name":"Upgrade Shrine","floor":2,"gold_loss":0,"cards_upgraded":["Zap"]},{"damage_healed":0,"gold_gain":0,"player_choice":"Ignored","damage_taken":0,"max_hp_gain":0,"max_hp_loss":0,"event_name":"Shining Light","floor":13,"gold_loss":0}],"is_beta":false,"boss_relics":[],"items_purged_floors":[11],"is_endless":false,"potions_floor_spawned":[1,4,10],"killed_by":"Slime Boss","ascension_level":19}