{"gold_per_floor":[118,137,137,154,154,154,188,0,0,25,38,54,54,14,14,93,93,110,124,71,71],"floor_reached":21,"playtime":914,"items_purged":[],"score":378,"play_id":"bde2c5ea-769c-4a8d-8506-6430a4da2d80","local_time":"20190109142150","is_ascension_mode":true,"campfire_choices":[{"data":"Zap","floor":6,"key":"SMITH"},{"floor":13,"key":"REST"},{"floor":15,"key":"REST"}],"neow_cost":"NONE","seed_source_timestamp":98610639097324,"circlet_count":0,"master_deck":["AscendersBane","Strike_B","Strike_B","Strike_B","Strike_B","Defend_B","Defend_B","Defend_B","Defend_B","Zap+1","Dualcast","Electrodynamics","Conserve Battery","Sweeping Beam","Loop","Doom and Gloom","Electrodynamics+1","Leap","Rip and Tear","Conserve Battery","Stack+1"],"relics":["Cracked Core","Singing Bowl","Matryoshka","Frozen Egg 2","Cursed Key","Prayer Wheel"],"potions_floor_usage":[21],"damage_taken":[{"damage":7,"enemies":"Jaw Worm","floor":1,"turns":4},{"damage":3,"enemies":"2 Louse","floor":2,"turns":3},{"damage":1,"enemies":"Cultist","floor":4,"turns":4},{"damage":23,"enemies":"3 Sentries","floor":7,"turns":5},{"damage":18,"enemies":"Lagavulin","floor":10,"turns":6},{"damage":0,"enemies":"3 Louse","floor":11,"turns":2},{"damage":9,"enemies":"Blue Slaver","floor":12,"turns":4},{"damage":31,"enemies":"Slime Boss","floor":16,"turns":6},{"damage":6,"enemies":"2 Thieves","floor":18,"turns":2},{"damage":36,"enemies":"Shell Parasite","floor":19,"turns":6},{"damage":32,"enemies":"Chosen and Byrds","floor":21,"turns":3}],"seed_played":"8298430386883717166","potions_obtained":[{"floor":1,"key":"Explosive Potion"},{"floor":10,"key":"AttackPotion"}],"is_trial":false,"path_per_floor":["M","M","?","M","?","R","E","$","T","E","M","M","R","$","R","B",null,"M","M","?","M"],"character_chosen":"DEFECT","items_purchased":["EntropicBrew","Doom and Gloom","Rip and Tear"],"campfire_rested":2,"item_purchase_floors":[8,8,14],"current_hp_per_floor":[57,54,54,53,58,58,37,37,37,19,19,12,36,36,60,31,69,63,27,27,0],"gold":71,"neow_bonus":"ONE_RANDOM_RARE_CARD","is_prod":false,"is_daily":false,"chose_seed":false,"campfire_upgraded":1,"win_rate":0,"timestamp":1547040110,"path_taken":["M","M","?","M","?","R","E","$","T","E","M","M","R","$","R","BOSS","M","M","?","?"],"build_version":"2019-01-03v4","purchased_purges":0,"victory":false,"max_hp_per_floor":[71,71,71,71,76,76,78,78,78,78,78,80,80,80,80,82,82,82,82,82,82],"card_choices":[{"not_picked":["Recycle","Coolheaded"],"picked":"Conserve Battery","floor":1},{"not_picked":["Stack","Scrape"],"picked":"Sweeping Beam","floor":2},{"not_picked":["Barrage","Rip and Tear"],"picked":"Loop","floor":4},{"not_picked":["Reprogram","Capacitor","Meteor Strike"],"picked":"Singing Bowl","floor":7},{"not_picked":["Self Repair","Stack"],"picked":"Electrodynamics","floor":10},{"not_picked":["Cold Snap","Go for the Eyes"],"picked":"Leap","floor":11},{"not_picked":["Turbo","Reinforced Body","Beam Cell"],"picked":"Singing Bowl","floor":12},{"not_picked":["Multi-Cast","Thunder Strike","Amplify"],"picked":"Singing Bowl","floor":16},{"not_picked":["Compile Driver","Go for the Eyes"],"picked":"Conserve Battery","floor":18},{"not_picked":["Go for the Eyes","Reboot"],"picked":"Stack+1","floor":19}],"player_experience":1144339,"relics_obtained":[{"floor":7,"key":"Singing Bowl"},{"floor":9,"key":"Matryoshka"},{"floor":10,"key":"Frozen Egg 2"}],"event_choices":[{"damage_healed":0,"gold_gain":0,"player_choice":"Ignored","damage_taken":0,"max_hp_gain":0,"max_hp_loss":0,"event_name":"Liars Game","floor":3,"gold_loss":0},{"damage_healed":0,"gold_gain":0,"player_choice":"Donut","damage_taken":0,"max_hp_gain":5,"max_hp_loss":0,"event_name":"Big Fish","floor":5,"gold_loss":0},{"damage_healed":0,"gold_gain":0,"player_choice":"Paid Gold","damage_taken":0,"relics_obtained":["Prayer Wheel"],"max_hp_gain":0,"max_hp_loss":0,"event_name":"WeMeetAgain","floor":20,"gold_loss":53}],"is_beta":false,"boss_relics":[{"not_picked":["Nuclear Battery","Pandora\u0027s Box"],"picked":"Cursed Key"}],"items_purged_floors":[],"is_endless":false,"potions_floor_spawned":[1,10,11,12,19],"killed_by":"Chosen and Byrds","ascension_level":20}