{"path_per_floor":["M","M","$","?","$","R","M","M","T","R","?","R","$","?","R","B",null,"M","M","?","$","M","R","$"],"character_chosen":"IRONCLAD","items_purchased":["Panacea","Shrug It Off","Shrug It Off"],"gold_per_floor":[113,132,25,25,25,25,43,56,56,56,56,56,10,0,0,95,95,105,125,50,2,15,15,15,15],"floor_reached":25,"campfire_rested":0,"playtime":1955,"item_purchase_floors":[3,13,21],"current_hp_per_floor":[80,80,80,80,80,80,80,72,72,72,47,47,47,47,47,36,80,63,38,38,38,16,16,16,0],"items_purged":[],"gold":15,"score":189,"play_id":"ca2ef823-be4e-464b-91df-3bb2456e007c","local_time":"20180614000116","is_prod":false,"is_daily":false,"chose_seed":false,"is_ascension_mode":false,"campfire_upgraded":5,"win_rate":0,"timestamp":1528948876,"campfire_choices":[{"data":"Searing Blow+1","floor":6,"key":"SMITH"},{"data":"Searing Blow+2","floor":10,"key":"SMITH"},{"data":"Searing Blow+3","floor":12,"key":"SMITH"},{"data":"Searing Blow+4","floor":15,"key":"SMITH"},{"data":"Searing Blow+5","floor":23,"key":"SMITH"}],"path_taken":["M","M","$","?","$","R","M","M","T","R","?","R","$","?","R","BOSS","M","M","?","?","M","R","$","M"],"build_version":"2018-06-07v3","seed_source_timestamp":694475769874588,"purchased_purges":0,"victory":false,"master_deck":["Strike_R","Strike_R","Strike_R","Strike_R","Strike_R","Defend_R","Defend_R","Defend_R","Defend_R","Searing Blow+6","Feel No Pain","Panacea","Shrug It Off","Shrug It Off","Brutality","Writhe","Injury","Dual Wield","Combust","Shrug It Off","Infernal Blade"],"max_hp_per_floor":[80,80,80,80,80,80,80,80,80,80,80,80,80,80,80,80,80,80,80,80,80,80,80,80,80],"relics":["Burning Blood","Unceasing Top","Bird Faced Urn","Calling Bell","Regal Pillow","Matryoshka","Ice Cream"],"card_choices":[{"not_picked":["Wild Strike","Anger","Cleave"],"picked":"SKIP","floor":1},{"not_picked":["Perfected Strike","Carnage"],"picked":"Feel No Pain","floor":2},{"not_picked":["Clash","Power Through"],"picked":"Shrug It Off","floor":7},{"not_picked":["Pommel Strike","Anger","Fire Breathing"],"picked":"SKIP","floor":8},{"not_picked":["Offering","Impervious"],"picked":"Brutality","floor":16},{"not_picked":["Searing Blow","Entrench"],"picked":"Dual Wield","floor":18},{"not_picked":["Clash+1","Anger"],"picked":"Combust","floor":19},{"not_picked":["Evolve","Heavy Blade"],"picked":"Infernal Blade","floor":22}],"player_experience":521476,"potions_floor_usage":[16,16,25],"damage_taken":[{"damage":1,"enemies":"Cultist","floor":1,"turns":4},{"damage":1,"enemies":"Small Slimes","floor":2,"turns":3},{"damage":1,"enemies":"2 Louse","floor":7,"turns":3},{"damage":14,"enemies":"2 Fungi Beasts","floor":8,"turns":5},{"damage":19,"enemies":"Hexaghost","floor":16,"turns":7},{"damage":27,"enemies":"Shell Parasite","floor":18,"turns":7},{"damage":33,"enemies":"2 Thieves","floor":19,"turns":4},{"damage":36,"enemies":"Snake Plant","floor":22,"turns":5},{"damage":29,"enemies":"Centurion and Healer","floor":25,"turns":5}],"relics_obtained":[{"floor":9,"key":"Unceasing Top"},{"floor":17,"key":"Regal Pillow"},{"floor":17,"key":"Matryoshka"},{"floor":17,"key":"Ice Cream"}],"event_choices":[{"event_name":"Upgrade Shrine","player_choice":"Upgraded","floor":4,"damage_taken":0},{"event_name":"Scrap Ooze","player_choice":"success","floor":11,"damage_taken":25},{"event_name":"World of Goop","player_choice":"Left","floor":14,"damage_taken":0},{"event_name":"Beggar","player_choice":"Gave Gold","floor":20,"damage_taken":0}],"boss_relics":[{"not_picked":["White Beast Statue","Philosopher\u0027s Stone"],"picked":"Calling Bell"}],"items_purged_floors":[],"potions_floor_spawned":[2,8,19],"seed_played":"-4764295760511117483","killed_by":"Centurion and Healer","ascension_level":0,"potions_obtained":[{"floor":2,"key":"Poison Potion"},{"floor":8,"key":"FearPotion"},{"floor":19,"key":"LiquidBronze"}],"is_trial":false}