{"gold_per_floor":[210,229,27,45,64,64,92,92,115,15,32,32,61,95,107,216,228,257,194,222,234,121,154,173,199,199,199,213,213,58,77,77,77],"floor_reached":33,"playtime":963,"items_purged":["Strike_R","Strike_R","Strike_R"],"score":336,"play_id":"22d6c44a-ea80-4e98-a9e4-ecb3adf3636f","local_time":"20190306234730","is_ascension_mode":true,"campfire_choices":[{"data":"Whirlwind","floor":6,"key":"SMITH"},{"data":"Flex","floor":8,"key":"SMITH"},{"data":"Rampage","floor":15,"key":"SMITH"},{"floor":29,"key":"REST"},{"floor":32,"key":"RECALL"}],"neow_cost":"NONE","seed_source_timestamp":21231067352536,"circlet_count":0,"master_deck":["Strike_R","Defend_R","Defend_R","Defend_R","Defend_R","Bash","Whirlwind+1","Rampage+1","Flex+1","Seeing Red","Shrug It Off+1"],"relics":["Burning Blood","PreservedInsect","Strawberry","MawBank","Odd Mushroom","Fusion Hammer","Bottled Lightning","Red Skull","Torii","Bag of Preparation"],"potions_floor_usage":[14,16,23,24,31,33],"damage_taken":[{"damage":1,"enemies":"Jaw Worm","floor":1,"turns":6},{"damage":0,"enemies":"Small Slimes","floor":2,"turns":3},{"damage":1,"enemies":"2 Louse","floor":4,"turns":2},{"damage":0,"enemies":"Gremlin Gang","floor":5,"turns":1},{"damage":31,"enemies":"Lagavulin","floor":7,"turns":6},{"damage":5,"enemies":"Looter","floor":11,"turns":3},{"damage":0,"enemies":"Gremlin Nob","floor":13,"turns":2},{"damage":0,"enemies":"The Mushroom Lair","floor":14,"turns":1},{"damage":49,"enemies":"The Guardian","floor":16,"turns":10},{"damage":0,"enemies":"Chosen","floor":18,"turns":4},{"damage":0,"enemies":"Spheric Guardian","floor":20,"turns":3},{"damage":7,"enemies":"Gremlin Leader","floor":23,"turns":3},{"damage":21,"enemies":"Snake Plant","floor":24,"turns":3},{"damage":45,"enemies":"Slavers","floor":25,"turns":5},{"damage":0,"enemies":"Sentry and Sphere","floor":28,"turns":3},{"damage":0,"enemies":"Centurion and Healer","floor":31,"turns":5},{"damage":61,"enemies":"Collector","floor":33,"turns":7}],"seed_played":"6077149609481534350","potions_obtained":[{"floor":2,"key":"GamblersBrew"},{"floor":5,"key":"SpeedPotion"},{"floor":13,"key":"SteroidPotion"},{"floor":14,"key":"Fire Potion"},{"floor":20,"key":"Explosive Potion"},{"floor":25,"key":"Ancient Potion"},{"floor":28,"key":"EssenceOfSteel"}],"is_trial":false,"path_per_floor":["M","M","$","M","M","R","E","R","T","$","M","$","E","?","R","B",null,"M","?","M","?","$","E","M","E","T","?","M","R","$","M","R","B"],"character_chosen":"IRONCLAD","items_purchased":["Flex","Seeing Red","Bag of Preparation"],"campfire_rested":1,"item_purchase_floors":[3,3,30],"current_hp_per_floor":[80,80,80,80,80,80,55,55,62,62,63,63,69,75,75,32,87,87,87,87,70,70,69,54,15,15,15,21,48,48,54,54,0],"gold":77,"neow_bonus":"HUNDRED_GOLD","is_prod":false,"is_daily":false,"chose_seed":false,"campfire_upgraded":3,"win_rate":0,"timestamp":1551941250,"path_taken":["M","M","$","M","M","R","E","R","T","$","M","$","E","?","R","BOSS","M","?","M","?","?","E","M","E","T","?","M","R","$","M","R","BOSS"],"build_version":"2019-01-23","purchased_purges":3,"victory":false,"max_hp_per_floor":[80,80,80,80,80,80,80,80,87,87,87,87,87,87,87,87,87,87,87,87,92,92,92,92,92,92,92,92,92,92,92,92,92],"card_choices":[{"not_picked":["Iron Wave","Cleave"],"picked":"Whirlwind","floor":1},{"not_picked":["Sword Boomerang","Thunderclap"],"picked":"Rampage","floor":2},{"not_picked":["Combust","Searing Blow","Dual Wield"],"picked":"SKIP","floor":4},{"not_picked":["Clothesline","Rupture","Second Wind"],"picked":"SKIP","floor":5},{"not_picked":["Whirlwind","Wild Strike","Entrench"],"picked":"SKIP","floor":7},{"not_picked":["Rupture","Rage","True Grit"],"picked":"SKIP","floor":11},{"not_picked":["Wild Strike","Second Wind","Bloodletting"],"picked":"SKIP","floor":13},{"not_picked":["Heavy Blade","Entrench","Disarm"],"picked":"SKIP","floor":18},{"not_picked":["Wild Strike","Clothesline"],"picked":"Shrug It Off+1","floor":20},{"not_picked":["Dark Embrace","Cleave","Fiend Fire"],"picked":"SKIP","floor":23},{"not_picked":["Wild Strike+1","Pommel Strike","Sword Boomerang"],"picked":"SKIP","floor":24},{"not_picked":["Rampage","Barricade","Evolve"],"picked":"SKIP","floor":25},{"not_picked":["Fire Breathing+1","Flex","Hemokinesis"],"picked":"SKIP","floor":28},{"not_picked":["Flex","True Grit","Body Slam+1"],"picked":"SKIP","floor":31}],"player_experience":788812,"relics_obtained":[{"floor":7,"key":"PreservedInsect"},{"floor":9,"key":"Strawberry"},{"floor":13,"key":"MawBank"},{"floor":14,"key":"Odd Mushroom"},{"floor":23,"key":"Bottled Lightning"},{"floor":25,"key":"Red Skull"},{"floor":26,"key":"Torii"}],"event_choices":[{"damage_healed":0,"gold_gain":0,"player_choice":"Fought Mushrooms","damage_taken":0,"max_hp_gain":0,"max_hp_loss":0,"event_name":"Mushrooms","floor":14,"gold_loss":0},{"cards_removed":["Strike_R"],"damage_healed":0,"gold_gain":0,"player_choice":"Gave Gold","damage_taken":0,"max_hp_gain":0,"max_hp_loss":0,"event_name":"Beggar","floor":19,"gold_loss":75},{"damage_healed":0,"gold_gain":0,"player_choice":"Shed Blood","damage_taken":22,"max_hp_gain":5,"max_hp_loss":0,"event_name":"Forgotten Altar","floor":21,"gold_loss":0},{"damage_healed":0,"gold_gain":0,"player_choice":"Ignored","damage_taken":0,"max_hp_gain":0,"max_hp_loss":0,"event_name":"Cursed Tome","floor":27,"gold_loss":0}],"is_beta":false,"boss_relics":[{"not_picked":["Mark of Pain","Black Star"],"picked":"Fusion Hammer"}],"items_purged_floors":[3,10,22],"is_endless":false,"potions_floor_spawned":[2,5,13,14,20,25,28],"killed_by":"Collector","ascension_level":1}