{"gold_per_floor":[18,31,46,59,59,90,121,133,145,157,179,221,213],"floor_reached":13,"playtime":359,"items_purged":[],"score":179,"play_id":"88a88bb5-c2ee-4f08-bfd4-165e1a4e02a7","local_time":"20181123133553","is_ascension_mode":true,"campfire_choices":[{"floor":8,"key":"REST"},{"data":"Darkness","floor":10,"key":"SMITH"}],"neow_cost":"NO_GOLD","seed_source_timestamp":935202658539357,"circlet_count":0,"master_deck":["AscendersBane","Strike_B","Strike_B","Strike_B","Defend_B","Defend_B","Defend_B","Zap","Dualcast","Go for the Eyes","Sweeping Beam","Ball Lightning","Doom and Gloom","Darkness+1","Loop","Ball Lightning"],"relics":["Cracked Core","MawBank","Gambling Chip","Mercury Hourglass"],"potions_floor_usage":[12,12],"damage_taken":[{"damage":7,"enemies":"Jaw Worm","floor":1,"turns":3},{"damage":3,"enemies":"Small Slimes","floor":2,"turns":3},{"damage":1,"enemies":"2 Louse","floor":3,"turns":3},{"damage":6,"enemies":"2 Fungi Beasts","floor":4,"turns":3},{"damage":30,"enemies":"Lagavulin","floor":6,"turns":6},{"damage":5,"enemies":"Red Slaver","floor":7,"turns":3},{"damage":8,"enemies":"Blue Slaver","floor":11,"turns":3},{"damage":23,"enemies":"3 Sentries","floor":12,"turns":4},{"damage":8,"enemies":"Looter","floor":13,"turns":1}],"seed_played":"8544375071808797294","potions_obtained":[{"floor":4,"key":"GamblersBrew"},{"floor":7,"key":"PowerPotion"},{"floor":11,"key":"Dexterity Potion"}],"is_trial":false,"path_per_floor":["M","M","M","M","?","E","M","R","T","R","M","E","M"],"character_chosen":"DEFECT","items_purchased":[],"campfire_rested":1,"item_purchase_floors":[],"current_hp_per_floor":[57,54,53,47,47,17,12,33,33,33,25,2,0],"gold":213,"neow_bonus":"REMOVE_TWO","is_prod":false,"is_daily":false,"chose_seed":false,"campfire_upgraded":1,"win_rate":0,"timestamp":1542976553,"path_taken":["M","M","M","M","?","E","M","R","T","R","M","E","M"],"build_version":"2018-11-15","purchased_purges":0,"victory":false,"max_hp_per_floor":[71,71,71,71,71,71,71,71,71,71,71,71,71],"card_choices":[{"not_picked":["Hologram","Beam Cell"],"picked":"Go for the Eyes","floor":1},{"not_picked":["Go for the Eyes","Cold Snap"],"picked":"Sweeping Beam","floor":2},{"not_picked":["Recycle","Stack","Thunder Strike"],"picked":"SKIP","floor":3},{"not_picked":["Turbo","Self Repair"],"picked":"Ball Lightning","floor":4},{"not_picked":["Turbo","Reprogram"],"picked":"Doom and Gloom","floor":6},{"not_picked":["Compile Driver","Skim"],"picked":"Darkness","floor":7},{"not_picked":["Steam Power","Steam"],"picked":"Loop","floor":11},{"not_picked":["Genetic Algorithm","Reinforced Body"],"picked":"Ball Lightning","floor":12}],"player_experience":849401,"relics_obtained":[{"floor":6,"key":"MawBank"},{"floor":9,"key":"Gambling Chip"},{"floor":12,"key":"Mercury Hourglass"}],"event_choices":[{"damage_healed":0,"gold_gain":0,"player_choice":"Ignored","damage_taken":0,"max_hp_gain":0,"max_hp_loss":0,"event_name":"Golden Idol","floor":5,"gold_loss":0}],"is_beta":false,"boss_relics":[],"items_purged_floors":[],"is_endless":false,"potions_floor_spawned":[4,7,11],"killed_by":"Looter","ascension_level":17}