{"gold_per_floor":[12,29,49,49,67,97,112,112,112,147,29,29,56,76,76,172,172,186,186,27,27,47,80,98,98,125,125,143,143,143,160,160,265,265,278,329,347,367,378,378,408,408,434,434,28,38,64,79,79,79],"floor_reached":51,"playtime":2691,"items_purged":["Strike_R","Decay"],"score":899,"play_id":"d2409764-8f33-4c37-9a2b-3a478c91843b","local_time":"20190429162049","is_ascension_mode":false,"campfire_choices":[{"data":"Clothesline","floor":8,"key":"SMITH"},{"data":"Bash","floor":12,"key":"SMITH"},{"data":"1","floor":15,"key":"LIFT"},{"data":"Barricade","floor":25,"key":"SMITH"},{"data":"2","floor":27,"key":"LIFT"},{"data":"3","floor":30,"key":"LIFT"},{"data":"Corruption","floor":32,"key":"SMITH"},{"data":"Madness","floor":40,"key":"SMITH"},{"data":"Disarm","floor":42,"key":"SMITH"},{"data":"True Grit","floor":44,"key":"SMITH"},{"data":"Battle Trance","floor":49,"key":"SMITH"}],"neow_cost":"NO_GOLD","seed_source_timestamp":1486911053491600,"circlet_count":0,"master_deck":["Strike_R","Strike_R","Strike_R","Strike_R","Defend_R","Defend_R","Defend_R","Defend_R","Bash+1","Madness+1","Purity","Hemokinesis","Clothesline+1","Headbutt","Anger","Fiend Fire+1","Pommel Strike+1","Impervious","Metallicize","True Grit+1","Shrug It Off","Barricade+1","Body Slam+1","Feel No Pain","Impervious","Impervious","Disarm+1","Twin Strike+1","Disarm+1","Clumsy","Battle Trance+1","Corruption+1","Immolate+1","Carnage+1","Shrug It Off+1","Spot Weakness+1","Body Slam+1","Perfected Strike+1","Feel No Pain","Perfected Strike+1","True Grit+1","Perfected Strike+1","Inflame+1"],"special_seed":0,"relics":["Burning Blood","Molten Egg 2","Matryoshka","Smiling Mask","Girya","Cursed Key","Potion Belt","Blood Vial","Juzu Bracelet","Runic Dome","Champion Belt","Happy Flower","Art of War","Omamori","Mummified Hand","Vajra"],"potions_floor_usage":[10,13,16,28,36,36,47,50],"damage_taken":[{"damage":6.0,"enemies":"2 Louse","floor":1.0,"turns":3.0},{"damage":4.0,"enemies":"Jaw Worm","floor":2.0,"turns":4.0},{"damage":3.0,"enemies":"Cultist","floor":3.0,"turns":3.0},{"damage":14.0,"enemies":"Lots of Slimes","floor":5.0,"turns":4.0},{"damage":31,"enemies":"3 Sentries","floor":6,"turns":7},{"damage":10,"enemies":"3 Louse","floor":7,"turns":3},{"damage":3,"enemies":"Gremlin Nob","floor":10,"turns":2},{"damage":13,"enemies":"3 Sentries","floor":13,"turns":6},{"damage":6,"enemies":"2 Fungi Beasts","floor":14,"turns":3},{"damage":10,"enemies":"The Guardian","floor":16,"turns":12},{"damage":3,"enemies":"3 Byrds","floor":18,"turns":7},{"damage":0,"enemies":"Spheric Guardian","floor":22,"turns":2},{"damage":13,"enemies":"Slavers","floor":23,"turns":8},{"damage":9,"enemies":"Shelled Parasite and Fungi","floor":24,"turns":7},{"damage":2,"enemies":"Chosen and Byrds","floor":28,"turns":6},{"damage":3,"enemies":"Snake Plant","floor":31,"turns":5},{"damage":20,"enemies":"Automaton","floor":33,"turns":11},{"damage":10,"enemies":"3 Darklings","floor":35,"turns":6},{"damage":6,"enemies":"2 Orb Walkers","floor":36,"turns":4},{"damage":2,"enemies":"Orb Walker","floor":37,"turns":4},{"damage":3,"enemies":"Transient","floor":38,"turns":5},{"damage":0,"enemies":"Sphere and 2 Shapes","floor":39,"turns":3},{"damage":15,"enemies":"Nemesis","floor":41,"turns":9},{"damage":0,"enemies":"4 Shapes","floor":46,"turns":6},{"damage":3,"enemies":"Reptomancer","floor":47,"turns":6},{"damage":3,"enemies":"Writhing Mass","floor":48,"turns":4},{"damage":0,"enemies":"Donu and Deca","floor":50,"turns":9}],"seed_played":"3448962273043824165","potions_obtained":[{"floor":1.0,"key":"GamblersBrew"},{"floor":3.0,"key":"FearPotion"},{"floor":6,"key":"SpeedPotion"},{"floor":7,"key":"Swift Potion"},{"floor":10,"key":"LiquidBronze"},{"floor":22,"key":"Ancient Potion"},{"floor":24,"key":"Explosive Potion"},{"floor":33,"key":"Explosive Potion"},{"floor":35,"key":"SkillPotion"},{"floor":39,"key":"Fire Potion"},{"floor":41,"key":"Explosive Potion"},{"floor":48,"key":"Swift Potion"}],"is_trial":false,"path_per_floor":["M","M","M","?","M","E","M","R","T","E","$","R","E","M","R","B",null,"M","?","$","?","M","E","M","R","T","R","M","?","R","M","R","B",null,"M","?","M","M","M","R","E","R","T","R","$","M","E","M","R","B",null],"character_chosen":"IRONCLAD","items_purchased":["Metallicize","Impervious","Feel No Pain","Mummified Hand","Perfected Strike+1"],"campfire_rested":0,"item_purchase_floors":[11,20,45,45,45],"current_hp_per_floor":[80,80,80,80,72,47,43,43,43,46,46,46,39,39,39,35,80,80,80,80,80,80,73,70,70,70,70,76,61,61,66,66,54,85,81,83,85,85,85,85,76,76,76,76,76,84,85,85,85,85],"gold":79,"neow_bonus":"RANDOM_COLORLESS_2","is_prod":false,"is_daily":false,"chose_seed":false,"campfire_upgraded":8,"win_rate":1,"timestamp":1556580049,"path_taken":["M","M","M","?","M","E","M","R","T","E","$","R","E","M","R","BOSS","M","?","$","?","?","E","?","R","T","R","M","?","R","M","R","BOSS","M","?","M","M","M","R","E","R","T","R","$","M","E","M","R","BOSS"],"build_version":"2019-01-23","purchased_purges":2,"victory":true,"max_hp_per_floor":[80,80,80,80,80,80,80,80,80,80,80,80,80,80,80,80,80,80,80,80,80,80,80,80,80,80,80,80,85,85,85,85,85,85,85,85,85,85,85,85,85,85,85,85,85,85,85,85,85,85],"card_choices":[{"not_picked":["Sever Soul","Sentinel"],"picked":"Hemokinesis","floor":1.0},{"not_picked":["Entrench","Havoc"],"picked":"Clothesline","floor":2.0},{"not_picked":["Body Slam","Infernal Blade"],"picked":"Headbutt","floor":3.0},{"not_picked":["Flame Barrier","Havoc"],"picked":"Anger","floor":5},{"not_picked":["Limit Break","Dark Embrace"],"picked":"Fiend Fire","floor":6},{"not_picked":["Heavy Blade+1","Dropkick+1"],"picked":"Pommel Strike+1","floor":7},{"not_picked":["Body Slam+1","Intimidate"],"picked":"Impervious","floor":10},{"not_picked":["Thunderclap+1","Rage"],"picked":"True Grit","floor":13},{"not_picked":["Sword Boomerang+1","Clash+1"],"picked":"Shrug It Off","floor":14},{"not_picked":["Dark Embrace","Brutality"],"picked":"Barricade","floor":16},{"not_picked":["Reckless Charge+1","Wild Strike+1"],"picked":"Body Slam+1","floor":18},{"not_picked":["Armaments","Seeing Red"],"picked":"Disarm+1","floor":22},{"not_picked":["Intimidate","Flex+1"],"picked":"Twin Strike+1","floor":23},{"not_picked":["Whirlwind+1","Metallicize"],"picked":"Disarm","floor":24},{"not_picked":["Reckless Charge+1","Blood for Blood+1"],"picked":"Battle Trance","floor":28},{"not_picked":["Whirlwind+1","Twin Strike+1"],"picked":"Corruption","floor":31},{"not_picked":["Offering","Demon Form"],"picked":"Immolate+1","floor":33},{"not_picked":["Infernal Blade+1","Corruption+1"],"picked":"Carnage+1","floor":35},{"not_picked":["Rupture+1","Havoc+1"],"picked":"Shrug It Off+1","floor":37},{"not_picked":["Thunderclap+1","Combust"],"picked":"Spot Weakness+1","floor":38},{"not_picked":["Bludgeon+1","Flex"],"picked":"Body Slam+1","floor":39},{"not_picked":["Seeing Red","Rampage+1"],"picked":"Perfected Strike+1","floor":41},{"not_picked":["Body Slam+1","Twin Strike+1"],"picked":"True Grit+1","floor":46},{"not_picked":["Iron Wave+1","Rupture+1"],"picked":"Perfected Strike+1","floor":47},{"not_picked":["Second Wind","Rupture"],"picked":"Inflame+1","floor":48}],"player_experience":667005,"relics_obtained":[{"floor":6,"key":"Molten Egg 2"},{"floor":9,"key":"Matryoshka"},{"floor":10,"key":"Smiling Mask"},{"floor":13,"key":"Girya"},{"floor":23,"key":"Potion Belt"},{"floor":26,"key":"Blood Vial"},{"floor":26,"key":"Juzu Bracelet"},{"floor":36,"key":"Champion Belt"},{"floor":41,"key":"Happy Flower"},{"floor":43,"key":"Art of War"},{"floor":43,"key":"Omamori"},{"floor":47,"key":"Vajra"}],"event_choices":[{"damage_healed":0.0,"max_hp_gain":0.0,"max_hp_loss":0.0,"gold_gain":0.0,"event_name":"The Cleric","player_choice":"Leave","floor":4.0,"gold_loss":0.0,"damage_taken":0.0},{"damage_healed":0,"gold_gain":0,"player_choice":"Read","damage_taken":0,"max_hp_gain":0,"max_hp_loss":0,"event_name":"The Library","floor":19,"gold_loss":0,"cards_obtained":["Feel No Pain"]},{"damage_healed":0,"gold_gain":0,"player_choice":"Copied","damage_taken":0,"max_hp_gain":0,"max_hp_loss":0,"event_name":"Duplicator","floor":21,"gold_loss":0,"cards_obtained":["Impervious"]},{"damage_healed":0,"gold_gain":0,"player_choice":"Shed Blood","damage_taken":20,"max_hp_gain":5,"max_hp_loss":0,"event_name":"Forgotten Altar","floor":29,"gold_loss":0},{"damage_healed":0,"gold_gain":0,"player_choice":"Fight","damage_taken":0,"max_hp_gain":0,"max_hp_loss":0,"event_name":"Mysterious Sphere","floor":36,"gold_loss":0}],"is_beta":false,"boss_relics":[{"not_picked":["Orrery","Astrolabe"],"picked":"Cursed Key"},{"not_picked":["Tiny House","Sozu"],"picked":"Runic Dome"}],"items_purged_floors":[11,45],"is_endless":false,"potions_floor_spawned":[1,3,6,7,10,22,24,33,35,39,41,48],"ascension_level":0}