{"gold_per_floor":[112,62,80,95,95,120,295,295,349,51,69,69,69,89,89,189,189,172,172,192,49,49,82,92,92,92,119,139,170,187,201,201,201],"floor_reached":33,"playtime":1944,"items_purged":["Doubt"],"score":287,"play_id":"4e855f20-b6c4-4b38-8a34-759015a50fe4","local_time":"20190108232820","is_ascension_mode":false,"campfire_choices":[{"data":"Searing Blow","floor":8,"key":"SMITH"},{"floor":13,"key":"REST"},{"floor":15,"key":"REST"},{"floor":25,"key":"RECALL"},{"floor":32,"key":"REST"}],"neow_cost":"TEN_PERCENT_HP_LOSS","seed_source_timestamp":74647557609900,"circlet_count":0,"master_deck":["Strike_R","Strike_R","Strike_R","Defend_R","Defend_R+1","Defend_R","Bash+1","Pommel Strike","Ghostly Armor","Searing Blow+1","Rage","Burning Pact","Sentinel","Dark Embrace+1","Havoc+1","Uppercut","Shrug It Off","Rupture+1","Armaments","RitualDagger","Infernal Blade","Metallicize+1","Corruption+1","Battle Trance","Power Through+1"],"relics":["Burning Blood","PreservedInsect","Frozen Egg 2","Anchor","Cursed Key","Omamori","Darkstone Periapt","Happy Flower","Sundial"],"potions_floor_usage":[6,16,16,28,29,31,33],"damage_taken":[{"damage":7,"enemies":"Small Slimes","floor":1,"turns":4},{"damage":6,"enemies":"2 Louse","floor":3,"turns":3},{"damage":5,"enemies":"Jaw Worm","floor":4,"turns":4},{"damage":40,"enemies":"Lagavulin","floor":6,"turns":4},{"damage":0,"enemies":"2 Fungi Beasts","floor":11,"turns":3},{"damage":0,"enemies":"Blue Slaver","floor":14,"turns":5},{"damage":53,"enemies":"The Guardian","floor":16,"turns":13},{"damage":4,"enemies":"2 Thieves","floor":18,"turns":4},{"damage":7,"enemies":"Colosseum Slavers","floor":19,"turns":5},{"damage":6,"enemies":"Shell Parasite","floor":20,"turns":5},{"damage":10,"enemies":"Slavers","floor":23,"turns":5},{"damage":9,"enemies":"Centurion and Healer","floor":24,"turns":7},{"damage":22,"enemies":"Snecko","floor":28,"turns":6},{"damage":22,"enemies":"Gremlin Leader","floor":29,"turns":4},{"damage":5,"enemies":"Sentry and Sphere","floor":30,"turns":7},{"damage":2,"enemies":"Shelled Parasite and Fungi","floor":31,"turns":5},{"damage":56,"enemies":"Collector","floor":33,"turns":6}],"seed_played":"6358573450598251538","potions_obtained":[{"floor":3,"key":"Swift Potion"},{"floor":4,"key":"Regen Potion"},{"floor":11,"key":"SteroidPotion"},{"floor":14,"key":"SkillPotion"},{"floor":28,"key":"Strength Potion"},{"floor":29,"key":"FearPotion"},{"floor":30,"key":"SteroidPotion"}],"is_trial":false,"path_per_floor":["M","?","M","M","?","E","?","R","T","$","M","?","R","M","R","B",null,"M","?","M","$","?","E","M","R","T","T","M","E","M","M","R","B"],"character_chosen":"IRONCLAD","items_purchased":["Anchor","Rage","Shrug It Off","Rupture+1","Armaments"],"campfire_rested":3,"item_purchase_floors":[10,10,21,21,21],"current_hp_per_floor":[71,71,71,72,60,38,38,38,38,38,44,30,51,57,72,25,72,72,71,71,71,65,61,58,58,58,58,42,26,27,31,52,0],"gold":201,"neow_bonus":"REMOVE_TWO","is_prod":false,"is_daily":false,"chose_seed":false,"campfire_upgraded":1,"win_rate":0,"timestamp":1547015300,"path_taken":["M","?","M","M","?","E","?","R","T","$","M","?","R","?","R","BOSS","M","?","M","$","?","E","M","R","T","?","M","E","M","M","R","BOSS"],"build_version":"2019-01-07","purchased_purges":1,"victory":false,"max_hp_per_floor":[72,72,72,72,72,72,72,72,72,72,72,72,72,72,72,72,72,72,72,72,72,72,72,72,72,72,72,72,72,72,72,72,72],"card_choices":[{"not_picked":["Warcry","Twin Strike"],"picked":"Pommel Strike","floor":1},{"not_picked":["Dual Wield","Perfected Strike","Twin Strike"],"picked":"SKIP","floor":3},{"not_picked":["Pummel","Power Through"],"picked":"Ghostly Armor","floor":4},{"not_picked":["Reckless Charge","Thunderclap"],"picked":"Searing Blow","floor":6},{"not_picked":["Wild Strike","Flex"],"picked":"Burning Pact","floor":11},{"not_picked":["Warcry","Hemokinesis"],"picked":"Sentinel","floor":14},{"not_picked":["Bludgeon","Brutality+1"],"picked":"Dark Embrace+1","floor":16},{"not_picked":["Clothesline","Body Slam"],"picked":"Havoc+1","floor":18},{"not_picked":["Clash+1","Combust+1"],"picked":"Uppercut","floor":20},{"not_picked":["Intimidate","Dropkick"],"picked":"Infernal Blade","floor":23},{"not_picked":["Headbutt+1","True Grit"],"picked":"Metallicize+1","floor":24},{"not_picked":["Iron Wave+1","Shockwave"],"picked":"Corruption+1","floor":28},{"not_picked":["Wild Strike","Sword Boomerang","Exhume"],"picked":"SKIP","floor":29},{"not_picked":["Dropkick","Clothesline"],"picked":"Battle Trance","floor":30},{"not_picked":["Shrug It Off","Perfected Strike"],"picked":"Power Through+1","floor":31}],"player_experience":316294,"relics_obtained":[{"floor":6,"key":"Frozen Egg 2"},{"floor":23,"key":"Omamori"},{"floor":26,"key":"Darkstone Periapt"},{"floor":27,"key":"Happy Flower"},{"floor":29,"key":"Sundial"}],"event_choices":[{"cards_removed":["Strike_R"],"damage_healed":0,"gold_gain":0,"player_choice":"Card Removal","damage_taken":0,"max_hp_gain":0,"max_hp_loss":0,"event_name":"The Cleric","floor":2,"gold_loss":50},{"damage_healed":0,"gold_gain":0,"player_choice":"Success","damage_taken":12,"relics_obtained":["PreservedInsect"],"max_hp_gain":0,"max_hp_loss":0,"event_name":"Scrap Ooze","floor":5,"gold_loss":0},{"damage_healed":0,"gold_gain":175,"player_choice":"AGREE","damage_taken":0,"max_hp_gain":0,"max_hp_loss":0,"event_name":"Liars Game","floor":7,"gold_loss":0,"cards_obtained":["Doubt"]},{"damage_healed":0,"gold_gain":0,"player_choice":"Entered Light","damage_taken":14,"max_hp_gain":0,"max_hp_loss":0,"event_name":"Shining Light","floor":12,"gold_loss":0,"cards_upgraded":["Bash","Defend_R"]},{"damage_healed":0,"gold_gain":0,"player_choice":"Fight","damage_taken":0,"max_hp_gain":0,"max_hp_loss":0,"event_name":"Colosseum","floor":19,"gold_loss":0},{"damage_healed":0,"gold_gain":0,"player_choice":"Fled From Nobs","damage_taken":0,"max_hp_gain":0,"max_hp_loss":0,"event_name":"Colosseum","floor":19,"gold_loss":0},{"damage_healed":0,"gold_gain":0,"player_choice":"Joined the Cult","damage_taken":6,"max_hp_gain":0,"max_hp_loss":0,"event_name":"Nest","floor":22,"gold_loss":0,"cards_obtained":["RitualDagger"]}],"is_beta":true,"boss_relics":[{"not_picked":["Black Blood","Snecko Eye"],"picked":"Cursed Key"}],"items_purged_floors":[10],"is_endless":false,"potions_floor_spawned":[3,4,11,14,19,28,29,30],"killed_by":"Collector","ascension_level":0}