{"gold_per_floor":[112,130,148,158,134,134,166,166,166,26,53,70,70,118,118,220,220,220,238,238,249,267,298,298,328,328,348,348],"floor_reached":28,"playtime":884,"items_purged":[],"score":334,"play_id":"0ad32bd2-f880-4c15-a050-22c0ec8e2e49","local_time":"20190303001041","is_ascension_mode":true,"campfire_choices":[{"data":"Whirlwind","floor":6,"key":"SMITH"},{"data":"Uppercut","floor":13,"key":"SMITH"},{"data":"Feed","floor":15,"key":"SMITH"},{"floor":24,"key":"REST"}],"neow_cost":"PERCENT_DAMAGE","seed_source_timestamp":39810511655246,"circlet_count":0,"master_deck":["Strike_R","Strike_R","Strike_R","Defend_R","Defend_R","Defend_R","Defend_R","Bash","Immolate","Shrug It Off","Whirlwind+1","Shrug It Off","Feed+1","Uppercut+1","Feed","Combust","Power Through+1","Shrug It Off","Shrug It Off+1"],"relics":["Burning Blood","Ice Cream","Pear","Blue Candle","Black Star","Vajra","Ornamental Fan","Letter Opener","PreservedInsect","Darkstone Periapt"],"potions_floor_usage":[11,16,18,21,23,23],"damage_taken":[{"damage":3,"enemies":"Jaw Worm","floor":1,"turns":4},{"damage":1,"enemies":"Cultist","floor":2,"turns":3},{"damage":5,"enemies":"Small Slimes","floor":3,"turns":2},{"damage":14,"enemies":"Exordium Wildlife","floor":4,"turns":5},{"damage":43,"enemies":"Gremlin Nob","floor":7,"turns":5},{"damage":5,"enemies":"3 Sentries","floor":11,"turns":2},{"damage":0,"enemies":"2 Fungi Beasts","floor":12,"turns":2},{"damage":6,"enemies":"Slime Boss","floor":16,"turns":7},{"damage":2,"enemies":"Spheric Guardian","floor":18,"turns":3},{"damage":37,"enemies":"Chosen","floor":19,"turns":5},{"damage":17,"enemies":"Snake Plant","floor":21,"turns":3},{"damage":14,"enemies":"Snecko","floor":22,"turns":5},{"damage":50,"enemies":"Gremlin Leader","floor":23,"turns":7},{"damage":46,"enemies":"Slavers","floor":25,"turns":5},{"damage":12,"enemies":"Centurion and Healer","floor":27,"turns":4},{"damage":23,"enemies":"Shelled Parasite and Fungi","floor":28,"turns":4}],"seed_played":"-853709388025711407","potions_obtained":[{"floor":1,"key":"EssenceOfSteel"},{"floor":3,"key":"Ancient Potion"},{"floor":4,"key":"SpeedPotion"},{"floor":11,"key":"Block Potion"},{"floor":16,"key":"SmokeBomb"},{"floor":19,"key":"PowerPotion"},{"floor":21,"key":"Regen Potion"},{"floor":22,"key":"BloodPotion"}],"is_trial":false,"path_per_floor":["M","M","M","M","$","R","E","?","T","$","E","M","R","T","R","B",null,"M","M","?","M","M","E","R","E","T","M","M"],"character_chosen":"IRONCLAD","items_purchased":["Shrug It Off","Feed"],"campfire_rested":1,"item_purchase_floors":[5,10],"current_hp_per_floor":[59,64,65,57,57,57,20,20,30,30,31,40,40,40,40,40,93,93,62,62,55,47,27,56,20,20,14,0],"gold":348,"neow_bonus":"THREE_RARE_CARDS","is_prod":false,"is_daily":false,"chose_seed":false,"campfire_upgraded":3,"win_rate":0,"timestamp":1551597041,"path_taken":["M","M","M","M","$","R","E","?","T","$","E","?","R","?","R","BOSS","M","M","?","?","M","E","R","E","T","M","?"],"build_version":"2019-01-23","purchased_purges":0,"victory":false,"max_hp_per_floor":[80,80,80,80,80,80,80,80,90,90,90,93,93,93,93,93,93,93,93,93,97,97,97,97,101,101,101,101],"card_choices":[{"not_picked":["Dark Embrace","Juggernaut"],"picked":"Immolate","floor":0},{"not_picked":["Intimidate","Wild Strike"],"picked":"Shrug It Off","floor":1},{"not_picked":["Power Through","Warcry","Fire Breathing"],"picked":"SKIP","floor":2},{"not_picked":["Cleave","Clothesline"],"picked":"Whirlwind","floor":3},{"not_picked":["Anger","Headbutt","Armaments"],"picked":"SKIP","floor":4},{"not_picked":["Warcry","Iron Wave","Entrench"],"picked":"SKIP","floor":7},{"not_picked":["Havoc","Thunderclap"],"picked":"Uppercut","floor":11},{"not_picked":["Evolve","Hemokinesis","Twin Strike"],"picked":"SKIP","floor":12},{"not_picked":["Dark Embrace","Fiend Fire"],"picked":"Feed","floor":16},{"not_picked":["Thunderclap+1","Anger","Rupture"],"picked":"SKIP","floor":19},{"not_picked":["Heavy Blade","Feel No Pain"],"picked":"Power Through+1","floor":21},{"not_picked":["Evolve","Hemokinesis"],"picked":"Shrug It Off","floor":22},{"not_picked":["Flex","Perfected Strike","Clothesline"],"picked":"SKIP","floor":23},{"not_picked":["Headbutt","Fiend Fire"],"picked":"Shrug It Off+1","floor":25},{"not_picked":["Sword Boomerang","Anger","Blood for Blood+1"],"picked":"SKIP","floor":27}],"player_experience":777720,"relics_obtained":[{"floor":7,"key":"Ice Cream"},{"floor":9,"key":"Pear"},{"floor":11,"key":"Blue Candle"},{"floor":23,"key":"Vajra"},{"floor":23,"key":"Ornamental Fan"},{"floor":25,"key":"Letter Opener"},{"floor":25,"key":"PreservedInsect"},{"floor":26,"key":"Darkstone Periapt"}],"event_choices":[{"cards_removed":["Strike_R"],"damage_healed":0,"gold_gain":0,"player_choice":"Card Removal","damage_taken":0,"max_hp_gain":0,"max_hp_loss":0,"event_name":"Wheel of Change","floor":8,"gold_loss":0},{"damage_healed":0,"gold_gain":0,"cards_transformed":["Strike_R"],"player_choice":"Transformed","damage_taken":0,"max_hp_gain":0,"max_hp_loss":0,"event_name":"Transmorgrifier","floor":20,"gold_loss":0,"cards_obtained":["Combust"]}],"is_beta":false,"boss_relics":[{"not_picked":["Runic Pyramid","Runic Dome"],"picked":"Black Star"}],"items_purged_floors":[],"is_endless":false,"potions_floor_spawned":[1,3,4,11,16,19,21,22],"killed_by":"Shelled Parasite and Fungi","ascension_level":1}