{"gold_per_floor":[119,119,194,213,26,67,67,82,82,118,118,143,49,74,74,163,163,187,201,74,74,3,3,21,45,45,95,95,95,133,154,154,243,243,268,268,293,307,323,323,366,380,432,432,9,9,9,24,24,24],"floor_reached":51,"playtime":3245,"items_purged":["Injury"],"score":1287,"play_id":"b92ebc11-2019-43da-9822-c3c5495ff2fa","local_time":"20190426182221","is_ascension_mode":true,"campfire_choices":[{"floor":7,"key":"REST"},{"data":"Zap","floor":15,"key":"SMITH"},{"data":"Capacitor","floor":23,"key":"SMITH"},{"data":"Go for the Eyes","floor":28,"key":"SMITH"},{"floor":32,"key":"REST"},{"data":"Dualcast","floor":40,"key":"SMITH"},{"data":"Doom and Gloom","floor":47,"key":"SMITH"},{"floor":49,"key":"REST"}],"neow_cost":"NONE","seed_source_timestamp":8206411224023,"circlet_count":0,"master_deck":["AscendersBane","Strike_B","Strike_B","Strike_B","Defend_B","Defend_B","Defend_B","Zap+1","Dualcast+1","Rebound","Rip and Tear","FTL","Lockon","Genetic Algorithm","Go for the Eyes+1","Cold Snap","Gash","Coolheaded+1","Coolheaded+1","Hologram+1","Double Energy+1","Reboot+1","Hologram+1","Go for the Eyes+1","Steam+1","Reinforced Body+1","Capacitor+1","Reinforced Body+1","Cold Snap","Ball Lightning+1","Steam+1","All For One","Coolheaded+1","Conserve Battery+1","Gash","Capacitor+1","Doom and Gloom+1","Glacier+1"],"relics":["Cracked Core","Golden Idol","Kunai","Meat on the Bone","Toxic Egg 2","Cursed Key","MutagenicStrength","DataDisk","Sozu","Letter Opener","Bag of Marbles","Oddly Smooth Stone","Runic Capacitor"],"potions_floor_usage":[10,16,30,31],"damage_taken":[{"damage":3,"enemies":"2 Louse","floor":1,"turns":3},{"damage":2,"enemies":"Jaw Worm","floor":4,"turns":3},{"damage":30,"enemies":"Lagavulin","floor":6,"turns":7},{"damage":0,"enemies":"Small Slimes","floor":8,"turns":3},{"damage":16,"enemies":"3 Sentries","floor":10,"turns":8},{"damage":0,"enemies":"Blue Slaver","floor":12,"turns":3},{"damage":7,"enemies":"Looter","floor":14,"turns":3},{"damage":16,"enemies":"Slime Boss","floor":16,"turns":15},{"damage":1,"enemies":"Shell Parasite","floor":18,"turns":3},{"damage":8,"enemies":"Spheric Guardian","floor":19,"turns":5},{"damage":10,"enemies":"Snake Plant","floor":24,"turns":7},{"damage":4,"enemies":"3 Cultists","floor":25,"turns":7},{"damage":24,"enemies":"Slavers","floor":30,"turns":7},{"damage":0,"enemies":"Centurion and Healer","floor":31,"turns":5},{"damage":2,"enemies":"Automaton","floor":33,"turns":17},{"damage":9,"enemies":"3 Shapes","floor":35,"turns":3},{"damage":11,"enemies":"Orb Walker","floor":37,"turns":2},{"damage":0,"enemies":"Writhing Mass","floor":38,"turns":9},{"damage":0,"enemies":"Spire Growth","floor":39,"turns":4},{"damage":28,"enemies":"Reptomancer","floor":41,"turns":8},{"damage":0,"enemies":"Maw","floor":42,"turns":10},{"damage":0,"enemies":"4 Shapes","floor":48,"turns":4},{"damage":0,"enemies":"Awakened One","floor":50,"turns":15}],"seed_played":"6821908587135973484","potions_obtained":[{"floor":4,"key":"Block Potion"},{"floor":6,"key":"SkillPotion"},{"floor":12,"key":"SmokeBomb"},{"floor":24,"key":"FearPotion"},{"floor":30,"key":"Fire Potion"},{"floor":31,"key":"SpeedPotion"}],"is_trial":false,"path_per_floor":["M","?","?","M","$","E","R","M","T","E","?","M","$","M","R","B",null,"M","M","$","?","$","R","M","M","T","?","R","?","E","M","R","B",null,"M","?","M","M","M","R","E","M","T","?","$","?","R","M","R","B",null],"character_chosen":"DEFECT","items_purchased":["FTL","Lockon","Genetic Algorithm","Coolheaded+1","Hologram+1","Steam+1","Reinforced Body+1","Capacitor","Oddly Smooth Stone","Runic Capacitor"],"campfire_rested":3,"item_purchase_floors":[5,5,5,13,13,20,20,22,45,45],"current_hp_per_floor":[61,61,50,48,48,18,37,37,37,33,38,38,38,43,43,39,62,61,53,53,53,53,53,43,39,39,39,39,39,27,39,59,57,66,57,57,46,46,46,46,30,42,42,42,42,42,42,42,61,61],"gold":24,"neow_bonus":"REMOVE_CARD","is_prod":false,"is_daily":false,"chose_seed":false,"campfire_upgraded":5,"win_rate":0,"timestamp":1556313741,"path_taken":["M","?","?","M","$","E","R","M","T","E","?","M","$","M","R","BOSS","M","M","$","?","$","R","M","M","T","?","R","?","E","M","R","BOSS","M","?","M","M","M","R","E","M","T","?","$","?","R","M","R","BOSS"],"build_version":"2019-01-23","purchased_purges":1,"victory":true,"max_hp_per_floor":[71,64,64,64,64,64,64,64,64,64,69,69,69,69,69,69,69,69,69,69,69,69,69,69,69,69,69,69,69,69,69,69,69,69,69,69,69,69,69,69,69,69,69,69,69,66,66,66,66,66],"card_choices":[{"not_picked":["Stack","Leap"],"picked":"Rebound","floor":1},{"not_picked":["Reprogram","Chill"],"picked":"Rip and Tear","floor":4},{"not_picked":["Force Field","Stack"],"picked":"Go for the Eyes","floor":6},{"not_picked":["Steam","Streamline"],"picked":"Cold Snap","floor":8},{"not_picked":["Creative AI","Turbo"],"picked":"Gash","floor":10},{"not_picked":["BootSequence+1","Loop"],"picked":"Coolheaded+1","floor":12},{"not_picked":["Barrage","Melter"],"picked":"Double Energy+1","floor":14},{"not_picked":["Buffer","Biased Cognition"],"picked":"Reboot+1","floor":16},{"not_picked":["Sweeping Beam","Stack+1"],"picked":"Hologram+1","floor":18},{"not_picked":["Conserve Battery+1","Beam Cell"],"picked":"Go for the Eyes+1","floor":19},{"not_picked":["Multi-Cast+1","Leap+1"],"picked":"Reinforced Body+1","floor":24},{"not_picked":["Leap+1","Steam Power+1"],"picked":"Cold Snap","floor":25},{"not_picked":["Conserve Battery+1","Coolheaded+1"],"picked":"Ball Lightning+1","floor":30},{"not_picked":["Leap+1","Hologram+1"],"picked":"Steam+1","floor":31},{"not_picked":["Seek+1","Buffer"],"picked":"All For One","floor":33},{"not_picked":["Streamline","Blizzard"],"picked":"Coolheaded+1","floor":35},{"not_picked":["Streamline","Steam+1"],"picked":"Conserve Battery+1","floor":37},{"not_picked":["Coolheaded+1","Turbo+1"],"picked":"Gash","floor":38},{"not_picked":["Ball Lightning","Lockon","Reprogram+1"],"picked":"SKIP","floor":39},{"not_picked":["Beam Cell","Hyperbeam"],"picked":"Capacitor+1","floor":41},{"not_picked":["Sweeping Beam+1","Streamline"],"picked":"Doom and Gloom","floor":42},{"not_picked":["Chaos+1","Beam Cell+1"],"picked":"Glacier+1","floor":48}],"player_experience":756105,"relics_obtained":[{"floor":6,"key":"Kunai"},{"floor":9,"key":"Meat on the Bone"},{"floor":10,"key":"Toxic Egg 2"},{"floor":30,"key":"DataDisk"},{"floor":41,"key":"Letter Opener"},{"floor":43,"key":"Bag of Marbles"}],"event_choices":[{"damage_healed":0,"gold_gain":0,"player_choice":"Lose Max HP","damage_taken":0,"relics_obtained":["Golden Idol"],"max_hp_gain":0,"max_hp_loss":7,"event_name":"Golden Idol","floor":2,"gold_loss":0},{"damage_healed":0,"gold_gain":75,"player_choice":"Gather Gold","damage_taken":11,"max_hp_gain":0,"max_hp_loss":0,"event_name":"World of Goop","floor":3,"gold_loss":0},{"damage_healed":0,"gold_gain":0,"player_choice":"Donut","damage_taken":0,"max_hp_gain":5,"max_hp_loss":0,"event_name":"Big Fish","floor":11,"gold_loss":0},{"damage_healed":0,"gold_gain":0,"player_choice":"Inject Mutagens","damage_taken":0,"relics_obtained":["MutagenicStrength"],"max_hp_gain":0,"max_hp_loss":0,"event_name":"Drug Dealer","floor":21,"gold_loss":0},{"damage_healed":0,"gold_gain":50,"player_choice":"Stole From Cult","damage_taken":0,"max_hp_gain":0,"max_hp_loss":0,"event_name":"Nest","floor":27,"gold_loss":0},{"damage_healed":0,"gold_gain":0,"player_choice":"Ignored","damage_taken":0,"max_hp_gain":0,"max_hp_loss":0,"event_name":"Vampires","floor":29,"gold_loss":0},{"cards_removed":["Defend_B"],"damage_healed":0,"gold_gain":0,"player_choice":"Removed Skill","damage_taken":0,"max_hp_gain":0,"max_hp_loss":0,"event_name":"Falling","floor":36,"gold_loss":0},{"damage_healed":0,"gold_gain":0,"player_choice":"Ignored","damage_taken":0,"max_hp_gain":0,"max_hp_loss":0,"event_name":"Tomb of Lord Red Mask","floor":44,"gold_loss":0},{"damage_healed":0,"gold_gain":0,"player_choice":"Max HP","damage_taken":0,"max_hp_gain":0,"max_hp_loss":3,"event_name":"Winding Halls","floor":46,"gold_loss":0}],"is_beta":false,"boss_relics":[{"not_picked":["Orrery","Empty Cage"],"picked":"Cursed Key"},{"not_picked":["Black Star","Eternal Feather"],"picked":"Sozu"}],"items_purged_floors":[45],"is_endless":false,"potions_floor_spawned":[4,6,12,24,30,31,35,41,42,48],"ascension_level":15}