{"gold_per_floor":[115,125,125,50,50,75,75,105,105,105,123,142,170,180,180,279,279,263,279,31,45,64,64,84,84,84,84,84,183,183,52,52,157,157,167,0,12,12,25,25,44,71,71,71,81,31,31,31,31,31],"floor_reached":50,"playtime":3261,"items_purged":["Strike_G","Regret","Strike_G"],"score":567,"play_id":"97bbdfa9-1357-4a70-a9ba-dea07b1c515b","local_time":"20190321031059","is_ascension_mode":true,"campfire_choices":[{"floor":10,"key":"REST"},{"floor":15,"key":"REST"},{"floor":23,"key":"REST"},{"floor":25,"key":"REST"},{"floor":30,"key":"REST"},{"data":"A Thousand Cuts","floor":32,"key":"SMITH"},{"data":"Venomology","floor":40,"key":"SMITH"},{"floor":44,"key":"REST"},{"data":"Setup","floor":47,"key":"SMITH"},{"floor":49,"key":"RECALL"}],"neow_cost":"NONE","seed_source_timestamp":102711019403093,"circlet_count":0,"master_deck":["Defend_G","Defend_G","Defend_G","Defend_G","Strike_G","Strike_G","Survivor","Neutralize","Backflip","Bouncing Flask","A Thousand Cuts+1","Setup+1","Flying Knee+1","Sucker Punch+1","Poisoned Stab+1","Venomology+1","Heel Hook+1","Deadly Poison","Catalyst+1","Bane+1","Corpse Explosion+1","Bandage Up+1","Poisoned Stab+1","Escape Plan+1"],"relics":["Ring of the Serpent","NeowsBlessing","Matryoshka","StoneCalendar","Bag of Preparation","Molten Egg 2","Kunai","Blue Candle","Toxic Egg 2","Smiling Mask","The Specimen","Happy Flower","Dream Catcher","Runic Pyramid","Red Mask","Regal Pillow","Thread and Needle"],"potions_floor_usage":[13,18,18,19,24,33,33,39,39,42,42,50,50,50],"damage_taken":[{"damage":0,"enemies":"Small Slimes","floor":1,"turns":1},{"damage":0,"enemies":"Cultist","floor":2,"turns":1},{"damage":0,"enemies":"Gremlin Nob","floor":6,"turns":1},{"damage":27,"enemies":"Lagavulin","floor":8,"turns":7},{"damage":7,"enemies":"2 Louse","floor":11,"turns":3},{"damage":4,"enemies":"Large Slime","floor":12,"turns":7},{"damage":24,"enemies":"Gremlin Nob","floor":13,"turns":5},{"damage":1,"enemies":"2 Fungi Beasts","floor":14,"turns":4},{"damage":18,"enemies":"Hexaghost","floor":16,"turns":9},{"damage":11,"enemies":"2 Thieves","floor":18,"turns":4},{"damage":2,"enemies":"Chosen","floor":19,"turns":4},{"damage":13,"enemies":"Snake Plant","floor":21,"turns":4},{"damage":27,"enemies":"Centurion and Healer","floor":22,"turns":7},{"damage":20,"enemies":"Chosen and Byrds","floor":24,"turns":5},{"damage":16,"enemies":"Champ","floor":33,"turns":7},{"damage":18,"enemies":"3 Shapes","floor":35,"turns":3},{"damage":7,"enemies":"Orb Walker","floor":37,"turns":3},{"damage":18,"enemies":"Writhing Mass","floor":39,"turns":5},{"damage":0,"enemies":"Transient","floor":41,"turns":5},{"damage":17,"enemies":"Reptomancer","floor":42,"turns":4},{"damage":0,"enemies":"Sphere and 2 Shapes","floor":45,"turns":4},{"damage":88,"enemies":"Time Eater","floor":50,"turns":9}],"seed_played":"4412729593394678443","potions_obtained":[{"floor":2,"key":"FairyPotion"},{"floor":12,"key":"EssenceOfSteel"},{"floor":16,"key":"AttackPotion"},{"floor":18,"key":"Energy Potion"},{"floor":22,"key":"Swift Potion"},{"floor":24,"key":"GhostInAJar"},{"floor":37,"key":"SkillPotion"},{"floor":45,"key":"Weak Potion"}],"is_trial":false,"path_per_floor":["?","T","?","?","?","?","$","?","?","M","?"],"character_chosen":"THE_SILENT","items_purchased":["Toxic Egg 2","Bandage Up+1"],"campfire_rested":6,"item_purchase_floors":[20,31],"current_hp_per_floor":[70,70,70,70,70,70,70,43,43,64,57,53,29,28,49,31,70,59,57,57,44,17,38,18,39,39,39,39,39,60,60,60,50,70,58,58,57,57,45,45,51,40,40,70,70,70,70,70,70,0],"gold":31,"neow_bonus":"THREE_ENEMY_KILL","is_prod":false,"is_daily":false,"chose_seed":false,"campfire_upgraded":3,"win_rate":0,"timestamp":1553112659,"path_taken":["M","M","?","$","?","E","?","E","T","R","M","M","E","M","R","BOSS","M","M","$","M","M","R","M","R","T","?","?","?","R","?","R","BOSS","M","?","M","?","?","R","M","E","T","R","M","$","R","?","R","BOSS"],"build_version":"2019-01-23","purchased_purges":3,"victory":false,"max_hp_per_floor":[70,70,70,70,70,70,70,70,70,70,70,70,70,70,70,70,70,70,70,70,70,70,70,70,70,70,70,70,70,70,70,70,70,70,70,70,70,70,70,70,70,70,70,70,70,70,70,70,70,70],"card_choices":[{"not_picked":["Dagger Spray","PiercingWail","Choke"],"picked":"SKIP","floor":1},{"not_picked":["Dagger Throw","Flechettes"],"picked":"Backflip","floor":2},{"not_picked":["Blade Dance","Expertise"],"picked":"A Thousand Cuts","floor":6},{"not_picked":["Slice","Flying Knee"],"picked":"Setup","floor":8},{"not_picked":["Underhanded Strike+1","Reflex","Blade Dance"],"picked":"SKIP","floor":11},{"not_picked":["Footwork","Well Laid Plans"],"picked":"Flying Knee+1","floor":12},{"not_picked":["Backflip","Slice+1"],"picked":"Sucker Punch+1","floor":13},{"not_picked":["Dagger Spray+1","All Out Attack+1"],"picked":"Poisoned Stab+1","floor":14},{"not_picked":["Malaise","Wraith Form v2"],"picked":"Venomology","floor":16},{"not_picked":["Underhanded Strike+1","Well Laid Plans"],"picked":"Heel Hook+1","floor":18},{"not_picked":["Dodge and Roll+1","Dagger Spray+1"],"picked":"Deadly Poison","floor":19},{"not_picked":["Caltrops+1","Distraction+1"],"picked":"Catalyst+1","floor":21},{"not_picked":["Finisher+1","Underhanded Strike+1"],"picked":"Bane+1","floor":22},{"not_picked":["Outmaneuver+1","Cloak And Dagger+1"],"picked":"Corpse Explosion+1","floor":24},{"not_picked":["Reflex+1","Distraction+1","PiercingWail+1"],"picked":"SKIP","floor":35},{"not_picked":["PiercingWail+1","Underhanded Strike+1","Deadly Poison+1"],"picked":"SKIP","floor":37},{"not_picked":["Dagger Throw+1","Leg Sweep+1"],"picked":"Poisoned Stab+1","floor":39},{"not_picked":["Blade Dance+1","Quick Slash+1","Dash+1"],"picked":"SKIP","floor":41},{"not_picked":["Flechettes+1","Well Laid Plans","Poisoned Stab+1"],"picked":"SKIP","floor":42},{"not_picked":["Quick Slash+1","Blade Dance+1"],"picked":"Escape Plan+1","floor":44},{"not_picked":["Leg Sweep+1","Terror+1","Expertise+1"],"picked":"SKIP","floor":45}],"player_experience":85479,"relics_obtained":[{"floor":5,"key":"Matryoshka"},{"floor":6,"key":"StoneCalendar"},{"floor":8,"key":"Molten Egg 2"},{"floor":9,"key":"Kunai"},{"floor":13,"key":"Blue Candle"},{"floor":26,"key":"Smiling Mask"},{"floor":26,"key":"The Specimen"},{"floor":42,"key":"Regal Pillow"},{"floor":43,"key":"Thread and Needle"}],"event_choices":[{"damage_healed":0,"gold_gain":0,"cards_transformed":["Defend_G"],"player_choice":"Transformed","damage_taken":0,"max_hp_gain":0,"max_hp_loss":0,"event_name":"Transmorgrifier","floor":3,"gold_loss":0,"cards_obtained":["Bouncing Flask"]},{"damage_healed":0,"gold_gain":0,"player_choice":"Box","damage_taken":0,"relics_obtained":["Bag of Preparation"],"max_hp_gain":0,"max_hp_loss":0,"event_name":"Big Fish","floor":7,"gold_loss":0,"cards_obtained":["Regret"]},{"damage_healed":0,"gold_gain":0,"player_choice":"Stole Relic","damage_taken":0,"relics_obtained":["Happy Flower"],"max_hp_gain":0,"max_hp_loss":0,"event_name":"Addict","floor":27,"gold_loss":0,"cards_obtained":["Shame"]},{"damage_healed":0,"gold_gain":0,"player_choice":"Opened","damage_taken":0,"relics_obtained":["Dream Catcher"],"max_hp_gain":0,"max_hp_loss":0,"event_name":"The Mausoleum","floor":28,"gold_loss":0,"cards_obtained":["Writhe"]},{"damage_healed":0,"gold_gain":99,"player_choice":"Stole From Cult","damage_taken":0,"max_hp_gain":0,"max_hp_loss":0,"event_name":"Nest","floor":29,"gold_loss":0},{"damage_healed":0,"gold_gain":0,"player_choice":"Paid","damage_taken":0,"relics_obtained":["Red Mask"],"max_hp_gain":0,"max_hp_loss":0,"event_name":"Tomb of Lord Red Mask","floor":36,"gold_loss":167},{"cards_removed":["Writhe","Shame"],"damage_healed":0,"gold_gain":0,"player_choice":"Removed Curses","damage_taken":0,"max_hp_gain":0,"max_hp_loss":0,"event_name":"Fountain of Cleansing","floor":38,"gold_loss":0},{"cards_removed":["Strike_G"],"damage_healed":0,"gold_gain":0,"player_choice":"Removed Attack","damage_taken":0,"max_hp_gain":0,"max_hp_loss":0,"event_name":"Falling","floor":48,"gold_loss":0}],"is_beta":false,"boss_relics":[{"not_picked":["Velvet Choker","Ectoplasm"],"picked":"Ring of the Serpent"},{"not_picked":["Pandora\u0027s Box","Fusion Hammer"],"picked":"Runic Pyramid"}],"items_purged_floors":[4,31,46],"is_endless":false,"potions_floor_spawned":[2,12,16,18,22,24,37,41,45],"killed_by":"Time Eater","ascension_level":1}