{"gold_per_floor":[114,114,129,1,18,18,45,45,45,63,63,75,90,116,116,188,238,255,145,14,24,24],"floor_reached":22,"playtime":1636,"items_purged":["Pain"],"score":411,"play_id":"05b60a60-7ccf-4e6b-96f6-109172b0d276","local_time":"20181227133629","is_ascension_mode":true,"campfire_choices":[{"data":"Clothesline","floor":6,"key":"SMITH"},{"data":"Armaments","floor":11,"key":"SMITH"},{"data":"Warcry","floor":15,"key":"SMITH"}],"neow_cost":"NONE","seed_source_timestamp":505896578296439,"circlet_count":0,"master_deck":["AscendersBane","Strike_R+1","Strike_R","Strike_R","Strike_R","Defend_R","Defend_R","Defend_R","Defend_R","Bash","Feed","Clothesline+1","Headbutt+1","Uppercut","Armaments+1","Warcry+1","Shrug It Off","Brutality","Cleave","Body Slam","Evolve","Corruption+1"],"relics":["Burning Blood","WarpedTongs","Letter Opener","Mummified Hand","Tiny House"],"potions_floor_usage":[8,14,18,22],"damage_taken":[{"damage":7,"enemies":"Cultist","floor":1,"turns":4},{"damage":5,"enemies":"2 Louse","floor":3,"turns":4},{"damage":6,"enemies":"Jaw Worm","floor":5,"turns":4},{"damage":42,"enemies":"Gremlin Nob","floor":7,"turns":5},{"damage":0,"enemies":"Gremlin Gang","floor":8,"turns":1},{"damage":10,"enemies":"Looter","floor":10,"turns":5},{"damage":5,"enemies":"Large Slime","floor":12,"turns":5},{"damage":1,"enemies":"2 Fungi Beasts","floor":13,"turns":3},{"damage":31,"enemies":"Lagavulin","floor":14,"turns":8},{"damage":40,"enemies":"The Guardian","floor":16,"turns":15},{"damage":43,"enemies":"3 Byrds","floor":18,"turns":9},{"damage":48,"enemies":"Spheric Guardian","floor":21,"turns":6},{"damage":12,"enemies":"Snake Plant","floor":22,"turns":2}],"seed_played":"2852527209065659617","potions_obtained":[{"floor":3,"key":"SmokeBomb"},{"floor":10,"key":"Block Potion"},{"floor":12,"key":"Regen Potion"},{"floor":16,"key":"Dexterity Potion"},{"floor":17,"key":"AttackPotion"}],"is_trial":false,"path_per_floor":["M","?","M","$","M","R","E","M","T","M","R","M","M","E","R","B",null,"M","?","$","M","M"],"character_chosen":"IRONCLAD","items_purchased":["PowerPotion","Evolve","Energy Potion"],"campfire_rested":0,"item_purchase_floors":[4,20,20],"current_hp_per_floor":[70,70,74,74,77,77,41,47,47,47,47,52,60,54,54,20,84,51,51,51,9,0],"gold":24,"neow_bonus":"ONE_RANDOM_RARE_CARD","is_prod":false,"is_daily":false,"chose_seed":false,"campfire_upgraded":3,"win_rate":0,"timestamp":1545914189,"path_taken":["M","?","?","$","M","R","E","?","T","M","R","M","M","E","R","BOSS","M","?","$","M","M"],"build_version":"2018-12-20","purchased_purges":1,"victory":false,"max_hp_per_floor":[78,78,81,81,84,84,84,84,84,88,88,92,95,99,99,99,104,108,108,108,108,108],"card_choices":[{"not_picked":["Iron Wave","True Grit"],"picked":"Clothesline","floor":1},{"not_picked":["Blood for Blood","Iron Wave","Clash"],"picked":"SKIP","floor":3},{"not_picked":["Thunderclap","Blood for Blood"],"picked":"Headbutt","floor":5},{"not_picked":["Searing Blow","Sever Soul"],"picked":"Uppercut","floor":7},{"not_picked":["Clash","Flex"],"picked":"Armaments","floor":10},{"not_picked":["Clothesline","Sword Boomerang","Exhume"],"picked":"SKIP","floor":12},{"not_picked":["Clothesline","Sword Boomerang","Exhume"],"picked":"SKIP","floor":12},{"not_picked":["Anger","Clash"],"picked":"Warcry","floor":13},{"not_picked":["True Grit","Flex"],"picked":"Shrug It Off","floor":14},{"not_picked":["Barricade","Exhume"],"picked":"Brutality","floor":16},{"not_picked":["Armaments","Headbutt"],"picked":"Cleave","floor":17},{"not_picked":["Burning Pact","Clash"],"picked":"Body Slam","floor":18},{"not_picked":["Clothesline","Wild Strike"],"picked":"Corruption+1","floor":21}],"player_experience":1041116,"relics_obtained":[{"floor":9,"key":"Letter Opener"},{"floor":14,"key":"Mummified Hand"}],"event_choices":[{"damage_healed":0,"gold_gain":0,"player_choice":"Rummage","damage_taken":0,"relics_obtained":["WarpedTongs"],"max_hp_gain":0,"max_hp_loss":0,"event_name":"Accursed Blacksmith","floor":2,"gold_loss":0,"cards_obtained":["Pain"]},{"cards_removed":["Strike_R"],"damage_healed":0,"gold_gain":0,"player_choice":"Upgrade and Remove","damage_taken":0,"max_hp_gain":0,"max_hp_loss":0,"event_name":"Designer","floor":19,"gold_loss":110,"cards_upgraded":["Headbutt"]}],"is_beta":false,"boss_relics":[{"not_picked":["Lizard Tail","Ectoplasm"],"picked":"Tiny House"}],"items_purged_floors":[4],"is_endless":false,"potions_floor_spawned":[3,5,10,12,16,21],"killed_by":"Snake Plant","ascension_level":19}