{"gold_per_floor":[117,68,143,163,178,178,196,221,291,325,339,374,374,391,391,466,466,476,476,200,200,200,200,48,75,156,156,38,88,88,106,106,177,177,189,189,200,200],"floor_reached":38,"playtime":1543,"items_purged":["Strike_R"],"score":718,"play_id":"2d1a8667-ec63-465d-a5b6-443ee906a4f1","local_time":"20190406140416","is_ascension_mode":true,"campfire_choices":[{"data":"Bash","floor":6,"key":"SMITH"},{"floor":13,"key":"REST"},{"data":"Disarm","floor":15,"key":"SMITH"},{"floor":23,"key":"REST"},{"data":"True Grit","floor":27,"key":"SMITH"},{"data":"Limit Break","floor":30,"key":"SMITH"},{"floor":32,"key":"REST"}],"neow_cost":"NONE","seed_source_timestamp":1832238144750,"circlet_count":0,"master_deck":["AscendersBane","Strike_R","Strike_R","Strike_R","Strike_R","Defend_R","Defend_R","Defend_R","Defend_R","Bash+1","Anger","True Grit+1","Metallicize","Disarm+1","Immolate","Spot Weakness","Exhume","Battle Trance+1","Limit Break+1","Metallicize","Pummel","J.A.X.","Pummel","Impervious","Battle Trance","Shrug It Off","Metallicize","Inflame","Impervious","Battle Trance","Inflame","True Grit","Entrench+1","Headbutt+1"],"relics":["Burning Blood","StoneCalendar","Gremlin Horn","Omamori","Ornamental Fan","Sozu","Dream Catcher","Kunai","Self Forming Clay","Orrery","Molten Egg 2"],"potions_floor_usage":[8,10,38],"damage_taken":[{"damage":11,"enemies":"Jaw Worm","floor":1,"turns":4},{"damage":0,"enemies":"Small Slimes","floor":4,"turns":2},{"damage":10,"enemies":"2 Louse","floor":5,"turns":3},{"damage":24,"enemies":"Lots of Slimes","floor":7,"turns":7},{"damage":19,"enemies":"Gremlin Nob","floor":8,"turns":5},{"damage":17,"enemies":"3 Sentries","floor":10,"turns":4},{"damage":9,"enemies":"Red Slaver","floor":11,"turns":3},{"damage":24,"enemies":"Lagavulin","floor":12,"turns":7},{"damage":0,"enemies":"Large Slime","floor":14,"turns":5},{"damage":30,"enemies":"The Guardian","floor":16,"turns":10},{"damage":28,"enemies":"Chosen","floor":18,"turns":7},{"damage":37,"enemies":"Gremlin Leader","floor":25,"turns":6},{"damage":3,"enemies":"Spheric Guardian","floor":31,"turns":3},{"damage":7,"enemies":"Champ","floor":33,"turns":8},{"damage":8,"enemies":"3 Darklings","floor":35,"turns":5},{"damage":9,"enemies":"3 Shapes","floor":37,"turns":7},{"damage":76,"enemies":"2 Orb Walkers","floor":38,"turns":6}],"seed_played":"5911234929088029764","potions_obtained":[{"floor":5,"key":"Block Potion"},{"floor":8,"key":"Regen Potion"},{"floor":12,"key":"Dexterity Potion"}],"is_trial":false,"path_per_floor":["M","$","?","M","M","R","M","E","T","E","M","E","R","M","R","B",null,"M","?","$","?","T","R","$","E","T","R","$","?","R","M","R","B",null,"M","T","M","?"],"character_chosen":"IRONCLAD","items_purchased":["True Grit","Limit Break","Metallicize","Pummel","Impervious","Shrug It Off","Metallicize"],"campfire_rested":3,"item_purchase_floors":[2,20,20,20,24,28,28],"current_hp_per_floor":[70,70,59,65,61,61,43,30,30,28,25,7,31,37,37,13,65,43,43,43,43,43,67,67,36,36,36,36,28,28,31,55,54,75,73,73,70,0],"gold":200,"neow_bonus":"TEN_PERCENT_HP_BONUS","is_prod":false,"is_daily":false,"chose_seed":false,"campfire_upgraded":4,"win_rate":0,"timestamp":1554570256,"path_taken":["M","$","?","M","M","R","M","E","T","E","M","E","R","M","R","BOSS","M","?","$","?","?","R","$","E","T","R","?","?","R","?","R","BOSS","M","?","M","?"],"build_version":"2019-01-23","purchased_purges":1,"victory":false,"max_hp_per_floor":[82,82,82,82,82,82,82,82,82,82,82,82,82,82,82,82,82,82,82,82,82,82,82,82,82,82,82,82,82,82,82,82,82,82,82,82,82,82],"card_choices":[{"not_picked":["Thunderclap","Headbutt"],"picked":"Anger","floor":1},{"not_picked":["Burning Pact","Rampage","Armaments"],"picked":"SKIP","floor":4},{"not_picked":["Cleave","Entrench"],"picked":"Metallicize","floor":5},{"not_picked":["Perfected Strike","Warcry"],"picked":"Disarm","floor":7},{"not_picked":["Clothesline","Entrench"],"picked":"Immolate","floor":8},{"not_picked":["Wild Strike","Flex","Bloodletting"],"picked":"SKIP","floor":10},{"not_picked":["Fire Breathing","Power Through","Clash"],"picked":"SKIP","floor":11},{"not_picked":["Thunderclap","Dual Wield"],"picked":"Spot Weakness","floor":12},{"not_picked":["Anger","Clash","Warcry"],"picked":"SKIP","floor":14},{"not_picked":["Bludgeon","Feed"],"picked":"Exhume","floor":16},{"not_picked":["Body Slam","Searing Blow+1"],"picked":"Battle Trance+1","floor":18},{"not_picked":["Pommel Strike","Armaments"],"picked":"Pummel","floor":23},{"not_picked":["Dropkick","Pommel Strike"],"picked":"Battle Trance","floor":25},{"not_picked":["True Grit","Havoc"],"picked":"Inflame","floor":31},{"not_picked":["Feed","Berserk"],"picked":"Impervious","floor":33},{"not_picked":["Wild Strike","Body Slam"],"picked":"Battle Trance","floor":34},{"not_picked":["Combust","Sword Boomerang"],"picked":"Inflame","floor":34},{"not_picked":["Armaments","Headbutt"],"picked":"True Grit","floor":34},{"not_picked":["Disarm+1","Havoc"],"picked":"Entrench+1","floor":35},{"not_picked":["Twin Strike+1","Carnage+1"],"picked":"Headbutt+1","floor":37}],"player_experience":527295,"relics_obtained":[{"floor":8,"key":"StoneCalendar"},{"floor":9,"key":"Gremlin Horn"},{"floor":10,"key":"Omamori"},{"floor":12,"key":"Ornamental Fan"},{"floor":22,"key":"Dream Catcher"},{"floor":25,"key":"Kunai"},{"floor":26,"key":"Self Forming Clay"},{"floor":36,"key":"Molten Egg 2"}],"event_choices":[{"damage_healed":0,"gold_gain":75,"player_choice":"Gather Gold","damage_taken":11,"max_hp_gain":0,"max_hp_loss":0,"event_name":"World of Goop","floor":3,"gold_loss":0},{"damage_healed":0,"gold_gain":0,"player_choice":"Ignored","damage_taken":0,"max_hp_gain":0,"max_hp_loss":0,"event_name":"Vampires","floor":19,"gold_loss":0},{"damage_healed":0,"gold_gain":0,"player_choice":"Obtain J.A.X.","damage_taken":0,"max_hp_gain":0,"max_hp_loss":0,"event_name":"Drug Dealer","floor":21,"gold_loss":0,"cards_obtained":["J.A.X."]},{"damage_healed":0,"gold_gain":50,"player_choice":"Touch","damage_taken":8,"max_hp_gain":0,"max_hp_loss":0,"event_name":"FaceTrader","floor":29,"gold_loss":0},{"damage_healed":0,"gold_gain":0,"player_choice":"Fight","damage_taken":0,"max_hp_gain":0,"max_hp_loss":0,"event_name":"Mysterious Sphere","floor":38,"gold_loss":0}],"is_beta":false,"boss_relics":[{"not_picked":["Black Star","Cursed Key"],"picked":"Sozu"},{"not_picked":["Runic Dome","Astrolabe"],"picked":"Orrery"}],"items_purged_floors":[24],"is_endless":false,"potions_floor_spawned":[5,8,12,25,33],"killed_by":"2 Orb Walkers","ascension_level":15}