{"gold_per_floor":[111,24,35,0,18,18,43,55,55,55,55,87,87],"floor_reached":13,"playtime":285,"items_purged":[],"score":186,"play_id":"0d7a463e-5892-457f-98a2-62210a5f6484","local_time":"20181231144508","is_ascension_mode":true,"campfire_choices":[{"data":"Rip and Tear","floor":6,"key":"SMITH"},{"data":"Melter","floor":11,"key":"SMITH"}],"neow_cost":"NONE","seed_source_timestamp":334800825980183,"circlet_count":0,"master_deck":["AscendersBane","Strike_B","Strike_B","Strike_B","Strike_B","Defend_B","Defend_B","Defend_B","Defend_B","Zap+1","Dualcast","Melter+1","Rip and Tear+1","Coolheaded","Leap","White Noise","Machine Learning","Cold Snap"],"relics":["Cracked Core","NeowsBlessing","Turnip","FossilizedHelix","Gambling Chip"],"potions_floor_usage":[12],"damage_taken":[{"damage":0,"enemies":"Small Slimes","floor":1,"turns":1},{"damage":0,"enemies":"Jaw Worm","floor":3,"turns":1},{"damage":0,"enemies":"Cultist","floor":5,"turns":1},{"damage":31,"enemies":"3 Sentries","floor":7,"turns":7},{"damage":7,"enemies":"Exordium Wildlife","floor":8,"turns":3},{"damage":21,"enemies":"Gremlin Nob","floor":12,"turns":4},{"damage":6,"enemies":"3 Louse","floor":13,"turns":2}],"seed_played":"3493274435191833416","potions_obtained":[{"floor":3,"key":"PowerPotion"}],"is_trial":false,"path_per_floor":["M","$","M","?","M","R","E","M","T","?","R","E","M"],"character_chosen":"DEFECT","items_purchased":["Rip and Tear"],"campfire_rested":0,"item_purchase_floors":[2],"current_hp_per_floor":[64,64,64,64,64,64,33,26,26,26,26,5,0],"gold":87,"neow_bonus":"THREE_ENEMY_KILL","is_prod":false,"is_daily":false,"chose_seed":false,"campfire_upgraded":2,"win_rate":0,"timestamp":1546263908,"path_taken":["M","$","M","?","M","R","E","M","T","?","R","E","M"],"build_version":"2018-12-20","purchased_purges":0,"victory":false,"max_hp_per_floor":[71,71,71,71,71,71,71,71,71,71,71,71,71],"card_choices":[{"not_picked":["Streamline","Force Field"],"picked":"Melter","floor":1},{"not_picked":["Hello World","Compile Driver"],"picked":"Coolheaded","floor":3},{"not_picked":["Turbo","Compile Driver"],"picked":"Leap","floor":5},{"not_picked":["Static Discharge","Hologram"],"picked":"White Noise","floor":7},{"not_picked":["Gash","Heatsinks"],"picked":"Machine Learning","floor":8},{"not_picked":["Turbo","Leap"],"picked":"Cold Snap","floor":12}],"player_experience":1080026,"relics_obtained":[{"floor":7,"key":"Turnip"},{"floor":9,"key":"FossilizedHelix"},{"floor":12,"key":"Gambling Chip"}],"event_choices":[{"damage_healed":0,"gold_gain":0,"player_choice":"Left Gold","damage_taken":0,"max_hp_gain":0,"max_hp_loss":0,"event_name":"World of Goop","floor":4,"gold_loss":35},{"damage_healed":0,"gold_gain":0,"player_choice":"Grow","damage_taken":0,"max_hp_gain":0,"max_hp_loss":0,"event_name":"Living Wall","floor":10,"gold_loss":0,"cards_upgraded":["Zap"]}],"is_beta":false,"boss_relics":[],"items_purged_floors":[],"is_endless":false,"potions_floor_spawned":[3],"killed_by":"3 Louse","ascension_level":20}