{"gold_per_floor":[109,55,55,5,16,16,91,103,103,103,134,134,144,69,69,165,165,175,189,189],"floor_reached":20,"playtime":403,"items_purged":["Defend_R"],"score":181,"play_id":"33afdc55-2c21-421c-8bdd-746b23cdba8b","local_time":"20190325013505","is_ascension_mode":true,"campfire_choices":[{"data":"Flex","floor":6,"key":"SMITH"},{"data":"Bash","floor":10,"key":"SMITH"},{"data":"Strike_R","floor":15,"key":"SMITH"}],"neow_cost":"NONE","seed_source_timestamp":533391802334300,"circlet_count":0,"master_deck":["Strike_R","Strike_R","Strike_R+1","Strike_R","Defend_R","Defend_R","Defend_R","Bash+1","Flex+1","Uppercut+1","Impervious","Shrug It Off"],"relics":["Burning Blood"],"potions_floor_usage":[19],"damage_taken":[{"damage":12,"enemies":"Small Slimes","floor":1,"turns":4},{"damage":5,"enemies":"2 Louse","floor":5,"turns":2},{"damage":6,"enemies":"Jaw Worm","floor":8,"turns":3},{"damage":26,"enemies":"Lagavulin","floor":11,"turns":5},{"damage":9,"enemies":"Blue Slaver","floor":13,"turns":3},{"damage":43,"enemies":"The Guardian","floor":16,"turns":12},{"damage":26,"enemies":"Shell Parasite","floor":18,"turns":7},{"damage":13,"enemies":"Spheric Guardian","floor":19,"turns":5},{"damage":0,"enemies":"Shelled Parasite and Fungi","floor":20,"turns":1}],"seed_played":"-5979732856968183712","potions_obtained":[{"floor":11,"key":"FearPotion"},{"floor":13,"key":"FearPotion"},{"floor":16,"key":"SpeedPotion"},{"floor":18,"key":"Fire Potion"},{"floor":19,"key":"BloodPotion"}],"is_trial":false,"path_per_floor":["M","$","?","?","M","R","?","M","T","R","E","?","M","$","R","B",null,"M","M","M"],"character_chosen":"IRONCLAD","items_purchased":["Flex"],"campfire_rested":0,"item_purchase_floors":[2],"current_hp_per_floor":[82,82,82,82,83,83,72,72,72,72,52,52,49,49,49,12,88,68,61,61],"gold":189,"neow_bonus":"TEN_PERCENT_HP_BONUS","is_prod":false,"is_daily":false,"chose_seed":false,"campfire_upgraded":3,"win_rate":0,"timestamp":1553502905,"path_taken":["M","$","?","?","M","R","?","M","T","R","E","?","M","$","R","BOSS","M","M","M"],"build_version":"2019-01-23","purchased_purges":1,"victory":false,"max_hp_per_floor":[88,88,88,88,88,88,88,88,88,88,88,88,88,88,88,88,88,88,88,88],"card_choices":[{"not_picked":["Clash","Cleave","Clothesline"],"picked":"SKIP","floor":1},{"not_picked":["Ghostly Armor","Havoc","Warcry"],"picked":"SKIP","floor":5},{"not_picked":["Cleave","Inflame","Burning Pact"],"picked":"SKIP","floor":8},{"not_picked":["Perfected Strike","Power Through"],"picked":"Uppercut","floor":11},{"not_picked":["Clash","Iron Wave","Anger"],"picked":"SKIP","floor":13},{"not_picked":["Exhume","Barricade"],"picked":"Impervious","floor":16},{"not_picked":["Pummel+1","Perfected Strike+1"],"picked":"Shrug It Off","floor":18},{"not_picked":["Iron Wave","Infernal Blade","Sword Boomerang"],"picked":"SKIP","floor":19}],"player_experience":841338,"relics_obtained":[],"event_choices":[{"damage_healed":0,"gold_gain":0,"player_choice":"Ignored","damage_taken":0,"max_hp_gain":0,"max_hp_loss":0,"event_name":"Golden Idol","floor":3,"gold_loss":0},{"cards_removed":["Strike_R"],"damage_healed":0,"gold_gain":0,"player_choice":"Card Removal","damage_taken":0,"max_hp_gain":0,"max_hp_loss":0,"event_name":"The Cleric","floor":4,"gold_loss":50},{"damage_healed":0,"gold_gain":75,"player_choice":"Gather Gold","damage_taken":11,"max_hp_gain":0,"max_hp_loss":0,"event_name":"World of Goop","floor":7,"gold_loss":0},{"damage_healed":0,"gold_gain":0,"player_choice":"Grow","damage_taken":0,"max_hp_gain":0,"max_hp_loss":0,"event_name":"Living Wall","floor":12,"gold_loss":0,"cards_upgraded":["Uppercut"]}],"is_beta":false,"boss_relics":[{"not_picked":["Calling Bell","Black Blood","White Beast Statue"]}],"items_purged_floors":[14],"is_endless":false,"potions_floor_spawned":[11,13,16,18,19],"killed_by":"Shelled Parasite and Fungi","ascension_level":1}