{"path_per_floor":["M","?","M","M","?","R","M","M","T","R","M","?","$","M","R","B",null,"M","?","M"],"character_chosen":"DEFECT","items_purchased":[],"gold_per_floor":[114,189,203,214,164,164,182,201,201,201,216,391,391,404,404,499,499,511,511,451,451],"floor_reached":21,"campfire_rested":3,"playtime":2233,"item_purchase_floors":[],"current_hp_per_floor":[36,25,24,18,18,40,40,39,39,61,50,50,50,36,58,35,75,42,42,27,0],"items_purged":[],"gold":451,"score":180,"play_id":"3ee88e67-9421-4ca9-b2ae-7268fda8371e","local_time":"20180603004009","is_prod":false,"is_daily":false,"chose_seed":false,"is_ascension_mode":true,"campfire_upgraded":0,"win_rate":0.0,"timestamp":1528000809,"campfire_choices":[{"floor":6.0,"key":"REST"},{"floor":10.0,"key":"REST"},{"floor":15.0,"key":"REST"}],"path_taken":["M","?","M","?","?","R","M","M","T","R","?","?","$","M","R","BOSS","M","?","?","?"],"build_version":"2018-05-31","seed_source_timestamp":0,"purchased_purges":0,"victory":false,"master_deck":["Strike_B+1","Strike_B+1","Strike_B+1","Defend_B+1","Defend_B+1","Defend_B+1","Defend_B+1","Zap","Dualcast","FTL","Sunder","Sunder","Consume","Doubt","Thunder Strike","Static Discharge"],"max_hp_per_floor":[75,75,75,75,75,75,75,75,75,75,75,75,75,75,75,75,75,75,75,75,75],"relics":["Cracked Core","Bird Faced Urn","Matryoshka","White Beast Statue"],"card_choices":[{"not_picked":["Cold Snap","Hologram"],"picked":"FTL","floor":1.0},{"not_picked":["Hologram","Beam Cell","Go for the Eyes"],"picked":"SKIP","floor":3.0},{"not_picked":["Rainbow","Leap"],"picked":"Sunder","floor":4.0},{"not_picked":["Coolheaded","Stack","Sweeping Beam"],"picked":"SKIP","floor":7.0},{"not_picked":["Cold Snap","Blizzard"],"picked":"Sunder","floor":8.0},{"not_picked":["Beam Cell","Stack"],"picked":"Consume","floor":11.0},{"not_picked":["Reboot","Go for the Eyes","Sweeping Beam"],"picked":"SKIP","floor":14.0},{"not_picked":["Meteor Strike","Reboot"],"picked":"Thunder Strike","floor":16.0},{"not_picked":["Rebound+1","Compile Driver"],"picked":"Static Discharge","floor":18.0},{"not_picked":["Streamline","Consume","Sweeping Beam"],"picked":"SKIP","floor":20}],"player_experience":478460,"potions_floor_usage":[20,20,21],"damage_taken":[{"damage":2.0,"enemies":"Small Slimes","floor":1.0,"turns":4.0},{"damage":1.0,"enemies":"Cultist","floor":3.0,"turns":3.0},{"damage":6.0,"enemies":"Jaw Worm","floor":4.0,"turns":3.0},{"damage":0.0,"enemies":"Looter","floor":7.0,"turns":3.0},{"damage":1.0,"enemies":"Lots of Slimes","floor":8.0,"turns":3.0},{"damage":11.0,"enemies":"Red Slaver","floor":11.0,"turns":3.0},{"damage":14.0,"enemies":"Blue Slaver","floor":14.0,"turns":3.0},{"damage":23.0,"enemies":"Slime Boss","floor":16.0,"turns":8.0},{"damage":33.0,"enemies":"Chosen","floor":18.0,"turns":5.0},{"damage":17,"enemies":"2 Thieves","floor":20,"turns":4},{"damage":37,"enemies":"3 Cultists","floor":21,"turns":4}],"relics_obtained":[{"floor":9.0,"key":"Matryoshka"}],"event_choices":[{"event_name":"World of Goop","player_choice":"Gather Gold","floor":2.0,"damage_taken":0.0},{"event_name":"The Cleric","player_choice":"Card Removal","floor":5.0,"damage_taken":0.0},{"event_name":"Liars Game","player_choice":"agreed","floor":12.0,"damage_taken":0.0},{"event_name":"Back to Basics","player_choice":"Simplicity","floor":19.0,"damage_taken":0.0}],"boss_relics":[],"items_purged_floors":[],"potions_floor_spawned":[7,14,16,18,20],"seed_played":"2917012968434397614","killed_by":"3 Cultists","ascension_level":1,"potions_obtained":[{"floor":7.0,"key":"SpeedPotion"},{"floor":14.0,"key":"SkillPotion"},{"floor":16.0,"key":"SteroidPotion"},{"floor":18.0,"key":"Weak Potion"},{"floor":20,"key":"SkillPotion"}],"is_trial":false}