{"gold_per_floor":[366,383,383,65,80,140,140,169,219,239,9,9,31,49,49,144,194,206,222,233,133,143,143,168,185,185,203,217,217,246,263,263,364,364,380,392,392,24,42,74,74,91,116,148,168,168,7,17,17,17],"floor_reached":51,"playtime":2595,"items_purged":["Normality","Strike_R","Writhe"],"score":1159,"play_id":"a36f9939-af25-4e6f-9f38-11f3e42fdb14","local_time":"20181008182359","is_ascension_mode":true,"campfire_choices":[{"floor":15.0,"key":"REST"},{"data":"Metallicize","floor":23.0,"key":"SMITH"},{"floor":32.0,"key":"REST"},{"floor":41,"key":"REST"},{"floor":46,"key":"REST"},{"floor":49,"key":"REST"}],"neow_cost":"CURSE","seed_source_timestamp":0,"circlet_count":0,"master_deck":["Strike_R","Strike_R","Strike_R","Strike_R","Defend_R","Defend_R","Defend_R","Defend_R","Bash","Warcry","Twin Strike","Intimidate+1","Ghostly Armor","Thunderclap","Metallicize+1","Whirlwind","Cleave+1","Shrug It Off","Rage","Limit Break","Anger","Sword Boomerang","Pummel","Iron Wave+1","Armaments+1","Necronomicurse","Battle Trance+1","Disarm+1","True Grit+1","Bludgeon","Intimidate+1","Infernal Blade+1","Heavy Blade+1","Ghostly Armor+1","Dropkick+1","Offering","Limit Break","Seeing Red+1"],"special_seed":0,"relics":["Burning Blood","Darkstone Periapt","Brimstone","Tiny Chest","Blue Candle","PreservedInsect","Toy Ornithopter","Odd Mushroom","Tiny House","Pantograph","Strawberry","Necronomicon","Dream Catcher","Velvet Choker","Kunai","Boot","Bag of Marbles","Unceasing Top"],"potions_floor_usage":[35,50,50,50],"damage_taken":[{"damage":1.0,"enemies":"Cultist","floor":1.0,"turns":3.0},{"damage":5.0,"enemies":"Small Slimes","floor":2.0,"turns":4.0},{"damage":13.0,"enemies":"Jaw Worm","floor":5.0,"turns":2.0},{"damage":13.0,"enemies":"Lagavulin","floor":6.0,"turns":5.0},{"damage":25.0,"enemies":"3 Sentries","floor":8.0,"turns":6.0},{"damage":6.0,"enemies":"Exordium Wildlife","floor":10.0,"turns":3.0},{"damage":7.0,"enemies":"The Mushroom Lair","floor":13.0,"turns":3.0},{"damage":4.0,"enemies":"Looter","floor":14.0,"turns":3.0},{"damage":25.0,"enemies":"Slime Boss","floor":16.0,"turns":7.0},{"damage":0.0,"enemies":"Spheric Guardian","floor":18.0,"turns":3.0},{"damage":0.0,"enemies":"3 Byrds","floor":19.0,"turns":3.0},{"damage":24.0,"enemies":"Snake Plant","floor":20.0,"turns":4.0},{"damage":12.0,"enemies":"Snecko","floor":22.0,"turns":4.0},{"damage":41.0,"enemies":"Slavers","floor":24.0,"turns":3.0},{"damage":1.0,"enemies":"Cultist and Chosen","floor":25.0,"turns":3.0},{"damage":2.0,"enemies":"Snake Plant","floor":27.0,"turns":3.0},{"damage":24.0,"enemies":"Chosen and Byrds","floor":28.0,"turns":5.0},{"damage":8.0,"enemies":"Book of Stabbing","floor":30.0,"turns":3.0},{"damage":11.0,"enemies":"Sentry and Sphere","floor":31.0,"turns":4.0},{"damage":27.0,"enemies":"Champ","floor":33.0,"turns":8.0},{"damage":19,"enemies":"3 Darklings","floor":35,"turns":5},{"damage":11,"enemies":"Orb Walker","floor":36,"turns":3},{"damage":24,"enemies":"Transient","floor":39,"turns":5},{"damage":42,"enemies":"Nemesis","floor":40,"turns":5},{"damage":1,"enemies":"Reptomancer","floor":42,"turns":5},{"damage":13,"enemies":"Giant Head","floor":44,"turns":4},{"damage":7,"enemies":"Sphere and 2 Shapes","floor":45,"turns":5},{"damage":34,"enemies":"3 Darklings","floor":48,"turns":3},{"damage":88,"enemies":"Awakened One","floor":50,"turns":10}],"seed_played":"-489691382387845071","potions_obtained":[{"floor":5.0,"key":"Ancient Potion"},{"floor":6.0,"key":"SkillPotion"},{"floor":10.0,"key":"PowerPotion"},{"floor":13.0,"key":"Weak Potion"},{"floor":20.0,"key":"Explosive Potion"},{"floor":24.0,"key":"Strength Potion"},{"floor":28.0,"key":"Weak Potion"},{"floor":31.0,"key":"Explosive Potion"},{"floor":35,"key":"SkillPotion"},{"floor":40,"key":"Weak Potion"},{"floor":42,"key":"Strength Potion"},{"floor":45,"key":"Swift Potion"}],"is_trial":false,"path_per_floor":["M","M","T","$","M","E","?","E","T","M","$","$","?","M","R","B",null,"M","M","M","$","M","R","E","M","T","M","M","?","E","M","R","B",null,"M","M","?","$","M","E","R","M","T","E","M","R","$","M","R","B"],"character_chosen":"IRONCLAD","items_purchased":["Brimstone","Intimidate","Toy Ornithopter","Cleave","Kunai","Offering","Regen Potion"],"campfire_rested":5,"item_purchase_floors":[4,4,11,11,38,47,47],"current_hp_per_floor":[77,78,78,78,71,64,64,45,45,45,45,45,44,46,70,51,78,84,85,70,70,64,64,34,39,46,55,37,27,35,30,59,68,91,83,78,104,104,86,50,81,86,86,79,78,104,104,76,104,50],"gold":17,"neow_bonus":"TWO_FIFTY_GOLD","is_prod":false,"is_daily":false,"chose_seed":false,"campfire_upgraded":1,"win_rate":0,"timestamp":1539015839,"path_taken":["M","M","?","$","M","E","?","E","T","M","?","$","?","?","R","BOSS","M","M","M","$","M","R","E","M","T","?","M","?","E","?","R","BOSS","M","?","?","$","M","E","R","?","T","E","M","R","?","M","R","BOSS"],"build_version":"2018-10-04v2","purchased_purges":3,"victory":true,"max_hp_per_floor":[80,80,80,80,80,80,80,80,80,80,80,80,80,80,80,80,85,85,85,85,85,85,85,85,85,92,92,92,98,98,98,98,98,98,98,98,104,104,104,104,104,104,104,104,104,104,104,104,104,104],"card_choices":[{"not_picked":["Heavy Blade","Wild Strike"],"picked":"Warcry","floor":1.0},{"not_picked":["Evolve","Armaments"],"picked":"Twin Strike","floor":2.0},{"not_picked":["Wild Strike","Clash"],"picked":"Ghostly Armor","floor":5.0},{"not_picked":["Feel No Pain","True Grit"],"picked":"Thunderclap","floor":6.0},{"not_picked":["Thunderclap","Carnage"],"picked":"Metallicize","floor":8.0},{"not_picked":["Inflame","Clothesline"],"picked":"Whirlwind","floor":10.0},{"not_picked":["Cleave","Second Wind"],"picked":"Shrug It Off","floor":13.0},{"not_picked":["Sword Boomerang","Flex"],"picked":"Rage","floor":14.0},{"not_picked":["Demon Form","Fiend Fire"],"picked":"Limit Break","floor":16.0},{"not_picked":["Havoc","Blood for Blood"],"picked":"Anger","floor":17.0},{"not_picked":["Headbutt","Warcry","True Grit"],"picked":"SKIP","floor":18.0},{"not_picked":["Carnage+1","Clash","Disarm"],"picked":"SKIP","floor":19.0},{"not_picked":["Body Slam","Spot Weakness"],"picked":"Sword Boomerang","floor":20.0},{"not_picked":["Combust","Sever Soul"],"picked":"Pummel","floor":22.0},{"not_picked":["Anger","Power Through","Dropkick"],"picked":"SKIP","floor":24.0},{"not_picked":["Brutality","Dual Wield","Clothesline"],"picked":"SKIP","floor":25.0},{"not_picked":["Heavy Blade","Warcry"],"picked":"Iron Wave+1","floor":27.0},{"not_picked":["Combust","Havoc"],"picked":"Armaments+1","floor":28.0},{"not_picked":["Blood for Blood","Twin Strike+1"],"picked":"Battle Trance+1","floor":30.0},{"not_picked":["Blood for Blood+1","Whirlwind"],"picked":"Disarm+1","floor":31.0},{"not_picked":["Cleave","Armaments+1"],"picked":"True Grit+1","floor":32.0},{"not_picked":["Impervious","Berserk"],"picked":"Bludgeon","floor":33.0},{"not_picked":["Spot Weakness+1","Wild Strike+1"],"picked":"Intimidate+1","floor":35},{"not_picked":["Anger","Rampage"],"picked":"Infernal Blade+1","floor":36},{"not_picked":["Rage","Dual Wield+1"],"picked":"Heavy Blade+1","floor":39},{"not_picked":["Anger","Armaments","Carnage"],"picked":"SKIP","floor":40},{"not_picked":["Twin Strike","Havoc"],"picked":"Ghostly Armor+1","floor":42},{"not_picked":["Feed","Feel No Pain","Havoc"],"picked":"SKIP","floor":44},{"not_picked":["Wild Strike","Twin Strike"],"picked":"Dropkick+1","floor":45},{"not_picked":["Havoc+1","Wild Strike+1"],"picked":"Limit Break","floor":48},{"not_picked":["True Grit","Armaments"],"picked":"Seeing Red+1","floor":49}],"player_experience":522827,"relics_obtained":[{"floor":3.0,"key":"Darkstone Periapt"},{"floor":6.0,"key":"Tiny Chest"},{"floor":8.0,"key":"Blue Candle"},{"floor":9.0,"key":"PreservedInsect"},{"floor":13.0,"key":"Odd Mushroom"},{"floor":24.0,"key":"Pantograph"},{"floor":26.0,"key":"Strawberry"},{"floor":29.0,"key":"Necronomicon"},{"floor":30.0,"key":"Dream Catcher"},{"floor":40,"key":"Boot"},{"floor":43,"key":"Bag of Marbles"},{"floor":44,"key":"Unceasing Top"}],"event_choices":[{"event_name":"Living Wall","player_choice":"Grow","floor":7.0,"damage_taken":0.0},{"event_name":"Mushrooms","player_choice":"Fought Mushrooms","floor":13.0,"damage_taken":0.0},{"event_name":"Cursed Tome","player_choice":"Obtained Book","floor":29.0,"damage_taken":0.0},{"event_name":"Winding Halls","player_choice":"Writhe","floor":37,"damage_taken":0}],"is_beta":false,"boss_relics":[{"not_picked":["Snecko Eye","Empty Cage"],"picked":"Tiny House"},{"not_picked":["Coffee Dripper","Mark of Pain"],"picked":"Velvet Choker"}],"items_purged_floors":[4,21,38],"is_endless":false,"potions_floor_spawned":[5,6,10,13,16,20,22,24,28,31,35,40,42,45],"ascension_level":9}