{"gold_per_floor":[110,285,14,32,32,32,32,45,94,112,131,131],"floor_reached":12,"playtime":125,"items_purged":["Doubt"],"score":70,"play_id":"07c8eea4-d5cc-457d-9929-169fc3bcc086","local_time":"20190429023107","is_ascension_mode":false,"campfire_choices":[{"data":"Bash","floor":6,"key":"SMITH"}],"neow_cost":"NONE","seed_source_timestamp":70716123964177,"circlet_count":0,"master_deck":["Strike_R","Strike_R","Strike_R","Strike_R","Strike_R","Defend_R","Defend_R","Defend_R","Defend_R","Bash+1","Flex+1","Clash","Spot Weakness","Pommel Strike"],"relics":["Burning Blood","NeowsBlessing","Pen Nib","Centennial Puzzle"],"potions_floor_usage":[],"damage_taken":[{"damage":0,"enemies":"Small Slimes","floor":1,"turns":1},{"damage":0,"enemies":"Jaw Worm","floor":4,"turns":1},{"damage":0,"enemies":"Cultist","floor":8,"turns":1},{"damage":10,"enemies":"Looter","floor":10,"turns":2},{"damage":19,"enemies":"Blue Slaver","floor":11,"turns":3},{"damage":14,"enemies":"3 Louse","floor":12,"turns":3}],"seed_played":"4036698649773448395","potions_obtained":[{"floor":1,"key":"Dexterity Potion"},{"floor":4,"key":"SkillPotion"}],"is_trial":false,"path_per_floor":["M","?","$","M","$","R","?","M","T","M","M","M"],"character_chosen":"IRONCLAD","items_purchased":["Flex","Pen Nib"],"campfire_rested":0,"item_purchase_floors":[3,3],"current_hp_per_floor":[80,80,80,80,80,80,80,80,80,76,63,49],"gold":131,"neow_bonus":"THREE_ENEMY_KILL","is_prod":false,"is_daily":false,"chose_seed":false,"campfire_upgraded":1,"win_rate":0,"timestamp":1556523067,"path_taken":["M","?","$","M","$","R","?","?","T","?","M","M"],"build_version":"2019-04-23","purchased_purges":1,"victory":false,"max_hp_per_floor":[80,80,80,80,80,80,80,80,80,80,80,80],"card_choices":[{"not_picked":["Sever Soul","Wild Strike","Rampage"],"picked":"SKIP","floor":1},{"not_picked":["Wild Strike","Headbutt"],"picked":"Clash","floor":4},{"not_picked":["Twin Strike","Dropkick"],"picked":"Spot Weakness","floor":8},{"not_picked":["Rage","Clash"],"picked":"Pommel Strike","floor":10},{"not_picked":["Warcry","Juggernaut","Iron Wave"],"picked":"SKIP","floor":11}],"player_experience":305765,"relics_obtained":[{"floor":9,"key":"Centennial Puzzle"}],"event_choices":[{"damage_healed":0,"gold_gain":175,"player_choice":"AGREE","damage_taken":0,"max_hp_gain":0,"max_hp_loss":0,"event_name":"Liars Game","floor":2,"gold_loss":0,"cards_obtained":["Doubt"]},{"damage_healed":0,"gold_gain":0,"player_choice":"Grow","damage_taken":0,"max_hp_gain":0,"max_hp_loss":0,"event_name":"Living Wall","floor":7,"gold_loss":0,"cards_upgraded":["Flex"]}],"is_beta":true,"boss_relics":[],"items_purged_floors":[3],"is_endless":false,"potions_floor_spawned":[1,4],"killed_by":"3 Louse","ascension_level":0}