{"gold_per_floor":[116,128,140,140,159,222,240,240],"floor_reached":8,"playtime":625,"items_purged":[],"score":120,"play_id":"e44f432d-f297-4b9f-b9a3-5671d867620c","local_time":"20190428120048","is_ascension_mode":true,"campfire_choices":[],"neow_cost":"NONE","seed_source_timestamp":738386160378474,"circlet_count":0,"master_deck":["AscendersBane","Strike_B","Strike_B","Strike_B","Defend_B","Defend_B","Defend_B","Defend_B","Zap","Dualcast","Compile Driver","Cold Snap","Buffer","Sweeping Beam","Steam","Darkness"],"relics":["Cracked Core","Tiny Chest"],"potions_floor_usage":[6,8],"damage_taken":[{"damage":5,"enemies":"Small Slimes","floor":1,"turns":3},{"damage":1,"enemies":"Cultist","floor":2,"turns":3},{"damage":3,"enemies":"2 Louse","floor":3,"turns":3},{"damage":8,"enemies":"Exordium Wildlife","floor":5,"turns":4},{"damage":17,"enemies":"3 Sentries","floor":6,"turns":6},{"damage":1,"enemies":"Large Slime","floor":7,"turns":7},{"damage":45,"enemies":"Gremlin Nob","floor":8,"turns":3}],"seed_played":"-3962082818226875781","potions_obtained":[{"floor":1,"key":"FearPotion"},{"floor":3,"key":"Weak Potion"},{"floor":5,"key":"Fire Potion"}],"is_trial":false,"path_per_floor":["M","M","M","?","M","E","M","E"],"character_chosen":"DEFECT","items_purchased":[],"campfire_rested":0,"item_purchase_floors":[],"current_hp_per_floor":[66,65,62,62,54,37,36,0],"gold":240,"neow_bonus":"TEN_PERCENT_HP_BONUS","is_prod":false,"is_daily":false,"chose_seed":false,"campfire_upgraded":0,"win_rate":0,"timestamp":1556445648,"path_taken":["M","M","M","?","M","E","M","E"],"build_version":"2019-01-23","purchased_purges":0,"victory":false,"max_hp_per_floor":[78,78,78,78,78,78,78,78],"card_choices":[{"not_picked":["Loop","Chaos"],"picked":"Compile Driver","floor":1},{"not_picked":["Go for the Eyes","Stack"],"picked":"Cold Snap","floor":2},{"not_picked":["Redo","Stack","Turbo"],"picked":"SKIP","floor":3},{"not_picked":["Rebound","Conserve Battery"],"picked":"Sweeping Beam","floor":5},{"not_picked":["Chaos","Barrage"],"picked":"Steam","floor":6},{"not_picked":["Sweeping Beam","Meteor Strike"],"picked":"Darkness","floor":7}],"player_experience":859662,"relics_obtained":[{"floor":6,"key":"Tiny Chest"}],"event_choices":[{"damage_healed":0,"gold_gain":0,"cards_transformed":["Strike_B"],"player_choice":"Transformed","damage_taken":0,"max_hp_gain":0,"max_hp_loss":0,"event_name":"Transmorgrifier","floor":4,"gold_loss":0,"cards_obtained":["Buffer"]}],"is_beta":false,"boss_relics":[],"items_purged_floors":[],"is_endless":false,"potions_floor_spawned":[1,3,5],"killed_by":"Gremlin Nob","ascension_level":20}