{"gold_per_floor":[112,112,128,303,28,61,61,61,61,61,74,85,111,126,126,229,229,249,32,45,45,45,76,76,92,116,16,32,32,32,44,44,143,143,158,158,177,187,187,221,237,250,250,250,250],"floor_reached":45,"playtime":2208,"items_purged":["Doubt","Clumsy"],"score":650,"play_id":"c6c07e78-f506-49a8-8c62-9b53382bea77","local_time":"20190409223654","is_ascension_mode":true,"campfire_choices":[{"data":"Neutralize","floor":8,"key":"SMITH"},{"data":"Skewer","floor":10,"key":"SMITH"},{"data":"Dodge and Roll","floor":15,"key":"SMITH"},{"data":"Noxious Fumes","floor":24,"key":"SMITH"},{"floor":29,"key":"REST"},{"data":"Noxious Fumes","floor":32,"key":"SMITH"}],"neow_cost":"NONE","seed_source_timestamp":73015494280953,"circlet_count":0,"master_deck":["Defend_G","Defend_G","Defend_G","Defend_G","Defend_G","Survivor","Neutralize+1","Deadly Poison","Skewer+1","Quick Slash","Dagger Throw+1","Deadly Poison","Dodge and Roll+1","Dagger Spray+1","Die Die Die+1","Deadly Poison+1","Noxious Fumes+1","Escape Plan","Deflect","Backflip","Infinite Blades","PiercingWail+1","Noxious Fumes+1","Burst+1","Backflip","Acrobatics+1","A Thousand Cuts","Cloak And Dagger+1","PiercingWail","Decay"],"relics":["Ring of the Snake","Orichalcum","Molten Egg 2","Matryoshka","Pear","Cursed Key","Regal Pillow","Bottled Lightning","Vajra","Empty Cage","Pocketwatch","Boot","Gremlin Horn"],"potions_floor_usage":[6,33,33,35,41,42,42,45],"damage_taken":[{"damage":4,"enemies":"Small Slimes","floor":1,"turns":4},{"damage":2,"enemies":"2 Louse","floor":3,"turns":4},{"damage":16,"enemies":"3 Sentries","floor":6,"turns":8},{"damage":0,"enemies":"Cultist","floor":11,"turns":2},{"damage":0,"enemies":"2 Fungi Beasts","floor":12,"turns":2},{"damage":19,"enemies":"Lagavulin","floor":13,"turns":5},{"damage":5,"enemies":"Blue Slaver","floor":14,"turns":4},{"damage":49,"enemies":"Slime Boss","floor":16,"turns":14},{"damage":0,"enemies":"Chosen","floor":18,"turns":3},{"damage":12,"enemies":"2 Thieves","floor":20,"turns":3},{"damage":0,"enemies":"Gremlin Leader","floor":23,"turns":5},{"damage":6,"enemies":"Snecko","floor":25,"turns":4},{"damage":23,"enemies":"Centurion and Healer","floor":28,"turns":6},{"damage":9,"enemies":"Snake Plant","floor":31,"turns":3},{"damage":42,"enemies":"Champ","floor":33,"turns":10},{"damage":10,"enemies":"Orb Walker","floor":35,"turns":4},{"damage":3,"enemies":"3 Shapes","floor":37,"turns":5},{"damage":19,"enemies":"Transient","floor":38,"turns":5},{"damage":30,"enemies":"Reptomancer","floor":40,"turns":6},{"damage":0,"enemies":"4 Shapes","floor":41,"turns":5},{"damage":0,"enemies":"Jaw Worm Horde","floor":42,"turns":3},{"damage":12,"enemies":"Maw","floor":45,"turns":2}],"seed_played":"7524456187135448178","potions_obtained":[{"floor":1,"key":"GamblersBrew"},{"floor":3,"key":"Strength Potion"},{"floor":11,"key":"Dexterity Potion"},{"floor":12,"key":"Regen Potion"},{"floor":33,"key":"Fire Potion"},{"floor":38,"key":"Strength Potion"},{"floor":40,"key":"SneckoOil"},{"floor":42,"key":"AttackPotion"}],"is_trial":false,"path_per_floor":["M","?","M","?","$","E","?","R","T","R","M","M","E","M","R","B",null,"M","$","M","?","?","E","R","M","T","$","M","R","?","M","R","B",null,"M","?","M","M","?","E","M","M","T","?","M"],"character_chosen":"THE_SILENT","items_purchased":["Orichalcum","Quick Slash","Poisoned Stab+1","Noxious Fumes","Escape Plan","Deflect"],"campfire_rested":1,"item_purchase_floors":[5,5,19,19,19,19],"current_hp_per_floor":[66,71,69,69,69,53,75,75,75,75,75,75,66,61,61,12,67,67,67,55,39,39,39,39,33,33,33,10,52,52,43,43,16,72,62,62,59,40,40,10,10,10,10,10,0],"gold":250,"neow_bonus":"REMOVE_CARD","is_prod":false,"is_daily":false,"chose_seed":false,"campfire_upgraded":5,"win_rate":0,"timestamp":1554860214,"path_taken":["M","?","M","?","$","E","?","R","T","R","?","M","E","M","R","BOSS","M","$","M","?","?","E","R","?","T","?","M","R","?","M","R","BOSS","M","?","?","M","?","E","?","M","T","?","M"],"build_version":"2019-01-23","purchased_purges":2,"victory":false,"max_hp_per_floor":[70,75,75,75,75,75,75,75,75,75,75,75,85,85,85,85,85,85,85,85,90,90,90,90,90,90,90,90,90,90,90,90,90,90,90,90,90,90,90,90,90,90,90,90,90],"card_choices":[{"not_picked":["Heel Hook","Slice"],"picked":"Deadly Poison","floor":1},{"not_picked":["PiercingWail","Outmaneuver"],"picked":"Skewer","floor":3},{"not_picked":["Concentrate","Prepared"],"picked":"Dagger Throw","floor":6},{"not_picked":["Outmaneuver","Accuracy"],"picked":"Deadly Poison","floor":11},{"not_picked":["Choke+1","Slice+1","Prepared"],"picked":"SKIP","floor":12},{"not_picked":["Storm of Steel","Dagger Throw+1"],"picked":"Dodge and Roll","floor":13},{"not_picked":["Underhanded Strike+1","Deadly Poison"],"picked":"Dagger Spray+1","floor":14},{"not_picked":["Grand Finale+1","Venomology"],"picked":"Die Die Die+1","floor":16},{"not_picked":["Acrobatics","Dodge and Roll"],"picked":"Deadly Poison+1","floor":18},{"not_picked":["Dagger Spray+1","Calculated Gamble"],"picked":"Backflip","floor":20},{"not_picked":["PiercingWail","Expertise","Choke+1"],"picked":"SKIP","floor":23},{"not_picked":["Choke+1","Riddle With Holes+1"],"picked":"PiercingWail+1","floor":25},{"not_picked":["Choke+1","Quick Slash+1","Eviscerate+1"],"picked":"SKIP","floor":28},{"not_picked":["After Image","Quick Slash+1"],"picked":"Noxious Fumes","floor":31},{"not_picked":["Night Terror","Doppelganger"],"picked":"Burst","floor":33},{"not_picked":["Masterful Stab+1","Finisher+1"],"picked":"Backflip","floor":35},{"not_picked":["PiercingWail","Cloak And Dagger"],"picked":"Acrobatics+1","floor":37},{"not_picked":["Flying Knee+1","Caltrops","Masterful Stab+1"],"picked":"SKIP","floor":38},{"not_picked":["Tactician","Heel Hook+1"],"picked":"A Thousand Cuts","floor":40},{"not_picked":["Deadly Poison","Bane+1"],"picked":"Cloak And Dagger+1","floor":41},{"not_picked":["Cloak And Dagger","Expertise+1"],"picked":"PiercingWail","floor":42}],"player_experience":572057,"relics_obtained":[{"floor":6,"key":"Molten Egg 2"},{"floor":9,"key":"Matryoshka"},{"floor":13,"key":"Pear"},{"floor":23,"key":"Regal Pillow"},{"floor":26,"key":"Bottled Lightning"},{"floor":26,"key":"Vajra"},{"floor":40,"key":"Pocketwatch"},{"floor":43,"key":"Boot"},{"floor":43,"key":"Gremlin Horn"}],"event_choices":[{"damage_healed":0,"gold_gain":0,"player_choice":"Donut","damage_taken":0,"max_hp_gain":5,"max_hp_loss":0,"event_name":"Big Fish","floor":2,"gold_loss":0},{"damage_healed":0,"gold_gain":175,"player_choice":"AGREE","damage_taken":0,"max_hp_gain":0,"max_hp_loss":0,"event_name":"Liars Game","floor":4,"gold_loss":0,"cards_obtained":["Doubt"]},{"damage_healed":22,"gold_gain":0,"player_choice":"Full Heal","damage_taken":0,"max_hp_gain":0,"max_hp_loss":0,"event_name":"Wheel of Change","floor":7,"gold_loss":0},{"damage_healed":0,"gold_gain":0,"player_choice":"Shed Blood","damage_taken":21,"max_hp_gain":5,"max_hp_loss":0,"event_name":"Forgotten Altar","floor":21,"gold_loss":0},{"damage_healed":0,"gold_gain":0,"cards_transformed":["Strike_G"],"player_choice":"Transformed","damage_taken":0,"max_hp_gain":0,"max_hp_loss":0,"event_name":"Transmorgrifier","floor":22,"gold_loss":0,"cards_obtained":["Infinite Blades"]},{"damage_healed":0,"gold_gain":0,"player_choice":"Upgraded","damage_taken":0,"max_hp_gain":0,"max_hp_loss":0,"event_name":"Upgrade Shrine","floor":36,"gold_loss":0,"cards_upgraded":["Burst"]},{"cards_removed":["Strike_G"],"damage_healed":0,"gold_gain":0,"player_choice":"Purged","damage_taken":0,"max_hp_gain":0,"max_hp_loss":0,"event_name":"Purifier","floor":39,"gold_loss":0},{"cards_removed":["Poisoned Stab"],"damage_healed":0,"gold_gain":0,"player_choice":"Removed Attack","damage_taken":0,"max_hp_gain":0,"max_hp_loss":0,"event_name":"Falling","floor":44,"gold_loss":0}],"is_beta":false,"boss_relics":[{"not_picked":["Lizard Tail","Runic Dome"],"picked":"Cursed Key"},{"not_picked":["Snecko Eye","Philosopher\u0027s Stone"],"picked":"Empty Cage"}],"items_purged_floors":[5,27],"is_endless":false,"potions_floor_spawned":[1,3,11,12,18,25,33,38,40,42],"killed_by":"Maw","ascension_level":5}