{"gold_per_floor":[210,228,228,38,50,81,81,110,157,157,167,167,185,185,185,258,308,326,14,63,0,0,27,27,77,77,77,103,3,3,3],"floor_reached":31,"playtime":1447,"items_purged":["Defend_B","Defend_B"],"score":520,"play_id":"e3291e9f-195d-4d3b-ac70-39dc0f37812d","local_time":"20181018131809","is_ascension_mode":true,"campfire_choices":[{"data":"Defragment","floor":7.0,"key":"SMITH"},{"data":"Zap","floor":10.0,"key":"SMITH"},{"data":"Buffer","floor":15.0,"key":"SMITH"},{"data":"Rainbow","floor":24,"key":"SMITH"},{"data":"FTL","floor":27,"key":"SMITH"}],"neow_cost":"NONE","seed_source_timestamp":0,"circlet_count":0,"master_deck":["Strike_B+1","Strike_B","Defend_B","Defend_B","Zap+1","Dualcast","AscendersBane","Conserve Battery","Leap+1","Glacier","Rip and Tear+1","Ball Lightning","Defragment+1","Self Repair","Buffer+1","FTL+1","Multi-Cast","Cold Snap","Rainbow+1","Turbo","Tempest","Leap"],"special_seed":0,"relics":["Cracked Core","Whetstone","Odd Mushroom","Happy Flower","Tiny House","Ginger","Juzu Bracelet","Lantern","Bottled Flame","Anchor"],"potions_floor_usage":[23,23,31],"damage_taken":[{"damage":7.0,"enemies":"Small Slimes","floor":1.0,"turns":3.0},{"damage":1.0,"enemies":"Cultist","floor":2.0,"turns":4.0},{"damage":0.0,"enemies":"Jaw Worm","floor":5.0,"turns":4.0},{"damage":16.0,"enemies":"Gremlin Nob","floor":6.0,"turns":4.0},{"damage":4.0,"enemies":"The Mushroom Lair","floor":8.0,"turns":5.0},{"damage":12.0,"enemies":"3 Louse","floor":11.0,"turns":3.0},{"damage":19.0,"enemies":"Lots of Slimes","floor":13.0,"turns":4.0},{"damage":0.0,"enemies":"The Guardian","floor":16.0,"turns":13.0},{"damage":0.0,"enemies":"Spheric Guardian","floor":18.0,"turns":5.0},{"damage":53,"enemies":"Slavers","floor":23,"turns":6},{"damage":55,"enemies":"Gremlin Leader","floor":31,"turns":7}],"seed_played":"-8968779250253764359","potions_obtained":[{"floor":5.0,"key":"SpeedPotion"},{"floor":6.0,"key":"Weak Potion"},{"floor":11.0,"key":"PowerPotion"},{"floor":13.0,"key":"Fruit Juice"},{"floor":17.0,"key":"Swift Potion"},{"floor":23,"key":"Weak Potion"}],"is_trial":false,"path_per_floor":["M","M","?","$","M","E","R","?","T","R","M","?","M","?","R","B",null,"M","$","T","?","?","E","R","?","T","R","T","$","?"],"character_chosen":"DEFECT","items_purchased":["Glacier","Rip and Tear","Ginger"],"campfire_rested":0,"item_purchase_floors":[4,4,19],"current_hp_per_floor":[57,56,56,56,56,40,40,36,36,36,31,31,24,24,24,31,70,77,77,77,77,77,31,31,31,31,31,31,31,47,0],"gold":3,"neow_bonus":"HUNDRED_GOLD","is_prod":false,"is_daily":false,"chose_seed":false,"campfire_upgraded":5,"win_rate":0,"timestamp":1539861489,"path_taken":["M","M","?","$","M","E","R","?","T","R","M","?","M","?","R","BOSS","M","$","?","?","?","E","R","?","T","R","?","?","?","E"],"build_version":"2018-10-11","purchased_purges":2,"victory":false,"max_hp_per_floor":[71,71,71,71,71,71,71,71,71,71,71,71,76,76,76,76,81,81,81,81,81,81,81,81,81,81,81,81,81,81,81],"card_choices":[{"not_picked":["Compile Driver","Redo"],"picked":"Conserve Battery","floor":1.0},{"not_picked":["Stack","Capacitor"],"picked":"Leap","floor":2.0},{"not_picked":["Genetic Algorithm","Reprogram"],"picked":"Ball Lightning","floor":5.0},{"not_picked":["Genetic Algorithm","Redo"],"picked":"Defragment","floor":6.0},{"not_picked":["Leap","Redo"],"picked":"Self Repair","floor":8.0},{"not_picked":["Buffer","Barrage","Hologram"],"picked":"SKIP","floor":11.0},{"not_picked":["Barrage","Hologram"],"picked":"Buffer","floor":11.0},{"not_picked":["Beam Cell","Steam"],"picked":"Cold Snap","floor":13.0},{"not_picked":["All For One","Buffer"],"picked":"Rainbow","floor":16.0},{"not_picked":["Leap","Cold Snap","Hello World"],"picked":"SKIP","floor":18.0},{"not_picked":["Steam","Ball Lightning"],"picked":"Leap","floor":23}],"player_experience":579128,"relics_obtained":[{"floor":6.0,"key":"Whetstone"},{"floor":8.0,"key":"Odd Mushroom"},{"floor":9.0,"key":"Happy Flower"},{"floor":20.0,"key":"Juzu Bracelet"},{"floor":23,"key":"Lantern"},{"floor":26,"key":"Bottled Flame"},{"floor":28,"key":"Anchor"}],"event_choices":[{"event_name":"Shining Light","player_choice":"Ignored","floor":3.0,"damage_taken":0.0},{"event_name":"Mushrooms","player_choice":"Fought Mushrooms","floor":8.0,"damage_taken":0.0},{"event_name":"Match and Keep!","player_choice":"2 cards matched","floor":12.0,"damage_taken":0.0},{"event_name":"Liars Game","player_choice":"disagreed","floor":14.0,"damage_taken":0.0},{"event_name":"Masked Bandits","player_choice":"Paid Fearfully","floor":21.0,"damage_taken":0.0},{"event_name":"Drug Dealer","player_choice":"Became Test Subject","floor":22,"damage_taken":0},{"event_name":"Nest","player_choice":"Stole From Cult","floor":25,"damage_taken":0},{"event_name":"The Library","player_choice":"Heal","floor":30,"damage_taken":0}],"is_beta":false,"boss_relics":[{"not_picked":["Runic Dome","Philosopher\u0027s Stone"],"picked":"Tiny House"}],"items_purged_floors":[4,29],"is_endless":false,"potions_floor_spawned":[5,6,8,11,13,18,23],"killed_by":"Gremlin Leader","ascension_level":15}