{"gold_per_floor":[118,138,151,161,161,195,213,213,213,244,244,258,270,299,299,376,376,387,387,8,25,36,36,63,63,63,92,92,92,125,145,145,221,221,234,106,116,129,144,173,173,200,200,235,335,370,382,428,440,452,464,476,488,32,65,65],"floor_reached":56,"playtime":6702,"items_purged":["Strike_B","Strike_B","Strike_B"],"score":2375,"play_id":"f9c94f1a-068d-4804-b2ef-212a5cb68371","local_time":"20190427150603","is_ascension_mode":true,"campfire_choices":[{"data":"Zap","floor":8,"key":"SMITH"},{"data":"Static Discharge","floor":11,"key":"SMITH"},{"data":"Darkness","floor":15,"key":"SMITH"},{"data":"Defragment","floor":23,"key":"SMITH"},{"data":"Self Repair","floor":25,"key":"SMITH"},{"floor":29,"key":"REST"},{"data":"Undo","floor":32,"key":"SMITH"},{"floor":41,"key":"RECALL"},{"floor":49,"key":"REST"},{"floor":53,"key":"REST"}],"neow_cost":"NONE","seed_source_timestamp":657016445287550,"circlet_count":0,"master_deck":["AscendersBane","Defend_B+1","Defend_B","Defend_B","Defend_B","Zap+1","Dualcast+1","Lockon","Undo+1","Steam","Cold Snap","Cold Snap","Static Discharge+1","Darkness+1","Meteor Strike","Skim+1","Machine Learning","Defragment+1","Sweeping Beam+1","Leap+1","Electrodynamics","Redo+1","Conserve Battery+1","Seek+1","Hologram+1","FTL","Coolheaded+1","Chill+1","Skim+1","Rebound+1","Coolheaded+1","Reboot+1","Flash of Steel","Loop","Coolheaded+1"],"relics":["Cracked Core","Orichalcum","Omamori","Symbiotic Virus","Ice Cream","DataDisk","Sozu","Medical Kit","Prayer Wheel","Gremlin Horn","Toxic Egg 2","StoneCalendar","Fusion Hammer","WingedGreaves","Du-Vu Doll","Cables","Calipers","MawBank","Bronze Scales","War Paint","Bottled Lightning"],"potions_floor_usage":[10,27,48],"damage_taken":[{"damage":1,"enemies":"Cultist","floor":1,"turns":3},{"damage":2,"enemies":"2 Louse","floor":2,"turns":3},{"damage":0,"enemies":"Jaw Worm","floor":3,"turns":3},{"damage":0,"enemies":"3 Louse","floor":4,"turns":4},{"damage":8,"enemies":"3 Sentries","floor":6,"turns":10},{"damage":1,"enemies":"Looter","floor":7,"turns":3},{"damage":3,"enemies":"Gremlin Nob","floor":10,"turns":3},{"damage":0,"enemies":"2 Fungi Beasts","floor":12,"turns":3},{"damage":0,"enemies":"Exordium Thugs","floor":13,"turns":3},{"damage":0,"enemies":"Lagavulin","floor":14,"turns":6},{"damage":11,"enemies":"Slime Boss","floor":16,"turns":8},{"damage":6,"enemies":"Chosen","floor":18,"turns":3},{"damage":13,"enemies":"Spheric Guardian","floor":21,"turns":3},{"damage":0,"enemies":"Snake Plant","floor":22,"turns":3},{"damage":19,"enemies":"Book of Stabbing","floor":24,"turns":4},{"damage":40,"enemies":"Gremlin Leader","floor":27,"turns":6},{"damage":7,"enemies":"Book of Stabbing","floor":30,"turns":4},{"damage":0,"enemies":"Sentry and Sphere","floor":31,"turns":3},{"damage":46,"enemies":"Champ","floor":33,"turns":12},{"damage":15,"enemies":"3 Darklings","floor":35,"turns":2},{"damage":10,"enemies":"Orb Walker","floor":37,"turns":3},{"damage":0,"enemies":"4 Shapes","floor":38,"turns":4},{"damage":5,"enemies":"Jaw Worm Horde","floor":39,"turns":4},{"damage":18,"enemies":"Nemesis","floor":40,"turns":7},{"damage":0,"enemies":"Reptomancer","floor":42,"turns":7},{"damage":8,"enemies":"Giant Head","floor":44,"turns":7},{"damage":0,"enemies":"Mind Bloom Boss Battle","floor":45,"turns":6},{"damage":1,"enemies":"Nemesis","floor":46,"turns":7},{"damage":0,"enemies":"Reptomancer","floor":48,"turns":7},{"damage":4,"enemies":"Donu and Deca","floor":50,"turns":8},{"damage":0,"enemies":"Awakened One","floor":51,"turns":14},{"damage":4,"enemies":"Shield and Spear","floor":55,"turns":7},{"damage":77,"enemies":"The Heart","floor":56,"turns":5}],"seed_played":"-7181301017898549356","potions_obtained":[{"floor":2,"key":"Energy Potion"},{"floor":4,"key":"Fire Potion"},{"floor":10,"key":"Weak Potion"}],"is_trial":false,"path_per_floor":["M","M","M","M","?","E","M","R","T","E","R","M","M","E","R","B",null,"M","?","$","M","M","R","E","R","T","E","$","R","E","M","R","B",null,"M","$","M","M","M","E","R","E","T","E","?","E","?","E","R","B","B",null,"R","$","E","B"],"character_chosen":"DEFECT","items_purchased":["Medical Kit","Defragment","Hologram+1","War Paint","Flash of Steel","Loop"],"campfire_rested":3,"item_purchase_floors":[20,20,36,54,54,54],"current_hp_per_floor":[63,61,61,61,56,48,47,47,47,44,44,51,58,65,65,61,69,70,70,70,64,71,71,59,59,59,29,29,50,53,63,63,27,60,55,55,45,55,60,52,52,62,62,64,71,71,71,71,71,67,67,70,71,71,67,0],"gold":65,"neow_bonus":"TRANSFORM_CARD","is_prod":false,"is_daily":false,"chose_seed":false,"campfire_upgraded":6,"win_rate":0,"timestamp":1556370363,"path_taken":["M","M","M","?","?","E","M","R","T","E","R","M","M","E","R","BOSS","M","?","$","M","?","R","E","R","T","E","$","R","E","M","R","BOSS","M","$","M","M","M","E","R","E","T","E","?","E","?","E","R","BOSS","BOSS","R","$","E","BOSS"],"build_version":"2019-01-23","purchased_purges":3,"victory":false,"max_hp_per_floor":[71,71,71,71,71,71,71,71,71,71,71,71,71,71,71,71,71,71,71,71,71,71,71,71,71,71,71,71,71,71,71,71,71,71,71,71,71,71,71,71,71,71,71,71,71,71,71,71,71,71,71,71,71,71,71,71],"card_choices":[{"not_picked":["Rebound","Gash"],"picked":"Undo","floor":1},{"not_picked":["Coolheaded","Turbo"],"picked":"Steam","floor":2},{"not_picked":["White Noise","Compile Driver"],"picked":"Cold Snap","floor":3},{"not_picked":["Storm","Beam Cell"],"picked":"Cold Snap","floor":4},{"not_picked":["BootSequence","Steam Power","Chill"],"picked":"SKIP","floor":6},{"not_picked":["Go for the Eyes","Capacitor"],"picked":"Static Discharge","floor":7},{"not_picked":["Glacier","Reboot"],"picked":"Self Repair","floor":10},{"not_picked":["Go for the Eyes","Ball Lightning","Streamline"],"picked":"SKIP","floor":12},{"not_picked":["Gash","Turbo","Auto Shields"],"picked":"SKIP","floor":13},{"not_picked":["Fission","Coolheaded"],"picked":"Darkness","floor":14},{"not_picked":["All For One","Reboot"],"picked":"Meteor Strike","floor":16},{"not_picked":["Barrage","Rip and Tear"],"picked":"Skim+1","floor":18},{"not_picked":["Rebound","Redo+1"],"picked":"Sweeping Beam+1","floor":21},{"not_picked":["Gash","Barrage","Rebound"],"picked":"SKIP","floor":22},{"not_picked":["Go for the Eyes","Beam Cell"],"picked":"Leap+1","floor":24},{"not_picked":["BootSequence","Coolheaded"],"picked":"Electrodynamics","floor":27},{"not_picked":["Auto Shields+1","Skim+1","Cold Snap"],"picked":"SKIP","floor":30},{"not_picked":["Turbo+1","Gash+1"],"picked":"Redo+1","floor":31},{"not_picked":["Go for the Eyes","Gash"],"picked":"Conserve Battery+1","floor":31},{"not_picked":["Biased Cognition","Core Surge"],"picked":"Seek+1","floor":33},{"not_picked":["Chaos+1","Steam+1","Lockon"],"picked":"SKIP","floor":35},{"not_picked":["Leap+1","Aggregate+1","Reprogram+1"],"picked":"SKIP","floor":35},{"not_picked":["Chaos+1","Cold Snap"],"picked":"FTL","floor":37},{"not_picked":["Steam+1","Go for the Eyes","BootSequence+1"],"picked":"SKIP","floor":37},{"not_picked":["Gash+1","Cold Snap"],"picked":"Coolheaded+1","floor":38},{"not_picked":["Turbo+1","Ball Lightning","Beam Cell"],"picked":"SKIP","floor":38},{"not_picked":["Turbo+1","Ball Lightning","Beam Cell"],"picked":"SKIP","floor":38},{"not_picked":["Go for the Eyes","Redo+1"],"picked":"Chill+1","floor":39},{"not_picked":["Conserve Battery+1","Barrage"],"picked":"Skim+1","floor":39},{"not_picked":["Streamline+1","Cold Snap","Ball Lightning"],"picked":"SKIP","floor":40},{"not_picked":["Streamline+1","Cold Snap","Ball Lightning"],"picked":"SKIP","floor":40},{"not_picked":["Streamline+1","Cold Snap","Ball Lightning"],"picked":"SKIP","floor":40},{"not_picked":["Machine Learning","Double Energy+1","Go for the Eyes+1"],"picked":"SKIP","floor":42},{"not_picked":["Redo+1","Ball Lightning"],"picked":"Rebound+1","floor":44},{"not_picked":["Barrage","White Noise+1"],"picked":"Coolheaded+1","floor":45},{"not_picked":["Tempest+1","Force Field+1"],"picked":"Reboot+1","floor":46},{"not_picked":["Steam+1","Self Repair","Darkness+1"],"picked":"SKIP","floor":48},{"not_picked":["Lockon","Melter"],"picked":"Coolheaded+1","floor":55}],"player_experience":840802,"relics_obtained":[{"floor":6,"key":"Omamori"},{"floor":9,"key":"Symbiotic Virus"},{"floor":10,"key":"Ice Cream"},{"floor":14,"key":"DataDisk"},{"floor":24,"key":"Prayer Wheel"},{"floor":26,"key":"Gremlin Horn"},{"floor":27,"key":"Toxic Egg 2"},{"floor":30,"key":"StoneCalendar"},{"floor":40,"key":"WingedGreaves"},{"floor":42,"key":"Du-Vu Doll"},{"floor":44,"key":"Cables"},{"floor":45,"key":"Calipers"},{"floor":46,"key":"MawBank"},{"floor":48,"key":"Bronze Scales"},{"floor":55,"key":"Bottled Lightning"}],"event_choices":[{"damage_healed":0,"gold_gain":0,"player_choice":"Success","damage_taken":5,"relics_obtained":["Orichalcum"],"max_hp_gain":0,"max_hp_loss":0,"event_name":"Scrap Ooze","floor":5,"gold_loss":0},{"damage_healed":0,"gold_gain":0,"player_choice":"1 cards matched","damage_taken":0,"max_hp_gain":0,"max_hp_loss":0,"event_name":"Match and Keep!","floor":19,"gold_loss":0,"cards_obtained":["Machine Learning"]},{"damage_healed":0,"gold_gain":0,"player_choice":"Fight","damage_taken":0,"max_hp_gain":0,"max_hp_loss":0,"event_name":"MindBloom","floor":45,"gold_loss":0},{"cards_removed":["Self Repair"],"damage_healed":0,"gold_gain":0,"player_choice":"Removed Power","damage_taken":0,"max_hp_gain":0,"max_hp_loss":0,"event_name":"Falling","floor":47,"gold_loss":0}],"is_beta":false,"boss_relics":[{"not_picked":["Orrery","Eternal Feather"],"picked":"Sozu"},{"not_picked":["Black Star","Astrolabe"],"picked":"Fusion Hammer"}],"items_purged_floors":[20,36,54],"is_endless":false,"potions_floor_spawned":[2,4,6,10,16,21,22,30,31,33,37,39,45,48],"killed_by":"The Heart","ascension_level":20}