{"gold_per_floor":[115,131,146,46,56,83,83,83,109,135,151,167,201,221,221,221],"floor_reached":16,"playtime":3221,"items_purged":["Strike_B"],"score":149,"play_id":"84aa59aa-ba13-4adc-8c3b-f918f533179d","local_time":"20180713182624","is_ascension_mode":true,"campfire_choices":[{"floor":8,"key":"REST"},{"floor":15,"key":"REST"}],"neow_cost":"NONE","seed_source_timestamp":945125375291179,"circlet_count":0,"master_deck":["Strike_B","Strike_B","Strike_B","Defend_B","Defend_B","Defend_B","Defend_B","Zap","Dualcast","Gash","Gash","Coolheaded","Leap","Glacier","Capacitor","Cold Snap"],"relics":["Cracked Core","Ancient Tea Set","Lantern","Anchor","Bronze Scales"],"potions_floor_usage":[10,10,13,13,13],"damage_taken":[{"damage":0,"enemies":"Cultist","floor":1,"turns":2},{"damage":9,"enemies":"Jaw Worm","floor":2,"turns":3},{"damage":0,"enemies":"2 Louse","floor":3,"turns":2},{"damage":19,"enemies":"Exordium Thugs","floor":5,"turns":6},{"damage":31,"enemies":"3 Sentries","floor":6,"turns":10},{"damage":32,"enemies":"Gremlin Nob","floor":10,"turns":4},{"damage":0,"enemies":"Looter","floor":11,"turns":3},{"damage":0,"enemies":"Red Slaver","floor":12,"turns":3},{"damage":12,"enemies":"Lagavulin","floor":13,"turns":6},{"damage":0,"enemies":"Large Slime","floor":14,"turns":5},{"damage":47,"enemies":"Slime Boss","floor":16,"turns":7}],"seed_played":"-1694105322088152969","potions_obtained":[{"floor":2,"key":"LiquidBronze"},{"floor":3,"key":"Poison Potion"},{"floor":6,"key":"Fire Potion"},{"floor":10,"key":"PowerPotion"},{"floor":11,"key":"LiquidBronze"}],"is_trial":false,"path_per_floor":["M","M","M","$","M","E","?","R","T","E","M","M","E","M","R"],"character_chosen":"DEFECT","items_purchased":["Coolheaded"],"campfire_rested":2,"item_purchase_floors":[4],"current_hp_per_floor":[75,66,66,66,47,16,41,63,63,31,31,31,19,19,41,0],"gold":221,"neow_bonus":"THREE_CARDS","is_prod":false,"is_daily":false,"chose_seed":false,"campfire_upgraded":0,"win_rate":0,"timestamp":1531531584,"path_taken":["M","M","M","$","?","E","?","R","T","E","M","M","E","M","R","BOSS"],"build_version":"2018-07-12","purchased_purges":1,"victory":false,"max_hp_per_floor":[75,75,75,75,75,75,75,75,75,75,75,75,75,75,75,75],"card_choices":[{"not_picked":["Turbo","Compile Driver"],"picked":"Gash","floor":0},{"not_picked":["Stack","Streamline","Barrage"],"picked":"SKIP","floor":1},{"not_picked":["Compile Driver","Go for the Eyes"],"picked":"Gash","floor":2},{"not_picked":["Compile Driver","Tempest","Skim"],"picked":"SKIP","floor":3},{"not_picked":["Compile Driver","Stack","Barrage"],"picked":"SKIP","floor":5},{"not_picked":["Beam Cell","Auto Shields"],"picked":"Leap","floor":6},{"not_picked":["FTL","Redo"],"picked":"Glacier","floor":10},{"not_picked":["Rebound","Machine Learning"],"picked":"Capacitor","floor":11},{"not_picked":["Conserve Battery","Streamline","Barrage"],"picked":"SKIP","floor":12},{"not_picked":["Doom and Gloom","Meteor Strike"],"picked":"Cold Snap","floor":13},{"not_picked":["Ball Lightning","Conserve Battery","Compile Driver"],"picked":"SKIP","floor":14}],"player_experience":617971,"relics_obtained":[{"floor":6,"key":"Ancient Tea Set"},{"floor":9,"key":"Lantern"},{"floor":10,"key":"Anchor"},{"floor":13,"key":"Bronze Scales"}],"event_choices":[{"event_name":"Big Fish","player_choice":"Banana","floor":7,"damage_taken":0}],"boss_relics":[],"items_purged_floors":[4],"is_endless":false,"potions_floor_spawned":[2,3,6,10,11],"killed_by":"Slime Boss","ascension_level":4}