{"gold_per_floor":[12,287,301,312,237,266,266,284,284,306,340,340,128,146,146,219,219,237,252,88,101,101,128,128,43,43,43,78,97,97,123,123,123],"floor_reached":33,"playtime":1560,"items_purged":["Regret"],"score":676,"play_id":"2dbeac8c-ad94-4a14-b541-72c310c1a69f","local_time":"20190206140111","is_ascension_mode":true,"campfire_choices":[{"data":"Perfected Strike","floor":7,"key":"SMITH"},{"data":"Perfected Strike","floor":12,"key":"SMITH"},{"data":"Perfected Strike","floor":15,"key":"SMITH"},{"floor":24,"key":"DIG"},{"floor":27,"key":"DIG"},{"floor":30,"key":"REST"},{"floor":32,"key":"DIG"}],"neow_cost":"NO_GOLD","seed_source_timestamp":699819590367023,"circlet_count":0,"master_deck":["AscendersBane","Strike_R","Strike_R","Strike_R","Strike_R","Strike_R","Defend_R","Defend_R","Defend_R","Defend_R","Bash","Impervious","Perfected Strike+1","Sword Boomerang","Perfected Strike+1","Perfected Strike+1","Inflame","Reaper","Shrug It Off"],"relics":["Burning Blood","Shovel","Darkstone Periapt","Odd Mushroom","Letter Opener","ClockworkSouvenir","Busted Crown","Anchor","Meat on the Bone","Bag of Preparation","Mercury Hourglass","Champion Belt","Ancient Tea Set","Nunchaku","Toxic Egg 2","Sundial"],"potions_floor_usage":[10,16,23],"damage_taken":[{"damage":7,"enemies":"Small Slimes","floor":1,"turns":5},{"damage":4,"enemies":"Cultist","floor":3,"turns":4},{"damage":10,"enemies":"Jaw Worm","floor":4,"turns":2},{"damage":8,"enemies":"Gremlin Nob","floor":6,"turns":3},{"damage":6,"enemies":"3 Louse","floor":8,"turns":4},{"damage":5,"enemies":"The Mushroom Lair","floor":10,"turns":3},{"damage":20,"enemies":"Lagavulin","floor":11,"turns":6},{"damage":9,"enemies":"Exordium Wildlife","floor":14,"turns":3},{"damage":46,"enemies":"Slime Boss","floor":16,"turns":10},{"damage":13,"enemies":"Chosen","floor":18,"turns":4},{"damage":6,"enemies":"Spheric Guardian","floor":19,"turns":3},{"damage":0,"enemies":"Cultist and Chosen","floor":21,"turns":5},{"damage":34,"enemies":"Book of Stabbing","floor":23,"turns":5},{"damage":35,"enemies":"Slavers","floor":28,"turns":5},{"damage":27,"enemies":"3 Cultists","floor":29,"turns":5},{"damage":0,"enemies":"Gremlin Leader","floor":31,"turns":5},{"damage":101,"enemies":"Automaton","floor":33,"turns":8}],"seed_played":"-5564021210356304355","potions_obtained":[{"floor":6,"key":"AttackPotion"},{"floor":8,"key":"PowerPotion"},{"floor":11,"key":"Strength Potion"},{"floor":16,"key":"EssenceOfSteel"},{"floor":28,"key":"SpeedPotion"}],"is_trial":false,"path_per_floor":["M","?","M","M","$","E","R","M","T","?","E","R","$","M","R","B",null,"M","M","$","M","?","E","R","?","T","R","E","M","R","E","R","B"],"character_chosen":"IRONCLAD","items_purchased":["ClockworkSouvenir","Anchor"],"campfire_rested":1,"item_purchase_floors":[13,20],"current_hp_per_floor":[67,67,69,65,65,63,63,63,63,64,50,50,50,47,47,7,58,54,54,54,60,60,32,32,32,32,32,27,33,55,75,75,0],"gold":123,"neow_bonus":"THREE_RARE_CARDS","is_prod":false,"is_daily":false,"chose_seed":false,"campfire_upgraded":3,"win_rate":0,"timestamp":1549458071,"path_taken":["M","?","M","?","$","E","R","M","T","?","E","R","$","M","R","BOSS","M","M","$","M","?","E","R","?","T","R","E","?","R","E","R","BOSS"],"build_version":"2019-01-23","purchased_purges":1,"victory":false,"max_hp_per_floor":[75,75,75,75,75,75,75,75,75,75,75,75,75,75,75,75,75,75,75,75,75,75,75,75,75,75,75,75,75,75,75,75,75],"card_choices":[{"not_picked":["Dark Embrace","Double Tap"],"picked":"Impervious","floor":0},{"not_picked":["Body Slam","Carnage"],"picked":"Perfected Strike","floor":1},{"not_picked":["Havoc","Clash"],"picked":"Sword Boomerang","floor":3},{"not_picked":["Dropkick","Seeing Red"],"picked":"Perfected Strike","floor":4},{"not_picked":["Uppercut","Anger"],"picked":"Perfected Strike","floor":6},{"not_picked":["Perfected Strike","Wild Strike"],"picked":"Inflame","floor":8},{"not_picked":["Thunderclap","Infernal Blade","Whirlwind"],"picked":"SKIP","floor":11},{"not_picked":["Clash","Intimidate","Inflame"],"picked":"SKIP","floor":14},{"not_picked":["Impervious","Fiend Fire"],"picked":"Reaper","floor":16},{"not_picked":["Rampage"],"picked":"SKIP","floor":18},{"not_picked":["Heavy Blade"],"picked":"SKIP","floor":19},{"not_picked":["Heavy Blade"],"picked":"SKIP","floor":21},{"not_picked":["Anger"],"picked":"SKIP","floor":23},{"not_picked":["Infernal Blade"],"picked":"SKIP","floor":28},{"not_picked":[],"picked":"Shrug It Off","floor":29},{"not_picked":["Flex+1"],"picked":"SKIP","floor":31}],"player_experience":1299696,"relics_obtained":[{"floor":6,"key":"Shovel"},{"floor":9,"key":"Darkstone Periapt"},{"floor":10,"key":"Odd Mushroom"},{"floor":11,"key":"Letter Opener"},{"floor":23,"key":"Meat on the Bone"},{"floor":24,"key":"Bag of Preparation"},{"floor":26,"key":"Champion Belt"},{"floor":27,"key":"Ancient Tea Set"},{"floor":28,"key":"Nunchaku"},{"floor":31,"key":"Toxic Egg 2"},{"floor":32,"key":"Sundial"}],"event_choices":[{"damage_healed":0,"gold_gain":275,"player_choice":"Desecrate","damage_taken":0,"max_hp_gain":0,"max_hp_loss":0,"event_name":"Golden Shrine","floor":2,"gold_loss":0,"cards_obtained":["Regret"]},{"damage_healed":0,"gold_gain":0,"player_choice":"Fought Mushrooms","damage_taken":0,"max_hp_gain":0,"max_hp_loss":0,"event_name":"Mushrooms","floor":10,"gold_loss":0},{"damage_healed":0,"gold_gain":0,"player_choice":"Ignored","damage_taken":0,"max_hp_gain":0,"max_hp_loss":0,"event_name":"Vampires","floor":22,"gold_loss":0},{"damage_healed":0,"gold_gain":0,"player_choice":"Obtained Relic","damage_taken":0,"relics_obtained":["Mercury Hourglass"],"max_hp_gain":0,"max_hp_loss":0,"event_name":"Addict","floor":25,"gold_loss":85}],"is_beta":false,"boss_relics":[{"not_picked":["Mark of Pain","Runic Dome"],"picked":"Busted Crown"}],"items_purged_floors":[5],"is_endless":false,"potions_floor_spawned":[6,8,11,16,18,21,28],"killed_by":"Automaton","ascension_level":20}