{"gold_per_floor":[112,112,112,31,51,51,89,89,141,141,141],"floor_reached":11,"playtime":341,"items_purged":[],"score":138,"play_id":"dd499ce1-e1b8-4716-b54b-ccab6028dbea","local_time":"20190425131702","is_ascension_mode":true,"campfire_choices":[{"data":"Neutralize","floor":6.0,"key":"SMITH"},{"floor":10,"key":"REST"}],"neow_cost":"NONE","seed_source_timestamp":0,"circlet_count":0,"master_deck":["AscendersBane","Defend_G","Defend_G","Defend_G","Defend_G","Defend_G","Strike_G+1","Strike_G","Strike_G","Strike_G","Strike_G","Survivor+1","Neutralize+1","PiercingWail","Noxious Fumes+1","Dagger Throw"],"special_seed":0,"relics":["Ring of the Snake","Golden Idol","The Courier","Potion Belt"],"potions_floor_usage":[7],"damage_taken":[{"damage":4.0,"enemies":"2 Louse","floor":1.0,"turns":3.0},{"damage":3.0,"enemies":"Jaw Worm","floor":5.0,"turns":5.0},{"damage":26,"enemies":"Lagavulin","floor":7,"turns":8},{"damage":40,"enemies":"Gremlin Nob","floor":11,"turns":4}],"seed_played":"-7196203106313642535","potions_obtained":[{"floor":5.0,"key":"AttackPotion"}],"is_trial":false,"path_per_floor":["M","?","?","$","M","R","E","?","T","R","E"],"character_chosen":"THE_SILENT","items_purchased":["Noxious Fumes"],"campfire_rested":1,"item_purchase_floors":[4],"current_hp_per_floor":[61,61,41,41,38,38,12,12,12,31,0],"gold":141,"neow_bonus":"TEN_PERCENT_HP_BONUS","is_prod":false,"is_daily":false,"chose_seed":false,"campfire_upgraded":1,"win_rate":0,"timestamp":1556191022,"path_taken":["M","?","?","?","?","R","E","?","T","R","E"],"build_version":"2019-01-23","purchased_purges":0,"victory":false,"max_hp_per_floor":[72,65,65,65,65,65,65,65,65,65,65],"card_choices":[{"not_picked":["Backflip","Setup"],"picked":"PiercingWail","floor":1.0},{"not_picked":["Deadly Poison","Concentrate"],"picked":"Dagger Throw","floor":5.0},{"not_picked":["Flying Knee","Slice","Sucker Punch"],"picked":"SKIP","floor":7}],"player_experience":1452086,"relics_obtained":[{"floor":7,"key":"The Courier"},{"floor":9,"key":"Potion Belt"}],"event_choices":[{"damage_healed":0.0,"max_hp_gain":0.0,"max_hp_loss":7.0,"gold_gain":0.0,"event_name":"Golden Idol","player_choice":"Lose Max HP","floor":2.0,"gold_loss":0.0,"damage_taken":0.0,"relics_obtained":["Golden Idol"]},{"damage_healed":0.0,"max_hp_gain":0.0,"max_hp_loss":0.0,"gold_gain":0.0,"event_name":"Shining Light","player_choice":"Entered Light","floor":3.0,"gold_loss":0.0,"damage_taken":20.0,"cards_upgraded":["Strike_G","Survivor"]},{"damage_healed":0,"gold_gain":0,"player_choice":"Grow","damage_taken":0,"max_hp_gain":0,"max_hp_loss":0,"event_name":"Living Wall","floor":8,"gold_loss":0,"cards_upgraded":["Noxious Fumes"]}],"is_beta":false,"boss_relics":[],"items_purged_floors":[],"is_endless":false,"potions_floor_spawned":[5],"killed_by":"Gremlin Nob","ascension_level":20}