{"gold_per_floor":[110,110,110,123,134,134,159,175,175,63,82,54,74,89,89,191,191,208,208,123,123,123,123],"floor_reached":23,"playtime":1174,"items_purged":["Strike_R"],"score":216,"play_id":"3818b914-3fdb-41c9-a652-1cda6ce194e4","local_time":"20181231125453","is_ascension_mode":false,"campfire_choices":[{"floor":6,"key":"RECALL"},{"floor":15,"key":"REST"}],"neow_cost":"NONE","seed_source_timestamp":1379545919472272,"circlet_count":0,"master_deck":["Strike_R","Strike_R","Strike_R","Defend_R","Defend_R","Defend_R","Defend_R","Bash","Heavy Blade","Inflame","Sword Boomerang","Feed","Whirlwind","Disarm","Flame Barrier","True Grit","Impervious","Ghostly","Ghostly","Ghostly","Ghostly","Ghostly"],"relics":["Lizard Tail","Bag of Marbles","Sundial","Sozu","Nilry\u0027s Codex","Regal Pillow","Letter Opener"],"potions_floor_usage":[7,11,16,16],"damage_taken":[{"damage":2,"enemies":"Small Slimes","floor":1,"turns":4},{"damage":0,"enemies":"2 Louse","floor":4,"turns":2},{"damage":1,"enemies":"Jaw Worm","floor":5,"turns":4},{"damage":22,"enemies":"Gremlin Nob","floor":7,"turns":4},{"damage":11,"enemies":"Exordium Wildlife","floor":8,"turns":3},{"damage":4,"enemies":"Looter","floor":11,"turns":3},{"damage":5,"enemies":"3 Louse","floor":13,"turns":3},{"damage":0,"enemies":"Blue Slaver","floor":14,"turns":6},{"damage":17,"enemies":"Hexaghost","floor":16,"turns":11},{"damage":12,"enemies":"3 Byrds","floor":18,"turns":5},{"damage":79,"enemies":"Gremlin Leader","floor":23,"turns":8}],"seed_played":"2819217135248958939","potions_obtained":[{"floor":5,"key":"SkillPotion"},{"floor":8,"key":"EssenceOfSteel"},{"floor":13,"key":"Swift Potion"},{"floor":14,"key":"PowerPotion"}],"is_trial":false,"path_per_floor":["M","?","?","M","M","R","E","M","T","$","M","?","M","M","R","B",null,"M","?","?","T","?","E"],"character_chosen":"IRONCLAD","items_purchased":["Disarm"],"campfire_rested":1,"item_purchase_floors":[10],"current_hp_per_floor":[78,60,53,53,52,52,30,19,19,19,15,15,13,16,41,24,86,74,58,58,58,43,0],"gold":123,"neow_bonus":"BOSS_RELIC","is_prod":false,"is_daily":false,"chose_seed":false,"campfire_upgraded":0,"win_rate":0,"timestamp":1546286093,"path_taken":["M","?","?","M","M","R","E","M","T","$","M","?","M","?","R","BOSS","M","?","?","?","?","E"],"build_version":"2018-12-25","purchased_purges":1,"victory":false,"max_hp_per_floor":[80,80,80,80,80,80,80,80,80,80,80,80,83,86,86,86,86,86,86,86,86,43,43],"card_choices":[{"not_picked":["Flex","Evolve"],"picked":"Heavy Blade","floor":1},{"not_picked":["Whirlwind","Anger"],"picked":"Inflame","floor":4},{"not_picked":["Headbutt","Dual Wield"],"picked":"Sword Boomerang","floor":5},{"not_picked":["Burning Pact","Perfected Strike"],"picked":"Feed","floor":7},{"not_picked":["Perfected Strike","Bloodletting"],"picked":"Whirlwind","floor":8},{"not_picked":["Headbutt","Cleave"],"picked":"Flame Barrier","floor":11},{"not_picked":["Bloodletting","Cleave","Evolve"],"picked":"SKIP","floor":13},{"not_picked":["Carnage","Flex"],"picked":"True Grit","floor":14},{"not_picked":["Offering","Feed"],"picked":"Impervious","floor":16},{"not_picked":["Fire Breathing","Clash+1","Rupture+1"],"picked":"SKIP","floor":18}],"player_experience":280771,"relics_obtained":[{"floor":7,"key":"Sundial"},{"floor":19,"key":"Nilry\u0027s Codex"},{"floor":21,"key":"Letter Opener"}],"event_choices":[{"damage_healed":0,"gold_gain":0,"player_choice":"Success","damage_taken":18,"relics_obtained":["Bag of Marbles"],"max_hp_gain":0,"max_hp_loss":0,"event_name":"Scrap Ooze","floor":2,"gold_loss":0},{"cards_removed":["Strike_R"],"damage_healed":0,"gold_gain":0,"player_choice":"Card Removal","damage_taken":7,"max_hp_gain":0,"max_hp_loss":0,"event_name":"Golden Wing","floor":3,"gold_loss":0},{"damage_healed":0,"gold_gain":0,"player_choice":"Left Gold","damage_taken":0,"max_hp_gain":0,"max_hp_loss":0,"event_name":"World of Goop","floor":12,"gold_loss":28},{"damage_healed":0,"gold_gain":0,"player_choice":"Obtained Book","damage_taken":16,"max_hp_gain":0,"max_hp_loss":0,"event_name":"Cursed Tome","floor":19,"gold_loss":0},{"damage_healed":0,"gold_gain":0,"player_choice":"Obtained Relic","damage_taken":0,"relics_obtained":["Regal Pillow"],"max_hp_gain":0,"max_hp_loss":0,"event_name":"Addict","floor":20,"gold_loss":85},{"damage_healed":0,"gold_gain":0,"player_choice":"Became a Ghost","damage_taken":0,"max_hp_gain":0,"max_hp_loss":43,"event_name":"Ghosts","floor":22,"gold_loss":0,"cards_obtained":["Ghostly","Ghostly","Ghostly","Ghostly","Ghostly"]}],"is_beta":true,"boss_relics":[{"not_picked":["Runic Pyramid","Eternal Feather"],"picked":"Sozu"}],"items_purged_floors":[10],"is_endless":false,"potions_floor_spawned":[5,8,13,14,18],"killed_by":"Gremlin Leader","ascension_level":0}