{"gold_per_floor":[115,127,138,158,158,183,183,215,227,271,298,280,308,331,343,455,467,499,214,214,214,233,233,245,271,321,351,266,266,298,318,318,416,416,428,447,467,484,484,514,514,531,531,549,561,479,510,60,60,60],"floor_reached":51,"playtime":2389,"items_purged":["Strike_R"],"score":958,"play_id":"f963cdc0-6ca7-4251-837b-adf580476cc0","local_time":"20180806143523","is_ascension_mode":true,"campfire_choices":[{"data":"Flex","floor":7,"key":"SMITH"},{"data":"Flex","floor":15,"key":"SMITH"},{"data":"Reaper","floor":23,"key":"SMITH"},{"data":"Whirlwind","floor":29,"key":"SMITH"},{"data":"Defend_R","floor":32,"key":"SMITH"},{"data":"Defend_R","floor":49,"key":"SMITH"}],"neow_cost":"","seed_source_timestamp":14010662955797,"circlet_count":0,"master_deck":["Strike_R","Strike_R","Strike_R","Defend_R+1","Defend_R+1","Defend_R","Defend_R","Bash+1","Sword Boomerang+1","Twin Strike","Flex+1","Twin Strike","Flex+1","Reaper+1","Flex+1","Carnage","Whirlwind+1","Shrug It Off+1","Reaper+1","Immolate","Intimidate+1","Battle Trance+1","Flex+1","Whirlwind+1","Limit Break+1","Cleave+1","Battle Trance+1","Master of Strategy+1","Fire Breathing+1","Uppercut+1","Flex+1","Trip+1"],"relics":["Burning Blood","Gambling Chip","MawBank","Toxic Egg 2","Meat on the Bone","Mark of Pain","Whetstone","Omamori","Regal Pillow","Bottled Lightning","Red Skull","Smiling Mask","Lantern","Bird Faced Urn","Runic Cube","Oddly Smooth Stone","Mercury Hourglass","Orichalcum","Ornamental Fan","Vajra","Pen Nib"],"potions_floor_usage":[6,8,16,16,27,30,33,37,40,44,50],"damage_taken":[{"damage":3,"enemies":"Cultist","floor":1,"turns":5},{"damage":6,"enemies":"Jaw Worm","floor":2,"turns":3},{"damage":0,"enemies":"Small Slimes","floor":3,"turns":2},{"damage":29,"enemies":"Exordium Thugs","floor":4,"turns":6},{"damage":16,"enemies":"Lagavulin","floor":6,"turns":5},{"damage":20,"enemies":"Gremlin Nob","floor":8,"turns":4},{"damage":33,"enemies":"3 Sentries","floor":10,"turns":7},{"damage":0,"enemies":"Blue Slaver","floor":11,"turns":1},{"damage":0,"enemies":"Red Slaver","floor":13,"turns":1},{"damage":7,"enemies":"3 Louse","floor":14,"turns":2},{"damage":0,"enemies":"Slime Boss","floor":16,"turns":2},{"damage":0,"enemies":"Chosen","floor":18,"turns":3},{"damage":5,"enemies":"Spheric Guardian","floor":22,"turns":3},{"damage":29,"enemies":"Snake Plant","floor":24,"turns":4},{"damage":60,"enemies":"Book of Stabbing","floor":25,"turns":6},{"damage":0,"enemies":"Slavers","floor":27,"turns":1},{"damage":42,"enemies":"Book of Stabbing","floor":30,"turns":5},{"damage":12,"enemies":"Centurion and Healer","floor":31,"turns":4},{"damage":44,"enemies":"Collector","floor":33,"turns":7},{"damage":0,"enemies":"3 Shapes","floor":35,"turns":1},{"damage":7,"enemies":"Orb Walker","floor":36,"turns":3},{"damage":12,"enemies":"4 Shapes","floor":37,"turns":2},{"damage":51,"enemies":"Maw","floor":38,"turns":6},{"damage":73,"enemies":"Giant Head","floor":40,"turns":7},{"damage":32,"enemies":"Spire Growth","floor":42,"turns":3},{"damage":0,"enemies":"3 Darklings","floor":44,"turns":1},{"damage":11,"enemies":"Sphere and 2 Shapes","floor":45,"turns":4},{"damage":24,"enemies":"Nemesis","floor":47,"turns":3},{"damage":56,"enemies":"Awakened One","floor":50,"turns":6}],"seed_played":"1290398115077163569","potions_obtained":[{"floor":3,"key":"Energy Potion"},{"floor":6,"key":"Regen Potion"},{"floor":11,"key":"Ancient Potion"},{"floor":12,"key":"FairyPotion"},{"floor":12,"key":"AttackPotion"},{"floor":25,"key":"AttackPotion"},{"floor":27,"key":"SteroidPotion"},{"floor":30,"key":"Fruit Juice"},{"floor":33,"key":"Fire Potion"},{"floor":38,"key":"Strength Potion"},{"floor":42,"key":"SteroidPotion"},{"floor":44,"key":"Ancient Potion"}],"is_trial":false,"path_per_floor":["M","M","M","M","?","E","R","E","T","E","M","?","M","M","R","B",null,"M","$","?","?","M","R","M","E","T","E","?","R","E","M","R","B",null,"M","M","M","M","?","E","?","M","T","M","M","?","E","$","R","B"],"character_chosen":"IRONCLAD","items_purchased":["Immolate","Whetstone","Vajra","Pen Nib","Trip+1"],"campfire_rested":0,"item_purchase_floors":[19,19,48,48,48],"current_hp_per_floor":[80,80,80,57,57,47,47,45,45,36,54,54,60,59,59,65,80,80,80,80,80,80,80,66,42,42,80,80,80,49,74,74,79,85,85,84,79,49,49,34,34,49,49,57,70,70,73,73,73,56],"gold":60,"neow_bonus":"","is_prod":false,"is_daily":false,"chose_seed":false,"campfire_upgraded":6,"win_rate":0,"timestamp":1533558923,"path_taken":["M","M","M","?","?","E","R","E","T","E","?","?","M","M","R","BOSS","M","?","?","?","M","R","M","E","T","E","?","R","E","?","R","BOSS","M","?","M","M","?","E","?","M","T","M","M","?","E","$","R","BOSS"],"build_version":"2018-08-02","purchased_purges":1,"victory":true,"max_hp_per_floor":[80,80,80,80,80,80,80,80,80,80,80,80,80,80,80,80,80,80,80,80,80,80,80,80,80,80,80,80,80,80,80,80,85,85,85,85,85,85,85,85,85,85,85,85,85,85,85,85,85,85],"card_choices":[{"not_picked":["Flex","Heavy Blade"],"picked":"Sword Boomerang","floor":1},{"not_picked":["Bloodletting","Shrug It Off"],"picked":"Twin Strike","floor":2},{"not_picked":["Armaments","Dual Wield"],"picked":"Flex","floor":3},{"not_picked":["Corruption","Pummel"],"picked":"Twin Strike","floor":4},{"not_picked":["Body Slam","Offering"],"picked":"Flex","floor":6},{"not_picked":["Clothesline","Power Through"],"picked":"Reaper","floor":8},{"not_picked":["Anger","Warcry+1"],"picked":"Flex+1","floor":10},{"not_picked":["Bloodletting+1","Warcry+1"],"picked":"Carnage","floor":11},{"not_picked":["Clash","Havoc+1"],"picked":"Whirlwind","floor":13},{"not_picked":["Uppercut","Thunderclap"],"picked":"Shrug It Off+1","floor":14},{"not_picked":["Berserk","Offering+1"],"picked":"Reaper","floor":16},{"not_picked":["Heavy Blade","Headbutt","Iron Wave"],"picked":"SKIP","floor":18},{"not_picked":["Twin Strike","Dropkick+1","Pummel"],"picked":"SKIP","floor":22},{"not_picked":["Anger","Clash"],"picked":"Intimidate+1","floor":24},{"not_picked":["Second Wind+1","Body Slam"],"picked":"Battle Trance+1","floor":25},{"not_picked":["Twin Strike","Blood for Blood"],"picked":"Flex+1","floor":27},{"not_picked":["Thunderclap","Dark Embrace","Sentinel+1"],"picked":"SKIP","floor":30},{"not_picked":["Headbutt","Warcry+1"],"picked":"Whirlwind+1","floor":31},{"not_picked":["Bludgeon","Barricade"],"picked":"Limit Break+1","floor":33},{"not_picked":["Sentinel+1","Fire Breathing"],"picked":"Cleave+1","floor":35},{"not_picked":["Corruption+1","Seeing Red+1","Feel No Pain+1"],"picked":"SKIP","floor":36},{"not_picked":["Rampage+1","Corruption+1","Perfected Strike+1"],"picked":"SKIP","floor":37},{"not_picked":["Iron Wave","Headbutt"],"picked":"Battle Trance+1","floor":38},{"not_picked":["Dramatic Entrance","Magnetism"],"picked":"Master of Strategy+1","floor":39},{"not_picked":["Body Slam+1","Iron Wave"],"picked":"Fire Breathing+1","floor":40},{"not_picked":["Seeing Red+1","Clash+1"],"picked":"Uppercut+1","floor":42},{"not_picked":["Pommel Strike","Sentinel+1"],"picked":"Flex+1","floor":44},{"not_picked":["Rampage+1","Clash+1","Clothesline"],"picked":"SKIP","floor":45},{"not_picked":["Perfected Strike+1","Twin Strike","Barricade"],"picked":"SKIP","floor":47}],"player_experience":235342,"relics_obtained":[{"floor":6,"key":"Gambling Chip"},{"floor":8,"key":"MawBank"},{"floor":9,"key":"Toxic Egg 2"},{"floor":10,"key":"Meat on the Bone"},{"floor":25,"key":"Bottled Lightning"},{"floor":26,"key":"Red Skull"},{"floor":27,"key":"Smiling Mask"},{"floor":30,"key":"Bird Faced Urn"},{"floor":40,"key":"Oddly Smooth Stone"},{"floor":43,"key":"Mercury Hourglass"},{"floor":47,"key":"Ornamental Fan"}],"event_choices":[{"event_name":"Living Wall","player_choice":"Forget","floor":5,"damage_taken":0},{"event_name":"The Woman in Blue","player_choice":"Bought 2 Potions","floor":12,"damage_taken":0},{"event_name":"The Mausoleum","player_choice":"Yes","floor":20,"damage_taken":0},{"event_name":"Accursed Blacksmith","player_choice":"Rummage","floor":21,"damage_taken":0},{"event_name":"Addict","player_choice":"Obtained Relic","floor":28,"damage_taken":0},{"event_name":"SensoryStone","player_choice":"Memory 1","floor":39,"damage_taken":0},{"event_name":"Upgrade Shrine","player_choice":"Upgraded","floor":41,"damage_taken":0},{"event_name":"WeMeetAgain","player_choice":"Gold","floor":46,"damage_taken":0}],"is_beta":false,"boss_relics":[{"not_picked":["Pandora\u0027s Box","Coffee Dripper"],"picked":"Mark of Pain"},{"not_picked":["Philosopher\u0027s Stone","Lizard Tail"],"picked":"Runic Cube"}],"items_purged_floors":[48],"is_endless":false,"potions_floor_spawned":[3,6,11,13,14,25,27,30,33,38,42,44],"ascension_level":1}