{"gold_per_floor":[219,67,86,104,121,121,155,155,155,185,202,202,221,233,233,333,333,344,344,71,83,83,83,83,100,174,174,185,199,212,231,231,331,331,350,350,450,470,488,488],"floor_reached":40,"playtime":1862,"items_purged":["Strike_B"],"score":419,"play_id":"4c2a402b-65fb-4caa-8d42-4e26b776d8d4","local_time":"20190421113338","is_ascension_mode":false,"campfire_choices":[{"data":"Redo","floor":6.0,"key":"SMITH"},{"data":"Seek","floor":8.0,"key":"SMITH"},{"data":"Redo","floor":12.0,"key":"SMITH"},{"data":"Sunder","floor":15.0,"key":"SMITH"},{"data":"Hologram","floor":23.0,"key":"SMITH"},{"data":"Hologram","floor":27,"key":"SMITH"},{"data":"Streamline","floor":32,"key":"SMITH"}],"neow_cost":"NONE","seed_source_timestamp":838862618716500,"circlet_count":0,"master_deck":["Strike_B","Strike_B","Defend_B","Defend_B","Defend_B","Defend_B+1","Zap","Dualcast","Sunder+1","Loop","Double Energy","Turbo+1","Redo+1","Seek+1","Melter","Redo+1","Self Repair","Meteor Strike","Hologram+1","Hologram+1","Coolheaded+1","Glacier+1","Loop","Streamline+1","Amplify","Hologram","Hologram+1"],"special_seed":0,"relics":["Cracked Core","Torii","Dodecahedron","Odd Mushroom","Snecko Eye","War Paint","Pantograph","Black Star"],"potions_floor_usage":[31,33],"damage_taken":[{"damage":1.0,"enemies":"Jaw Worm","floor":1.0,"turns":3.0},{"damage":0.0,"enemies":"Cultist","floor":3.0,"turns":3.0},{"damage":2.0,"enemies":"Small Slimes","floor":4.0,"turns":3.0},{"damage":6.0,"enemies":"2 Fungi Beasts","floor":5.0,"turns":3.0},{"damage":15.0,"enemies":"3 Sentries","floor":7.0,"turns":5.0},{"damage":1.0,"enemies":"The Mushroom Lair","floor":10.0,"turns":4.0},{"damage":1.0,"enemies":"Lots of Slimes","floor":11.0,"turns":2.0},{"damage":1.0,"enemies":"Red Slaver","floor":13.0,"turns":2.0},{"damage":12.0,"enemies":"Blue Slaver","floor":14.0,"turns":3.0},{"damage":28.0,"enemies":"The Guardian","floor":16.0,"turns":10.0},{"damage":1.0,"enemies":"Chosen","floor":18.0,"turns":3.0},{"damage":19.0,"enemies":"Shell Parasite","floor":21.0,"turns":3.0},{"damage":30,"enemies":"Snake Plant","floor":25,"turns":4},{"damage":10,"enemies":"Snecko","floor":28,"turns":3},{"damage":0,"enemies":"Centurion and Healer","floor":29,"turns":5},{"damage":0,"enemies":"Snake Plant","floor":30,"turns":2},{"damage":0,"enemies":"Shelled Parasite and Fungi","floor":31,"turns":4},{"damage":16,"enemies":"Champ","floor":33,"turns":9},{"damage":16,"enemies":"3 Darklings","floor":35,"turns":4},{"damage":9,"enemies":"Orb Walker","floor":38,"turns":3},{"damage":0,"enemies":"3 Darklings","floor":39,"turns":4},{"damage":78,"enemies":"Reptomancer","floor":40,"turns":5}],"seed_played":"7549096026487037108","potions_obtained":[{"floor":1.0,"key":"GamblersBrew"},{"floor":4.0,"key":"SkillPotion"},{"floor":11.0,"key":"SteroidPotion"},{"floor":13.0,"key":"SpeedPotion"},{"floor":21.0,"key":"Swift Potion"},{"floor":31,"key":"Swift Potion"},{"floor":39,"key":"SpeedPotion"}],"is_trial":false,"path_per_floor":["M","$","M","M","M","R","E","R","T","?","M","R","M","M","R","B",null,"M","?","$","M","$","R","?","M","T","R","M","M","M","M","R","B",null,"M","?","?","M","M","E"],"character_chosen":"DEFECT","items_purchased":["Sunder","Loop","Hologram","War Paint"],"campfire_rested":0,"item_purchase_floors":[2,2,20,20],"current_hp_per_floor":[74,74,74,72,66,66,51,51,51,50,49,49,48,43,43,22,75,75,75,75,63,63,63,63,40,40,40,37,44,51,51,51,66,75,66,66,66,71,75,0],"gold":488,"neow_bonus":"HUNDRED_GOLD","is_prod":false,"is_daily":false,"chose_seed":false,"campfire_upgraded":7,"win_rate":0,"timestamp":1555839218,"path_taken":["M","$","M","M","M","R","E","R","T","?","M","R","M","M","R","BOSS","M","?","?","?","$","R","?","M","T","R","?","M","M","M","R","BOSS","M","?","?","M","M","E"],"build_version":"2019-01-23","purchased_purges":1,"victory":false,"max_hp_per_floor":[75,75,75,75,75,75,75,75,75,75,75,75,75,75,75,75,75,75,75,75,75,75,75,75,75,75,75,75,75,75,75,75,75,75,75,75,75,75,75,75],"card_choices":[{"not_picked":["Self Repair","Beam Cell","Hello World"],"picked":"SKIP","floor":1.0},{"not_picked":["Rebound","Reprogram"],"picked":"Double Energy","floor":3.0},{"not_picked":["Gash","Steam"],"picked":"Turbo","floor":4.0},{"not_picked":["Conserve Battery","Darkness"],"picked":"Redo","floor":5.0},{"not_picked":["Streamline","Skim"],"picked":"Seek","floor":7.0},{"not_picked":["Rebound","Scrape"],"picked":"Melter","floor":10.0},{"not_picked":["Gash","Beam Cell"],"picked":"Redo","floor":11.0},{"not_picked":["Beam Cell","Rip and Tear"],"picked":"Self Repair","floor":13.0},{"not_picked":["Compile Driver","Turbo","Go for the Eyes"],"picked":"SKIP","floor":14.0},{"not_picked":["Machine Learning","Core Surge"],"picked":"Meteor Strike","floor":16.0},{"not_picked":["Steam Power","Scrape"],"picked":"Hologram","floor":18.0},{"not_picked":["Conserve Battery","Turbo+1","Ball Lightning"],"picked":"SKIP","floor":21.0},{"not_picked":["Rebound","Thunder Strike"],"picked":"Coolheaded+1","floor":25},{"not_picked":["BootSequence","Rebound"],"picked":"Glacier+1","floor":28},{"not_picked":["Fusion","Scrape"],"picked":"Loop","floor":29},{"not_picked":["Sweeping Beam","Capacitor+1","Rebound"],"picked":"SKIP","floor":30},{"not_picked":["Sweeping Beam+1","Cold Snap"],"picked":"Streamline","floor":31},{"not_picked":["Biased Cognition","Hyperbeam"],"picked":"Amplify","floor":33},{"not_picked":["Steam","Turbo+1"],"picked":"Hologram","floor":35},{"not_picked":["Steam","Sweeping Beam+1"],"picked":"Hologram+1","floor":38},{"not_picked":["Chaos","Rip and Tear+1","Conserve Battery"],"picked":"SKIP","floor":39}],"player_experience":615805,"relics_obtained":[{"floor":7.0,"key":"Torii"},{"floor":9.0,"key":"Dodecahedron"},{"floor":10.0,"key":"Odd Mushroom"},{"floor":26,"key":"Pantograph"}],"event_choices":[{"damage_healed":0.0,"max_hp_gain":0.0,"max_hp_loss":0.0,"gold_gain":0.0,"event_name":"Mushrooms","player_choice":"Fought Mushrooms","floor":10.0,"gold_loss":0.0,"damage_taken":0.0},{"damage_healed":0.0,"max_hp_gain":0.0,"max_hp_loss":0.0,"gold_gain":0.0,"event_name":"NoteForYourself","player_choice":"Ignored","floor":19.0,"gold_loss":0.0,"damage_taken":0.0},{"damage_healed":0.0,"max_hp_gain":0.0,"max_hp_loss":0.0,"gold_gain":0.0,"event_name":"N\u0027loth","player_choice":"Ignored","floor":24.0,"gold_loss":0.0,"damage_taken":0.0},{"cards_removed":["Strike_B"],"damage_healed":0,"gold_gain":0,"player_choice":"Removed Attack","damage_taken":0,"max_hp_gain":0,"max_hp_loss":0,"event_name":"Falling","floor":36,"gold_loss":0},{"damage_healed":0,"gold_gain":100,"player_choice":"Pray","damage_taken":0,"max_hp_gain":0,"max_hp_loss":0,"event_name":"Golden Shrine","floor":37,"gold_loss":0}],"is_beta":false,"boss_relics":[{"not_picked":["Busted Crown","Velvet Choker"],"picked":"Snecko Eye"},{"not_picked":["Lizard Tail","Eternal Feather"],"picked":"Black Star"}],"items_purged_floors":[20],"is_endless":false,"potions_floor_spawned":[1,4,11,13,14,21,30,31,39],"killed_by":"Reptomancer","ascension_level":0}