{"gold_per_floor":[15,15,33,47,73,106,106,136,161,161,194,211,211,240,240,337,337,348,748,763,776,212,240,240,255,279,279,292,292,306,341,341,341],"floor_reached":33,"playtime":1467,"items_purged":["Strike_R"],"score":475,"play_id":"9378a209-a1d7-4c54-b36b-e895e433d949","local_time":"20190329165617","is_ascension_mode":true,"campfire_choices":[{"floor":10,"key":"REST"},{"floor":15,"key":"REST"},{"floor":24,"key":"REST"},{"floor":29,"key":"REST"},{"data":"Spot Weakness","floor":32,"key":"SMITH"}],"neow_cost":"NO_GOLD","seed_source_timestamp":3807785553631,"circlet_count":0,"master_deck":["Strike_R+1","Strike_R+1","Strike_R+1","Strike_R+1","Defend_R+1","Defend_R+1","Defend_R+1","Defend_R+1","Bash","Offering","Pommel Strike","Headbutt+1","Shrug It Off","Spot Weakness+1","Shockwave","Bludgeon","Sword Boomerang+1","Clothesline","Whirlwind+1","Carnage","Bludgeon","Anger","Bludgeon","Shrug It Off","Twin Strike+1","Battle Trance","Shrug It Off"],"relics":["Burning Blood","Strawberry","Smiling Mask","Mummified Hand","Centennial Puzzle","Shovel","Vajra","Snecko Eye","Old Coin","Sundial","Kunai","Whetstone","Bag of Preparation","Singing Bowl"],"potions_floor_usage":[14,14,16,23,23,23],"damage_taken":[{"damage":6,"enemies":"Cultist","floor":1,"turns":2},{"damage":8,"enemies":"Jaw Worm","floor":3,"turns":2},{"damage":7,"enemies":"Small Slimes","floor":4,"turns":3},{"damage":39,"enemies":"Gremlin Nob","floor":6,"turns":4},{"damage":36,"enemies":"Lagavulin","floor":8,"turns":5},{"damage":41,"enemies":"3 Sentries","floor":11,"turns":14},{"damage":7,"enemies":"2 Fungi Beasts","floor":12,"turns":3},{"damage":6,"enemies":"Gremlin Nob","floor":14,"turns":3},{"damage":32,"enemies":"Hexaghost","floor":16,"turns":9},{"damage":18,"enemies":"2 Thieves","floor":18,"turns":2},{"damage":27,"enemies":"Colosseum Slavers","floor":19,"turns":5},{"damage":9,"enemies":"Colosseum Nobs","floor":19,"turns":3},{"damage":4,"enemies":"Chosen","floor":20,"turns":2},{"damage":30,"enemies":"Centurion and Healer","floor":21,"turns":4},{"damage":13,"enemies":"Book of Stabbing","floor":23,"turns":2},{"damage":10,"enemies":"Snake Plant","floor":25,"turns":2},{"damage":15,"enemies":"Shelled Parasite and Fungi","floor":28,"turns":3},{"damage":6,"enemies":"Sentry and Sphere","floor":30,"turns":2},{"damage":6,"enemies":"Gremlin Leader","floor":31,"turns":3},{"damage":55,"enemies":"Champ","floor":33,"turns":8}],"seed_played":"7056823507997120670","potions_obtained":[{"floor":3,"key":"LiquidBronze"},{"floor":6,"key":"Block Potion"},{"floor":8,"key":"AttackPotion"},{"floor":16,"key":"GamblersBrew"},{"floor":18,"key":"SmokeBomb"},{"floor":21,"key":"Weak Potion"},{"floor":23,"key":"Explosive Potion"},{"floor":30,"key":"LiquidBronze"}],"is_trial":false,"path_per_floor":["M","$","M","M","T","E","?","E","T","R","E","M","?","E","R","B",null,"M","?","M","M","$","E","R","M","T","?","M","R","M","E","R","B"],"character_chosen":"IRONCLAD","items_purchased":["Bludgeon","Kunai","Anger","Regen Potion"],"campfire_rested":4,"item_purchase_floors":[22,22,22,22],"current_hp_per_floor":[72,72,70,69,76,43,48,18,18,45,10,9,9,9,36,10,72,60,36,38,14,14,12,39,35,35,35,26,53,53,53,53,0],"gold":341,"neow_bonus":"THREE_RARE_CARDS","is_prod":false,"is_daily":false,"chose_seed":false,"campfire_upgraded":1,"win_rate":0,"timestamp":1553889377,"path_taken":["M","?","M","M","?","E","?","E","T","R","E","M","?","E","R","BOSS","M","?","M","M","$","E","R","M","T","?","M","R","M","E","R","BOSS"],"build_version":"2019-01-23","purchased_purges":1,"victory":false,"max_hp_per_floor":[80,80,80,80,87,87,92,92,92,92,92,92,92,92,92,92,92,92,92,92,92,92,92,92,92,92,92,92,92,92,92,92,92],"card_choices":[{"not_picked":["Barricade","Limit Break"],"picked":"Offering","floor":0},{"not_picked":["Heavy Blade","Feel No Pain","Combust"],"picked":"SKIP","floor":1},{"not_picked":["Clash","True Grit"],"picked":"Pommel Strike","floor":3},{"not_picked":["Wild Strike","Sword Boomerang","Twin Strike"],"picked":"SKIP","floor":4},{"not_picked":["Reckless Charge","Offering"],"picked":"Headbutt","floor":6},{"not_picked":["Havoc","Clothesline"],"picked":"Shrug It Off","floor":8},{"not_picked":["Twin Strike","Clash","Corruption"],"picked":"SKIP","floor":11},{"not_picked":["Heavy Blade","Twin Strike"],"picked":"Spot Weakness","floor":12},{"not_picked":["Wild Strike","Iron Wave"],"picked":"Shockwave","floor":14},{"not_picked":["Juggernaut","Brutality"],"picked":"Bludgeon","floor":16},{"not_picked":["Clash","Flex"],"picked":"Sword Boomerang+1","floor":18},{"not_picked":["Twin Strike","Metallicize+1"],"picked":"Clothesline","floor":19},{"not_picked":["Thunderclap+1","Clash+1"],"picked":"Whirlwind+1","floor":20},{"not_picked":["Havoc","Perfected Strike"],"picked":"Carnage","floor":21},{"not_picked":["Heavy Blade","Thunderclap"],"picked":"Bludgeon","floor":23},{"not_picked":["Clash","Heavy Blade"],"picked":"Shrug It Off","floor":25},{"not_picked":["Heavy Blade","Clash"],"picked":"Twin Strike+1","floor":28},{"not_picked":["Sever Soul","Havoc"],"picked":"Battle Trance","floor":30},{"not_picked":["Shockwave","Cleave+1"],"picked":"Shrug It Off","floor":31}],"player_experience":427435,"relics_obtained":[{"floor":5,"key":"Strawberry"},{"floor":6,"key":"Smiling Mask"},{"floor":8,"key":"Mummified Hand"},{"floor":9,"key":"Centennial Puzzle"},{"floor":11,"key":"Shovel"},{"floor":14,"key":"Vajra"},{"floor":19,"key":"Old Coin"},{"floor":19,"key":"Sundial"},{"floor":23,"key":"Whetstone"},{"floor":26,"key":"Bag of Preparation"},{"floor":31,"key":"Singing Bowl"}],"event_choices":[{"damage_healed":0,"gold_gain":0,"player_choice":"Donut","damage_taken":0,"max_hp_gain":5,"max_hp_loss":0,"event_name":"Big Fish","floor":7,"gold_loss":0},{"damage_healed":0,"gold_gain":0,"player_choice":"Searched \u00270\u0027 times","damage_taken":0,"max_hp_gain":0,"max_hp_loss":0,"event_name":"Dead Adventurer","floor":13,"gold_loss":0},{"damage_healed":0,"gold_gain":0,"player_choice":"Fight","damage_taken":0,"max_hp_gain":0,"max_hp_loss":0,"event_name":"Colosseum","floor":19,"gold_loss":0},{"damage_healed":0,"gold_gain":0,"player_choice":"Fought Nobs","damage_taken":0,"max_hp_gain":0,"max_hp_loss":0,"event_name":"Colosseum","floor":19,"gold_loss":0},{"damage_healed":0,"gold_gain":0,"player_choice":"Simplicity","damage_taken":0,"max_hp_gain":0,"max_hp_loss":0,"event_name":"Back to Basics","floor":27,"gold_loss":0,"cards_upgraded":["Strike_R","Strike_R","Strike_R","Defend_R","Defend_R","Defend_R","Defend_R"]}],"is_beta":false,"boss_relics":[{"not_picked":["Cursed Key","Runic Pyramid"],"picked":"Snecko Eye"}],"items_purged_floors":[22],"is_endless":false,"potions_floor_spawned":[3,6,8,16,18,21,23,30],"killed_by":"Champ","ascension_level":6}