{"gold_per_floor":[116,131,150,167,183,183,108,108,108,108,141,155,171,171,171,275,275,275,245,245,245,245],"floor_reached":22,"playtime":2076,"items_purged":["Strike_G"],"score":192,"play_id":"edf77a5f-537e-44fd-9bf7-5264e1ab036c","local_time":"20190307234821","is_ascension_mode":false,"campfire_choices":[{"data":"Distraction","floor":6,"key":"SMITH"},{"data":"All Out Attack","floor":10,"key":"SMITH"},{"data":"Envenom","floor":15,"key":"SMITH"}],"neow_cost":"NONE","seed_source_timestamp":414922803629777,"circlet_count":0,"master_deck":["Defend_G","Defend_G","Defend_G","Defend_G","Defend_G","Strike_G","Strike_G","Strike_G","Strike_G","Survivor","Neutralize+1","Poisoned Stab","All Out Attack+1","Sucker Punch","Slice","Distraction+1","Sucker Punch","Envenom+1","Prepared","Envenom","Leg Sweep","Dagger Throw+1","Backstab"],"relics":["Ring of the Snake","Pantograph","Letter Opener","Gremlin Horn","Ectoplasm"],"potions_floor_usage":[12,16,19,20,22,22],"damage_taken":[{"damage":2,"enemies":"Jaw Worm","floor":1,"turns":4},{"damage":4,"enemies":"Small Slimes","floor":2,"turns":3},{"damage":1,"enemies":"2 Louse","floor":3,"turns":3},{"damage":2,"enemies":"Looter","floor":4,"turns":3},{"damage":4,"enemies":"Blue Slaver","floor":5,"turns":3},{"damage":17,"enemies":"Lagavulin","floor":11,"turns":6},{"damage":0,"enemies":"Exordium Wildlife","floor":12,"turns":1},{"damage":0,"enemies":"Large Slime","floor":13,"turns":5},{"damage":16,"enemies":"The Guardian","floor":16,"turns":11},{"damage":5,"enemies":"3 Byrds","floor":18,"turns":4},{"damage":14,"enemies":"2 Thieves","floor":19,"turns":2},{"damage":18,"enemies":"Cultist and Chosen","floor":20,"turns":7},{"damage":27,"enemies":"Snake Plant","floor":21,"turns":5},{"damage":11,"enemies":"Chosen and Byrds","floor":22,"turns":4}],"seed_played":"-519002784357369699","potions_obtained":[{"floor":4,"key":"AttackPotion"},{"floor":11,"key":"Poison Potion"},{"floor":13,"key":"Ancient Potion"},{"floor":16,"key":"Fire Potion"},{"floor":18,"key":"SkillPotion"},{"floor":21,"key":"SkillPotion"}],"is_trial":false,"path_per_floor":["?","?"],"character_chosen":"THE_SILENT","items_purchased":[],"campfire_rested":0,"item_purchase_floors":[],"current_hp_per_floor":[68,64,63,61,57,57,57,50,50,50,33,33,33,33,33,42,70,65,51,33,6,0],"gold":245,"neow_bonus":"UPGRADE_CARD","is_prod":false,"is_daily":false,"chose_seed":false,"campfire_upgraded":3,"win_rate":0.0,"timestamp":1551977301,"path_taken":["M","M","M","M","M","R","$","?","T","R","E","M","M","?","R","BOSS","M","M","M","M","M"],"build_version":"2019-01-23","purchased_purges":1,"victory":false,"max_hp_per_floor":[70,70,70,70,70,70,70,70,70,70,70,70,70,70,70,70,70,70,70,70,70,70],"card_choices":[{"not_picked":["Outmaneuver","Quick Slash"],"picked":"Poisoned Stab","floor":1},{"not_picked":["Predator","Skewer"],"picked":"All Out Attack","floor":2},{"not_picked":["Underhanded Strike","Blade Dance"],"picked":"Sucker Punch","floor":3},{"not_picked":["Dodge and Roll","Flying Knee"],"picked":"Slice","floor":4},{"not_picked":["PiercingWail","Footwork"],"picked":"Distraction","floor":5},{"not_picked":["PiercingWail","Outmaneuver"],"picked":"Sucker Punch","floor":11},{"not_picked":["PiercingWail","Noxious Fumes"],"picked":"Envenom","floor":12},{"not_picked":["Quick Slash","Distraction"],"picked":"Prepared","floor":13},{"not_picked":["A Thousand Cuts","Unload"],"picked":"Envenom","floor":16},{"not_picked":["Blade Dance","Well Laid Plans","Deflect"],"picked":"SKIP","floor":18},{"not_picked":["Dagger Throw","Blade Dance"],"picked":"Leg Sweep","floor":19},{"not_picked":["Noxious Fumes","Distraction"],"picked":"Dagger Throw+1","floor":20},{"not_picked":["Footwork+1","Deflect"],"picked":"Backstab","floor":21}],"player_experience":54088,"relics_obtained":[{"floor":9,"key":"Letter Opener"},{"floor":11,"key":"Gremlin Horn"}],"event_choices":[{"damage_healed":0,"gold_gain":0,"player_choice":"Success","damage_taken":7,"relics_obtained":["Pantograph"],"max_hp_gain":0,"max_hp_loss":0,"event_name":"Scrap Ooze","floor":8,"gold_loss":0},{"damage_healed":0,"gold_gain":0,"player_choice":"Ignored","damage_taken":0,"max_hp_gain":0,"max_hp_loss":0,"event_name":"Golden Idol","floor":14,"gold_loss":0}],"is_beta":false,"boss_relics":[{"not_picked":["Runic Dome","Tiny House"],"picked":"Ectoplasm"}],"items_purged_floors":[7],"is_endless":false,"potions_floor_spawned":[4,11,13,16,18,21],"killed_by":"Chosen and Byrds","ascension_level":0}