{"gold_per_floor":[117,40,58,133,133,133,199,199,225,225,248,266,266,279,279,407,407,400,450,39,59,77,115,115,115,142,142,177,191,191,208,208,310,310,322,90,0,100,112,112,138,138,138,171,182,229,261,275,275,275,275,275,46,81,81],"floor_reached":56,"playtime":3663,"items_purged":["Strike_G","Strike_G"],"score":1273,"play_id":"877bf4a9-22ae-4412-8ed8-9ca23cf9f930","local_time":"20190326175226","is_ascension_mode":false,"campfire_choices":[{"data":"Glass Knife","floor":6,"key":"SMITH"},{"data":"Leg Sweep","floor":10,"key":"SMITH"},{"data":"Backstab","floor":13,"key":"SMITH"},{"data":"Caltrops","floor":15,"key":"SMITH"},{"floor":25,"key":"REST"},{"data":"Noxious Fumes","floor":30,"key":"SMITH"},{"floor":32,"key":"REST"},{"data":"Footwork","floor":40,"key":"SMITH"},{"data":"Footwork","floor":42,"key":"SMITH"},{"floor":49,"key":"RECALL"},{"data":"Crippling Poison","floor":52,"key":"SMITH"}],"neow_cost":"NONE","seed_source_timestamp":89516862017676,"circlet_count":0,"master_deck":["Defend_G","Defend_G","Defend_G","Defend_G","Defend_G","Strike_G","Strike_G","Survivor","Neutralize+1","Flying Knee","Glass Knife+1","Leg Sweep+1","Quick Slash","Dodge and Roll","Backstab+1","Caltrops+1","Bullet Time","Backflip","Footwork+1","Noxious Fumes+1","PiercingWail","Dagger Throw","Poisoned Stab+1","Die Die Die","Skewer+1","Footwork+1","PiercingWail","PiercingWail","Prepared+1","Calculated Gamble+1","Dash+1","Crippling Poison+1","PiercingWail+1","Riddle With Holes+1","Noxious Fumes+1"],"relics":["Ring of the Serpent","Bloody Idol","Tiny Chest","PreservedInsect","Matryoshka","Gambling Chip","Pantograph","Bag of Preparation","Pen Nib","Snecko Eye","Red Mask","Calipers","Bronze Scales","The Specimen","Mercury Hourglass","Lantern","Pocketwatch","Frozen Egg 2","Happy Flower","Paper Crane"],"potions_floor_usage":[7,18,22,23,31,41,55,55,55],"damage_taken":[{"damage":5,"enemies":"Jaw Worm","floor":1,"turns":4},{"damage":0,"enemies":"2 Louse","floor":3,"turns":2},{"damage":8,"enemies":"3 Sentries","floor":7,"turns":9},{"damage":2,"enemies":"Small Slimes","floor":11,"turns":2},{"damage":0,"enemies":"Exordium Thugs","floor":12,"turns":4},{"damage":1,"enemies":"3 Louse","floor":14,"turns":3},{"damage":11,"enemies":"Hexaghost","floor":16,"turns":11},{"damage":5,"enemies":"2 Thieves","floor":18,"turns":4},{"damage":0,"enemies":"3 Byrds","floor":21,"turns":3},{"damage":15,"enemies":"Snake Plant","floor":22,"turns":4},{"damage":29,"enemies":"Gremlin Leader","floor":23,"turns":8},{"damage":4,"enemies":"Slavers","floor":28,"turns":7},{"damage":0,"enemies":"Centurion and Healer","floor":29,"turns":8},{"damage":9,"enemies":"Sentry and Sphere","floor":31,"turns":5},{"damage":32,"enemies":"Automaton","floor":33,"turns":14},{"damage":0,"enemies":"3 Shapes","floor":35,"turns":3},{"damage":0,"enemies":"Mind Bloom Boss Battle","floor":38,"turns":5},{"damage":0,"enemies":"Orb Walker","floor":39,"turns":1},{"damage":9,"enemies":"Reptomancer","floor":41,"turns":7},{"damage":13,"enemies":"Nemesis","floor":44,"turns":7},{"damage":1,"enemies":"3 Darklings","floor":45,"turns":3},{"damage":0,"enemies":"2 Orb Walkers","floor":46,"turns":4},{"damage":9,"enemies":"Giant Head","floor":47,"turns":5},{"damage":0,"enemies":"Jaw Worm Horde","floor":48,"turns":2},{"damage":23,"enemies":"Time Eater","floor":50,"turns":13},{"damage":6,"enemies":"Shield and Spear","floor":54,"turns":5},{"damage":61,"enemies":"The Heart","floor":55,"turns":8}],"seed_played":"-4633733855180577747","potions_obtained":[{"floor":3,"key":"Weak Potion"},{"floor":12,"key":"FairyPotion"},{"floor":14,"key":"SpeedPotion"},{"floor":16,"key":"SteroidPotion"},{"floor":18,"key":"Poison Potion"},{"floor":29,"key":"SkillPotion"},{"floor":31,"key":"SpeedPotion"},{"floor":33,"key":"AttackPotion"},{"floor":45,"key":"LiquidBronze"},{"floor":54,"key":"Energy Potion"}],"is_trial":false,"path_per_floor":["M","$","M","?","?","R","E","?","T","R","M","M","R","M","R","B",null,"M","T","$","M","M","E","?","R","T","?","E","M","R","M","R","B",null,"M","$","?","?","M","R","E","R","T","E","M","?","E","M","R","B",null,"R","$","E","B",null],"character_chosen":"THE_SILENT","items_purchased":["Glass Knife","Footwork","Matryoshka","Footwork","PiercingWail","Noxious Fumes+1","Happy Flower"],"campfire_rested":2,"item_purchase_floors":[2,20,20,36,36,53,53],"current_hp_per_floor":[65,65,65,54,37,37,29,29,29,29,27,27,27,26,26,15,70,65,65,65,65,50,21,5,26,26,26,27,32,32,28,49,43,70,70,70,70,70,70,70,66,66,66,58,62,67,63,68,68,47,70,70,70,69,9],"gold":81,"neow_bonus":"UPGRADE_CARD","is_prod":false,"is_daily":false,"chose_seed":false,"campfire_upgraded":8,"win_rate":0,"timestamp":1553633546,"path_taken":["M","$","M","?","?","R","E","?","T","R","M","M","R","M","R","BOSS","M","?","$","M","M","E","?","R","T","?","E","M","R","M","R","BOSS","M","$","?","?","M","R","E","R","T","E","M","?","E","M","R","BOSS","R","$","E","BOSS"],"build_version":"2019-01-23","purchased_purges":2,"victory":true,"max_hp_per_floor":[70,70,70,70,70,70,70,70,70,70,70,70,70,70,70,70,70,70,70,70,70,70,70,70,70,70,70,70,70,70,70,70,70,70,70,70,70,70,70,70,70,70,70,70,70,70,70,70,70,70,70,70,70,70,70],"card_choices":[{"not_picked":["Deadly Poison","Accuracy"],"picked":"Flying Knee","floor":1},{"not_picked":["Bouncing Flask","Backflip"],"picked":"Leg Sweep","floor":3},{"not_picked":["Riddle With Holes","Underhanded Strike"],"picked":"Quick Slash","floor":7},{"not_picked":["Tactician","Choke"],"picked":"Dodge and Roll","floor":11},{"not_picked":["Heel Hook","Underhanded Strike"],"picked":"Backstab","floor":12},{"not_picked":["Dagger Spray","Blur"],"picked":"Caltrops","floor":14},{"not_picked":["Unload","Venomology"],"picked":"Bullet Time","floor":16},{"not_picked":["Poisoned Stab","Sucker Punch"],"picked":"Backflip","floor":18},{"not_picked":["Outmaneuver","Underhanded Strike"],"picked":"Noxious Fumes","floor":21},{"not_picked":["Poisoned Stab","Underhanded Strike+1","Prepared"],"picked":"SKIP","floor":22},{"not_picked":["Deflect","Corpse Explosion"],"picked":"PiercingWail","floor":23},{"not_picked":["Blade Dance","Unload","Expertise"],"picked":"SKIP","floor":28},{"not_picked":["Eviscerate+1","Deadly Poison"],"picked":"Dagger Throw","floor":29},{"not_picked":["Flechettes","Terror"],"picked":"Poisoned Stab+1","floor":31},{"not_picked":["Malaise","After Image"],"picked":"Die Die Die","floor":33},{"not_picked":["Deadly Poison","Setup+1"],"picked":"Skewer+1","floor":35},{"not_picked":["Expertise+1","Poisoned Stab"],"picked":"PiercingWail","floor":38},{"not_picked":["Quick Slash+1","Sucker Punch","Deadly Poison"],"picked":"SKIP","floor":39},{"not_picked":["Expertise+1","Tactician+1"],"picked":"Prepared+1","floor":41},{"not_picked":["Acrobatics","Cloak And Dagger+1"],"picked":"Calculated Gamble+1","floor":44},{"not_picked":["Flechettes","Cloak And Dagger+1"],"picked":"Dash+1","floor":45},{"not_picked":["Bane","Corpse Explosion"],"picked":"Crippling Poison","floor":46},{"not_picked":["Dodge and Roll","Choke"],"picked":"PiercingWail+1","floor":47},{"not_picked":["Flying Knee","Masterful Stab+1"],"picked":"Riddle With Holes+1","floor":48},{"not_picked":["Deflect+1","Concentrate","Distraction"],"picked":"SKIP","floor":54}],"player_experience":387049,"relics_obtained":[{"floor":7,"key":"Tiny Chest"},{"floor":19,"key":"PreservedInsect"},{"floor":23,"key":"Gambling Chip"},{"floor":26,"key":"Pantograph"},{"floor":26,"key":"Bag of Preparation"},{"floor":28,"key":"Pen Nib"},{"floor":38,"key":"Calipers"},{"floor":41,"key":"Bronze Scales"},{"floor":43,"key":"The Specimen"},{"floor":43,"key":"Mercury Hourglass"},{"floor":44,"key":"Lantern"},{"floor":46,"key":"Pocketwatch"},{"floor":47,"key":"Frozen Egg 2"},{"floor":54,"key":"Paper Crane"}],"event_choices":[{"damage_healed":0,"gold_gain":75,"player_choice":"Gather Gold","damage_taken":11,"max_hp_gain":0,"max_hp_loss":0,"event_name":"World of Goop","floor":4,"gold_loss":0},{"damage_healed":0,"gold_gain":0,"player_choice":"Take Damage","damage_taken":17,"relics_obtained":["Golden Idol"],"max_hp_gain":0,"max_hp_loss":0,"event_name":"Golden Idol","floor":5,"gold_loss":0},{"cards_removed":["Strike_G"],"damage_healed":0,"gold_gain":0,"player_choice":"Purged","damage_taken":0,"max_hp_gain":0,"max_hp_loss":0,"event_name":"Purifier","floor":8,"gold_loss":0},{"damage_healed":0,"gold_gain":0,"player_choice":"Obtained Book","damage_taken":16,"max_hp_gain":0,"max_hp_loss":0,"event_name":"Cursed Tome","floor":24,"gold_loss":0},{"damage_healed":0,"gold_gain":0,"player_choice":"Gave Idol","damage_taken":0,"relics_obtained":["Bloody Idol"],"max_hp_gain":0,"max_hp_loss":0,"event_name":"Forgotten Altar","floor":27,"relics_lost":["Golden Idol"],"gold_loss":0},{"damage_healed":0,"gold_gain":0,"player_choice":"Paid","damage_taken":0,"relics_obtained":["Red Mask"],"max_hp_gain":0,"max_hp_loss":0,"event_name":"Tomb of Lord Red Mask","floor":37,"gold_loss":90},{"damage_healed":0,"gold_gain":0,"player_choice":"Fight","damage_taken":0,"max_hp_gain":0,"max_hp_loss":0,"event_name":"MindBloom","floor":38,"gold_loss":0},{"damage_healed":0,"gold_gain":0,"player_choice":"Fight","damage_taken":0,"max_hp_gain":0,"max_hp_loss":0,"event_name":"Mysterious Sphere","floor":46,"gold_loss":0}],"is_beta":false,"boss_relics":[{"not_picked":["Black Star","Eternal Feather"],"picked":"Ring of the Serpent"},{"not_picked":["WristBlade","Orrery"],"picked":"Snecko Eye"}],"items_purged_floors":[20,36],"is_endless":false,"potions_floor_spawned":[3,12,14,16,18,29,31,33,35,38,45,54],"ascension_level":0}