{"gold_per_floor":[110,110,131,131,156,196,214,214,214,125,141,176,199,220,220,346,346,360,374,17,17,40,103,119,119],"floor_reached":25,"playtime":1827,"items_purged":["Strike_G"],"score":296,"play_id":"7ac240d5-e3b4-4e35-90c3-b8a80177ebec","local_time":"20190310163242","is_ascension_mode":true,"campfire_choices":[{"floor":8,"key":"REST"},{"data":"Envenom","floor":15,"key":"SMITH"}],"neow_cost":"NONE","seed_source_timestamp":1088392086143400,"circlet_count":0,"master_deck":["Defend_G","Defend_G","Defend_G","Defend_G","Strike_G","Strike_G","Strike_G","Survivor","Neutralize","Blur","Noxious Fumes","Envenom+1","Endless Agony","Leg Sweep","Backflip","Crippling Poison","Backstab","Slice","Footwork","Dash","Deflect","Dash","Malaise","Bane+1","Cloak And Dagger+1","Infinite Blades","Slice","Sadistic Nature","Shame","Blade Dance","Quick Slash+1"],"relics":["Empty Cage","Golden Idol","Matryoshka","Blood Vial","Pear","Pen Nib","WristBlade","Membership Card","Vajra","Tiny Chest"],"potions_floor_usage":[6,6,6,6,18,22,23,24,25],"damage_taken":[{"damage":3,"enemies":"Cultist","floor":1,"turns":4},{"damage":0,"enemies":"Small Slimes","floor":3,"turns":5},{"damage":0,"enemies":"2 Louse","floor":5,"turns":5},{"damage":16,"enemies":"Lagavulin","floor":6,"turns":7},{"damage":0,"enemies":"Looter","floor":7,"turns":5},{"damage":9,"enemies":"Exordium Wildlife","floor":11,"turns":5},{"damage":6,"enemies":"3 Sentries","floor":12,"turns":9},{"damage":2,"enemies":"Large Slime","floor":13,"turns":7},{"damage":2,"enemies":"Blue Slaver","floor":14,"turns":4},{"damage":4,"enemies":"Hexaghost","floor":16,"turns":12},{"damage":0,"enemies":"Chosen","floor":18,"turns":6},{"damage":4,"enemies":"Shell Parasite","floor":19,"turns":6},{"damage":20,"enemies":"Snecko","floor":22,"turns":4},{"damage":42,"enemies":"Slavers","floor":23,"turns":6},{"damage":6,"enemies":"Shelled Parasite and Fungi","floor":24,"turns":5},{"damage":19,"enemies":"Book of Stabbing","floor":25,"turns":4}],"seed_played":"-3945450938780872182","potions_obtained":[{"floor":1,"key":"EntropicBrew"},{"floor":5,"key":"Weak Potion"},{"floor":11,"key":"FearPotion"},{"floor":14,"key":"Fire Potion"},{"floor":23,"key":"AttackPotion"},{"floor":24,"key":"FearPotion"}],"is_trial":false,"path_per_floor":["M","?","M","?","M","E","M","R","T","$","M","E","M","M","R","B",null,"M","M","$","?","M","E","M","E"],"character_chosen":"THE_SILENT","items_purchased":["Backstab","Slice","Membership Card","Infinite Blades","Slice","Sadistic Nature"],"campfire_rested":1,"item_purchase_floors":[10,10,20,20,20,20],"current_hp_per_floor":[67,50,50,50,50,34,34,55,65,65,58,54,54,54,54,52,73,75,73,73,73,55,15,11,0],"gold":119,"neow_bonus":"BOSS_RELIC","is_prod":false,"is_daily":false,"chose_seed":false,"campfire_upgraded":1,"win_rate":0,"timestamp":1552260762,"path_taken":["M","?","M","?","M","E","M","R","T","$","?","E","M","M","R","BOSS","M","M","$","?","M","E","M","E"],"build_version":"2019-02-06","purchased_purges":1,"victory":false,"max_hp_per_floor":[70,70,70,70,70,70,70,70,80,80,80,80,80,80,80,80,80,80,80,80,80,80,80,80,80],"card_choices":[{"not_picked":["Poisoned Stab","Predator"],"picked":"Blur","floor":1},{"not_picked":["Poisoned Stab","Dagger Throw"],"picked":"Noxious Fumes","floor":3},{"not_picked":["Tactician","Choke"],"picked":"Leg Sweep","floor":5},{"not_picked":["Outmaneuver","Predator"],"picked":"Backflip","floor":6},{"not_picked":["Skewer","Slice"],"picked":"Crippling Poison","floor":7},{"not_picked":["Backstab","Dagger Spray"],"picked":"Footwork","floor":11},{"not_picked":["Blade Dance","Flying Knee"],"picked":"Dash","floor":12},{"not_picked":["Quick Slash","Grand Finale"],"picked":"Deflect","floor":13},{"not_picked":["Prepared","Deflect"],"picked":"Dash","floor":14},{"not_picked":["Envenom","Wraith Form v2"],"picked":"Malaise","floor":16},{"not_picked":["Dodge and Roll","Flechettes"],"picked":"Bane+1","floor":18},{"not_picked":["Dagger Throw","Deadly Poison+1"],"picked":"Cloak And Dagger+1","floor":19},{"not_picked":["Dagger Spray","Underhanded Strike","Eviscerate+1"],"picked":"SKIP","floor":22},{"not_picked":["Outmaneuver+1","Choke+1"],"picked":"Blade Dance","floor":23},{"not_picked":["Dodge and Roll+1","Flying Knee"],"picked":"Quick Slash+1","floor":24}],"player_experience":620713,"relics_obtained":[{"floor":6,"key":"Matryoshka"},{"floor":9,"key":"Blood Vial"},{"floor":9,"key":"Pear"},{"floor":12,"key":"Pen Nib"},{"floor":23,"key":"Tiny Chest"}],"event_choices":[{"damage_healed":0,"gold_gain":0,"player_choice":"Take Damage","damage_taken":17,"relics_obtained":["Golden Idol"],"max_hp_gain":0,"max_hp_loss":0,"event_name":"Golden Idol","floor":2,"gold_loss":0},{"damage_healed":0,"gold_gain":0,"player_choice":"2 cards matched","damage_taken":0,"max_hp_gain":0,"max_hp_loss":0,"event_name":"Match and Keep!","floor":4,"gold_loss":0,"cards_obtained":["Envenom","Endless Agony"]},{"damage_healed":0,"gold_gain":0,"player_choice":"Stole Relic","damage_taken":0,"relics_obtained":["Vajra"],"max_hp_gain":0,"max_hp_loss":0,"event_name":"Addict","floor":21,"gold_loss":0,"cards_obtained":["Shame"]}],"is_beta":true,"boss_relics":[{"not_picked":["Runic Dome","Calling Bell"],"picked":"WristBlade"}],"items_purged_floors":[20],"is_endless":false,"potions_floor_spawned":[1,5,11,14,23,24],"killed_by":"Book of Stabbing","ascension_level":5}