{"path_per_floor":["M","M","M","$","M","E","$","R","T","M","E","R","?","M","R","B",null,"M","?","?","?","?","R"],"character_chosen":"THE_SILENT","items_purchased":["Deep Breath"],"gold_per_floor":[116,130,143,68,82,111,5,5,59,74,108,108,108,123,123,220,220,240,240,240,240,240,240,240],"floor_reached":24,"campfire_rested":2,"playtime":2024,"current_hp_per_floor":[68,64,63,63,53,25,25,46,46,44,44,65,65,57,57,39,70,42,42,42,42,42,42,0],"items_purged":["Strike_G"],"gold":240,"score":277,"play_id":"3dff7be2-4351-43ca-b201-a5926a8b5f50","local_time":"20180522174126","is_prod":false,"is_daily":false,"chose_seed":false,"is_ascension_mode":true,"campfire_upgraded":2,"timestamp":1527036086,"campfire_choices":[{"floor":8,"key":"REST"},{"floor":12,"key":"REST"},{"data":"Distraction","floor":15,"key":"SMITH"},{"data":"Tools of the Trade","floor":23,"key":"SMITH"}],"path_taken":["M","M","M","$","M","E","$","R","T","M","E","R","?","M","R","BOSS","M","?","?","?","?","R","E"],"build_version":"2018-05-17","seed_source_timestamp":20003465732894,"purchased_purges":1,"victory":false,"master_deck":["Defend_G+1","Defend_G+1","Defend_G+1","Defend_G+1","Defend_G+1","Survivor","Neutralize","Blur","Blade Dance","Dagger Throw","Predator","Backflip","Dagger Spray","Leg Sweep","Underhanded Strike","Adrenaline","Bouncing Flask","Deep Breath+1","Distraction+1","Cloak And Dagger","Bouncing Flask","Tools of the Trade+1","Prepared+1","Bite","Bite","Bite","Bite","Bite"],"max_hp_per_floor":[70,70,70,70,70,70,70,70,70,70,70,70,70,70,70,70,70,70,70,70,70,49,49,49],"relics":["Orrery","Toolbox","Orichalcum","Boot","Lizard Tail","Vajra"],"card_choices":[{"not_picked":["Distraction","Dodge and Roll"],"picked":"Blur","floor":0},{"not_picked":["Terror","Bane"],"picked":"Blade Dance","floor":0},{"not_picked":["Concentrate","Poisoned Stab"],"picked":"Dagger Throw","floor":0},{"not_picked":["Underhanded Strike","Cloak And Dagger"],"picked":"Predator","floor":0},{"not_picked":["Acrobatics","Malaise"],"picked":"Backflip","floor":0},{"not_picked":["Prepared","Poisoned Stab"],"picked":"Dagger Spray","floor":1},{"not_picked":["Deflect","Acrobatics"],"picked":"Leg Sweep","floor":2},{"not_picked":["Calculated Gamble","Dodge and Roll"],"picked":"Underhanded Strike","floor":3},{"not_picked":["Escape Plan","Finisher"],"picked":"Adrenaline","floor":5},{"not_picked":["Deadly Poison","Deflect"],"picked":"Bouncing Flask","floor":6},{"not_picked":["Predator","Dodge and Roll"],"picked":"Distraction","floor":10},{"not_picked":["Dodge and Roll","Escape Plan"],"picked":"Cloak And Dagger","floor":11},{"not_picked":["Slice","Dodge and Roll"],"picked":"Bouncing Flask","floor":14},{"not_picked":["Unload","Night Terror"],"picked":"Tools of the Trade","floor":16},{"not_picked":["Flying Knee","Dagger Spray"],"picked":"Prepared+1","floor":18}],"player_experience":406715,"potions_floor_usage":[10,11,14,18,24],"damage_taken":[{"damage":2,"enemies":"Jaw Worm","floor":1,"turns":5},{"damage":4,"enemies":"Cultist","floor":2,"turns":4},{"damage":1,"enemies":"2 Louse","floor":3,"turns":3},{"damage":10,"enemies":"Red Slaver","floor":5,"turns":5},{"damage":28,"enemies":"Gremlin Nob","floor":6,"turns":5},{"damage":2,"enemies":"Large Slime","floor":10,"turns":8},{"damage":0,"enemies":"3 Sentries","floor":11,"turns":6},{"damage":8,"enemies":"Blue Slaver","floor":14,"turns":3},{"damage":18,"enemies":"The Guardian","floor":16,"turns":9},{"damage":28,"enemies":"Chosen","floor":18,"turns":8},{"damage":94,"enemies":"Slavers","floor":24,"turns":6}],"relics_obtained":[{"floor":6,"key":"Toolbox"},{"floor":9,"key":"Orichalcum"},{"floor":11,"key":"Boot"}],"event_choices":[{"event_name":"Accursed Blacksmith","player_choice":"Forge","floor":13,"damage_taken":0},{"event_name":"Purifier","player_choice":"One Purge","floor":19,"damage_taken":0},{"event_name":"The Mausoleum","player_choice":"Yes","floor":20,"damage_taken":0},{"event_name":"Back to Basics","player_choice":"Simplicity","floor":21,"damage_taken":0},{"event_name":"Vampires","player_choice":"Became a vampire","floor":22,"damage_taken":0}],"boss_relics":[{"not_picked":["Philosopher\u0027s Stone","Calling Bell"],"picked":"Lizard Tail"}],"potions_floor_spawned":[3,5,6,10,16],"seed_played":"6860030895608677641","killed_by":"Slavers","ascension_level":2,"potions_obtained":[{"floor":3,"key":"Block Potion"},{"floor":5,"key":"Block Potion"},{"floor":6,"key":"Dexterity Potion"},{"floor":10,"key":"Ancient Potion"},{"floor":16,"key":"Poison Potion"}],"is_trial":false}