{"gold_per_floor":[113,38,54,74,85,119,119,147,147,147,164,164,178,211,211,330,330,350,350,250,250],"floor_reached":21,"playtime":2623,"items_purged":["Shame","Strike_R"],"score":249,"play_id":"b0033d93-0b08-433d-8a2d-782c781afd9c","local_time":"20180925183039","is_ascension_mode":true,"campfire_choices":[{"data":"Feed","floor":10.0,"key":"SMITH"},{"floor":15.0,"key":"REST"}],"neow_cost":"CURSE","seed_source_timestamp":0,"circlet_count":0,"master_deck":["Strike_R","Strike_R","Strike_R","Defend_R","Defend_R","Defend_R+1","Bash","Heavy Blade","Feed+1","Inflame","Flex","Sentinel","Armaments+1","True Grit","Searing Blow","Feel No Pain","Ghostly Armor","Demon Form","Dark Shackles","Purity","Bandage Up"],"special_seed":0,"relics":["Burning Blood","Dream Catcher","Pen Nib","Blood Vial","Golden Idol","Matryoshka","Mark of Pain"],"potions_floor_usage":[],"damage_taken":[{"damage":0.0,"enemies":"Small Slimes","floor":1.0,"turns":2.0},{"damage":2.0,"enemies":"2 Louse","floor":3.0,"turns":2.0},{"damage":18.0,"enemies":"Jaw Worm","floor":4.0,"turns":4.0},{"damage":8.0,"enemies":"3 Louse","floor":5.0,"turns":3.0},{"damage":8.0,"enemies":"Gremlin Nob","floor":6.0,"turns":3.0},{"damage":31.0,"enemies":"3 Sentries","floor":8.0,"turns":12.0},{"damage":15.0,"enemies":"Exordium Thugs","floor":11.0,"turns":7.0},{"damage":17.0,"enemies":"Exordium Wildlife","floor":13.0,"turns":6.0},{"damage":17.0,"enemies":"Lagavulin","floor":14.0,"turns":5.0},{"damage":39.0,"enemies":"The Guardian","floor":16.0,"turns":12.0},{"damage":20.0,"enemies":"Shell Parasite","floor":18.0,"turns":6.0},{"damage":29,"enemies":"3 Byrds","floor":21,"turns":3}],"seed_played":"-165296291303304342","potions_obtained":[{"floor":1.0,"key":"AttackPotion"},{"floor":3.0,"key":"AttackPotion"},{"floor":4.0,"key":"Energy Potion"},{"floor":13.0,"key":"SpeedPotion"},{"floor":14.0,"key":"Energy Potion"}],"is_trial":false,"path_per_floor":["M","$","M","M","M","E","?","E","T","R","M","?","M","E","R","B",null,"M","?","$"],"character_chosen":"IRONCLAD","items_purchased":[],"campfire_rested":1,"item_purchase_floors":[],"current_hp_per_floor":[83,83,83,74,75,73,55,33,33,33,26,26,21,23,50,19,75,63,27,27,0],"gold":250,"neow_bonus":"TRANSFORM_TWO_CARDS","is_prod":false,"is_daily":false,"chose_seed":false,"campfire_upgraded":1,"win_rate":0,"timestamp":1537925439,"path_taken":["M","$","M","M","M","E","?","E","T","R","M","?","M","E","R","BOSS","M","?","$","M"],"build_version":"2018-09-20","purchased_purges":2,"victory":false,"max_hp_per_floor":[83,83,83,86,89,89,89,92,92,92,92,85,89,93,93,93,93,93,93,93,93],"card_choices":[{"not_picked":["Flex","Infernal Blade"],"picked":"Inflame","floor":1.0},{"not_picked":["Wild Strike","Twin Strike"],"picked":"Flex","floor":3.0},{"not_picked":["Warcry","Reckless Charge"],"picked":"Sentinel","floor":4.0},{"not_picked":["Power Through","Reckless Charge","Thunderclap"],"picked":"SKIP","floor":5.0},{"not_picked":["Body Slam","Blood for Blood"],"picked":"Armaments","floor":6.0},{"not_picked":["Sever Soul","Perfected Strike","Body Slam"],"picked":"SKIP","floor":8.0},{"not_picked":["Thunderclap","Sword Boomerang"],"picked":"True Grit","floor":11.0},{"not_picked":["Thunderclap","Shockwave"],"picked":"Searing Blow","floor":13.0},{"not_picked":["Pommel Strike","Warcry"],"picked":"Feel No Pain","floor":14.0},{"not_picked":["Thunderclap","Cleave"],"picked":"Ghostly Armor","floor":15.0},{"not_picked":["Exhume","Reaper"],"picked":"Demon Form","floor":16.0},{"not_picked":["Cleave","Perfected Strike+1","Clothesline"],"picked":"SKIP","floor":18.0}],"player_experience":807025,"relics_obtained":[{"floor":6.0,"key":"Dream Catcher"},{"floor":8.0,"key":"Pen Nib"},{"floor":9.0,"key":"Blood Vial"},{"floor":14.0,"key":"Matryoshka"}],"event_choices":[{"event_name":"Shining Light","player_choice":"Entered Light","floor":7.0,"damage_taken":0.0},{"event_name":"Golden Idol","player_choice":"Lose Max HP","floor":12.0,"damage_taken":0.0},{"event_name":"Knowing Skull","player_choice":"CARD CARD CARD ","floor":19.0,"damage_taken":0.0}],"is_beta":false,"boss_relics":[{"not_picked":["Cursed Key","Runic Dome"],"picked":"Mark of Pain"}],"items_purged_floors":[2,20],"is_endless":false,"potions_floor_spawned":[1,3,4,13,14],"killed_by":"3 Byrds","ascension_level":5}