{"gold_per_floor":[14,89,103,103,122,122,150,166,166,166,184,201,201,214,214,291,341,356,356,207,226,145,145],"floor_reached":23,"playtime":1253,"items_purged":["Defend_R"],"score":357,"play_id":"9a5505b1-73ee-45a4-a3ea-929360486fef","local_time":"20181221143109","is_ascension_mode":true,"campfire_choices":[{"data":"Clothesline","floor":6,"key":"SMITH"},{"data":"Metallicize","floor":10,"key":"SMITH"},{"floor":15,"key":"REST"}],"neow_cost":"NO_GOLD","seed_source_timestamp":359907360918397,"circlet_count":0,"master_deck":["AscendersBane","Strike_R","Strike_R","Strike_R","Defend_R","Defend_R","Defend_R","Bash","Warcry","Hemokinesis+1","Clothesline+1","Twin Strike","Metallicize+1","Pommel Strike","Shockwave","Shrug It Off","Offering+1","Shrug It Off","Flame Barrier","Disarm","Body Slam","Inflame"],"relics":["Burning Blood","Darkstone Periapt","Matryoshka","Tiny House"],"potions_floor_usage":[7,18,19,23,23],"damage_taken":[{"damage":3,"enemies":"2 Louse","floor":1,"turns":3},{"damage":3,"enemies":"Cultist","floor":3,"turns":3},{"damage":7,"enemies":"Jaw Worm","floor":5,"turns":3},{"damage":31,"enemies":"3 Sentries","floor":7,"turns":8},{"damage":22,"enemies":"Exordium Thugs","floor":8,"turns":4},{"damage":11,"enemies":"Red Slaver","floor":11,"turns":3},{"damage":4,"enemies":"Exordium Wildlife","floor":12,"turns":5},{"damage":10,"enemies":"Blue Slaver","floor":14,"turns":4},{"damage":34,"enemies":"The Guardian","floor":16,"turns":18},{"damage":32,"enemies":"3 Byrds","floor":18,"turns":9},{"damage":25,"enemies":"2 Thieves","floor":21,"turns":4},{"damage":31,"enemies":"Book of Stabbing","floor":23,"turns":9}],"seed_played":"-943951442824805857","potions_obtained":[{"floor":3,"key":"Dexterity Potion"},{"floor":5,"key":"PowerPotion"},{"floor":12,"key":"Weak Potion"},{"floor":16,"key":"BloodPotion"},{"floor":19,"key":"Fruit Juice"},{"floor":19,"key":"SkillPotion"}],"is_trial":false,"path_per_floor":["M","?","M","?","M","R","E","M","T","R","M","M","?","M","R","B",null,"M","?","$","M","$","E"],"character_chosen":"IRONCLAD","items_purchased":["Disarm","Inflame"],"campfire_rested":1,"item_purchase_floors":[20,22],"current_hp_per_floor":[71,60,63,63,62,62,37,21,21,21,16,18,18,14,36,8,63,45,50,50,31,31,0],"gold":145,"neow_bonus":"TRANSFORM_TWO_CARDS","is_prod":false,"is_daily":false,"chose_seed":false,"campfire_upgraded":2,"win_rate":0,"timestamp":1545399069,"path_taken":["M","?","M","?","M","R","E","M","T","R","M","?","?","M","R","BOSS","M","?","$","M","?","E"],"build_version":"2018-12-20","purchased_purges":1,"victory":false,"max_hp_per_floor":[75,75,75,75,75,75,75,75,75,75,75,75,75,75,75,75,80,80,85,85,85,85,85],"card_choices":[{"not_picked":["Warcry","Power Through"],"picked":"Clothesline","floor":1},{"not_picked":["Perfected Strike","Seeing Red"],"picked":"Twin Strike","floor":3},{"not_picked":["Heavy Blade","Corruption","Wild Strike"],"picked":"SKIP","floor":5},{"not_picked":["Perfected Strike","Warcry"],"picked":"Metallicize","floor":7},{"not_picked":["Thunderclap","Body Slam"],"picked":"Pommel Strike","floor":8},{"not_picked":["Limit Break","Rupture"],"picked":"Shockwave","floor":11},{"not_picked":["Warcry","Thunderclap","Flex"],"picked":"SKIP","floor":12},{"not_picked":["Infernal Blade","Metallicize"],"picked":"Shrug It Off","floor":14},{"not_picked":["Reaper","Brutality"],"picked":"Offering","floor":16},{"not_picked":["Dual Wield","Ghostly Armor"],"picked":"Shrug It Off","floor":17},{"not_picked":["Headbutt","Rupture+1"],"picked":"Flame Barrier","floor":18},{"not_picked":["Headbutt","Shrug It Off"],"picked":"Body Slam","floor":21}],"player_experience":999503,"relics_obtained":[{"floor":7,"key":"Darkstone Periapt"},{"floor":9,"key":"Matryoshka"}],"event_choices":[{"damage_healed":0,"gold_gain":75,"player_choice":"Gather Gold","damage_taken":11,"max_hp_gain":0,"max_hp_loss":0,"event_name":"World of Goop","floor":2,"gold_loss":0},{"damage_healed":0,"gold_gain":0,"player_choice":"Upgraded","damage_taken":0,"max_hp_gain":0,"max_hp_loss":0,"event_name":"Upgrade Shrine","floor":4,"gold_loss":0,"cards_upgraded":["Hemokinesis"]},{"damage_healed":0,"gold_gain":0,"player_choice":"Searched \u00270\u0027 times","damage_taken":0,"max_hp_gain":0,"max_hp_loss":0,"event_name":"Dead Adventurer","floor":13,"gold_loss":0},{"damage_healed":0,"gold_gain":0,"player_choice":"Got Potions","damage_taken":0,"max_hp_gain":0,"max_hp_loss":0,"event_name":"Lab","floor":19,"gold_loss":0}],"is_beta":false,"boss_relics":[{"not_picked":["Velvet Choker","Runic Cube"],"picked":"Tiny House"}],"items_purged_floors":[20],"is_endless":false,"potions_floor_spawned":[3,5,12,16,21],"killed_by":"Book of Stabbing","ascension_level":17}