{"gold_per_floor":[116,127,23,33,103,103,132,132,212,226,226,244,279,279,279,355,355,366,366,386,403,3,3,37,37],"floor_reached":25,"playtime":883,"items_purged":[],"score":462,"play_id":"c55ec819-3b7c-4fd4-b80d-12e87b8bcf53","local_time":"20190425134511","is_ascension_mode":true,"campfire_choices":[{"data":"Poisoned Stab","floor":6,"key":"SMITH"},{"data":"Neutralize","floor":8,"key":"SMITH"},{"data":"Noxious Fumes","floor":11,"key":"SMITH"},{"floor":15,"key":"REST"},{"floor":23,"key":"REST"}],"neow_cost":"NONE","seed_source_timestamp":12658717710861,"circlet_count":0,"master_deck":["AscendersBane","Defend_G","Defend_G","Defend_G","Defend_G","Defend_G","Strike_G","Strike_G","Strike_G","Strike_G","Strike_G","Survivor","Neutralize+1","Noxious Fumes+1","Flying Knee","Poisoned Stab+1","Bane+1","Crippling Poison+1","Bane+1","Poisoned Stab+1","After Image+1","Caltrops+1","Dodge and Roll+1","After Image+1","Dagger Spray+1","Glass Knife+1"],"relics":["Ring of the Snake","Boot","Molten Egg 2","Frozen Egg 2","Regal Pillow","Runic Pyramid","Nloth\u0027s Gift","FossilizedHelix","Tingsha"],"potions_floor_usage":[7,7,13,20,20,25],"damage_taken":[{"damage":9,"enemies":"Cultist","floor":1,"turns":6},{"damage":1,"enemies":"2 Louse","floor":2,"turns":4},{"damage":4,"enemies":"Jaw Worm","floor":4,"turns":4},{"damage":21,"enemies":"Gremlin Nob","floor":7,"turns":5},{"damage":10,"enemies":"3 Louse","floor":10,"turns":4},{"damage":0,"enemies":"2 Fungi Beasts","floor":12,"turns":2},{"damage":15,"enemies":"Lagavulin","floor":13,"turns":5},{"damage":14,"enemies":"Hexaghost","floor":16,"turns":8},{"damage":12,"enemies":"Shell Parasite","floor":18,"turns":5},{"damage":8,"enemies":"2 Thieves","floor":20,"turns":4},{"damage":5,"enemies":"Snecko","floor":21,"turns":5},{"damage":73,"enemies":"Book of Stabbing","floor":24,"turns":7},{"damage":3,"enemies":"Chosen and Byrds","floor":25,"turns":4}],"seed_played":"8782167034987300401","potions_obtained":[{"floor":2,"key":"GhostInAJar"},{"floor":7,"key":"Strength Potion"},{"floor":12,"key":"Poison Potion"},{"floor":18,"key":"AttackPotion"},{"floor":21,"key":"EssenceOfSteel"}],"is_trial":false,"path_per_floor":["M","M","$","M","T","R","E","R","T","M","R","M","E","?","R","B",null,"M","?","M","M","$","R","E","M"],"character_chosen":"THE_SILENT","items_purchased":["Poisoned Stab","Block Potion","FossilizedHelix","Dagger Spray+1"],"campfire_rested":2,"item_purchase_floors":[3,3,22,22],"current_hp_per_floor":[50,49,49,45,45,45,24,24,34,24,24,24,9,9,46,32,65,53,53,45,40,40,76,3,0],"gold":37,"neow_bonus":"RANDOM_COMMON_RELIC","is_prod":false,"is_daily":false,"chose_seed":false,"campfire_upgraded":3,"win_rate":0,"timestamp":1556192711,"path_taken":["M","?","$","M","?","R","E","R","T","?","R","M","E","?","R","BOSS","M","?","?","M","$","R","E","M"],"build_version":"2019-01-23","purchased_purges":0,"victory":false,"max_hp_per_floor":[66,66,66,66,66,66,66,66,76,76,76,76,76,76,76,76,76,76,76,76,76,76,76,76,76],"card_choices":[{"not_picked":["Underhanded Strike","Acrobatics"],"picked":"Noxious Fumes","floor":1},{"not_picked":["Cloak And Dagger","Deflect"],"picked":"Flying Knee","floor":2},{"not_picked":["Underhanded Strike","Slice","Flying Knee"],"picked":"SKIP","floor":4},{"not_picked":["Sucker Punch+1","Reflex"],"picked":"Bane+1","floor":7},{"not_picked":["Endless Agony+1","Burst"],"picked":"Crippling Poison","floor":10},{"not_picked":["Slice+1","Eviscerate+1"],"picked":"Bane+1","floor":12},{"not_picked":["Bane+1","Acrobatics"],"picked":"Poisoned Stab+1","floor":13},{"not_picked":["Die Die Die+1","Corpse Explosion"],"picked":"After Image+1","floor":16},{"not_picked":["Choke+1","Infinite Blades+1"],"picked":"Caltrops+1","floor":18},{"not_picked":["Backflip","Flying Knee+1"],"picked":"Dodge and Roll+1","floor":20},{"not_picked":["Deadly Poison+1","Slice+1"],"picked":"After Image+1","floor":21},{"not_picked":["Quick Slash+1","Prepared"],"picked":"Glass Knife+1","floor":24}],"player_experience":1452982,"relics_obtained":[{"floor":5,"key":"Molten Egg 2"},{"floor":7,"key":"Frozen Egg 2"},{"floor":9,"key":"Pear"},{"floor":13,"key":"Regal Pillow"},{"floor":24,"key":"Tingsha"}],"event_choices":[{"damage_healed":0,"gold_gain":0,"player_choice":"Grow","damage_taken":0,"max_hp_gain":0,"max_hp_loss":0,"event_name":"Living Wall","floor":14,"gold_loss":0,"cards_upgraded":["Crippling Poison"]},{"damage_healed":0,"gold_gain":0,"player_choice":"Traded Relic","damage_taken":0,"relics_obtained":["Nloth\u0027s Gift"],"max_hp_gain":0,"max_hp_loss":0,"event_name":"N\u0027loth","floor":19,"relics_lost":["Pear"],"gold_loss":0}],"is_beta":false,"boss_relics":[{"not_picked":["Tiny House","WristBlade"],"picked":"Runic Pyramid"}],"items_purged_floors":[],"is_endless":false,"potions_floor_spawned":[2,7,12,18,21],"killed_by":"Chosen and Byrds","ascension_level":20}