{"gold_per_floor":[114,189,207,220,145,180,180,192,192,220,235,235,255,267,267,369,369,381,399,247,257,118,118,132,132,156,176,22,22,22],"floor_reached":30,"playtime":2537,"items_purged":["Strike_B","Strike_B"],"score":415,"play_id":"ccb6d788-4ebf-4fa6-a1dc-f1db2e5859e1","local_time":"20190419173020","is_ascension_mode":true,"campfire_choices":[{"data":"Zap","floor":7,"key":"SMITH"},{"floor":12,"key":"REST"},{"data":"Dualcast","floor":15,"key":"SMITH"},{"data":"Defragment","floor":23,"key":"SMITH"}],"neow_cost":"NONE","seed_source_timestamp":14400464146668,"circlet_count":0,"master_deck":["AscendersBane","Strike_B","Strike_B","Defend_B","Defend_B","Defend_B","Defend_B","Zap+1","Dualcast+1","Conserve Battery","Ball Lightning","Cold Snap","Leap","Ball Lightning","Skim","Ball Lightning","Electrodynamics","Go for the Eyes+1","Chill","Leap","Seek","Defragment+1","Conserve Battery","Ball Lightning","Conserve Battery","Defragment"],"relics":["Cracked Core","Dream Catcher","Pantograph","Emotion Chip","Sozu","Nilry\u0027s Codex","PreservedInsect","Strawberry"],"potions_floor_usage":[6,6],"damage_taken":[{"damage":0,"enemies":"2 Louse","floor":1,"turns":2},{"damage":6,"enemies":"Cultist","floor":3,"turns":4},{"damage":1,"enemies":"Small Slimes","floor":4,"turns":3},{"damage":18,"enemies":"Gremlin Nob","floor":6,"turns":4},{"damage":7,"enemies":"Exordium Wildlife","floor":8,"turns":4},{"damage":19,"enemies":"3 Sentries","floor":10,"turns":8},{"damage":3,"enemies":"Exordium Thugs","floor":11,"turns":4},{"damage":11,"enemies":"3 Louse","floor":13,"turns":3},{"damage":0,"enemies":"Exordium Wildlife","floor":14,"turns":2},{"damage":21,"enemies":"The Guardian","floor":16,"turns":8},{"damage":10,"enemies":"3 Byrds","floor":18,"turns":4},{"damage":11,"enemies":"Spheric Guardian","floor":19,"turns":3},{"damage":10,"enemies":"Snecko","floor":21,"turns":5},{"damage":0,"enemies":"Centurion and Healer","floor":24,"turns":5},{"damage":15,"enemies":"Snake Plant","floor":27,"turns":3},{"damage":0,"enemies":"Snecko","floor":30,"turns":1}],"seed_played":"3017724116190439826","potions_obtained":[{"floor":1,"key":"AttackPotion"},{"floor":3,"key":"Weak Potion"},{"floor":10,"key":"Ancient Potion"},{"floor":16,"key":"Explosive Potion"}],"is_trial":false,"path_per_floor":["M","?","M","M","$","E","R","M","T","E","M","R","M","M","R","B",null,"M","M","$","M","$","R","M","?","T","M","$","?","M"],"character_chosen":"DEFECT","items_purchased":["Leap","Defragment","Conserve Battery","Ball Lightning","Strawberry"],"campfire_rested":1,"item_purchase_floors":[20,22,22,22,28],"current_hp_per_floor":[75,67,61,60,60,42,42,35,35,16,13,37,26,26,26,30,69,59,48,48,38,38,38,38,22,22,7,14,14,14],"gold":22,"neow_bonus":"TEN_PERCENT_HP_BONUS","is_prod":false,"is_daily":false,"chose_seed":false,"campfire_upgraded":3,"win_rate":0,"timestamp":1555705820,"path_taken":["M","?","?","M","$","E","R","M","T","E","M","R","M","M","R","BOSS","M","M","$","M","$","R","M","?","T","M","$","?","?"],"build_version":"2019-01-23","purchased_purges":2,"victory":false,"max_hp_per_floor":[82,82,82,82,82,82,82,82,82,82,82,82,82,82,82,82,82,82,82,82,82,82,82,82,82,82,82,89,89,89],"card_choices":[{"not_picked":["Doom and Gloom","Coolheaded"],"picked":"Conserve Battery","floor":1},{"not_picked":["Redo","Force Field","Go for the Eyes"],"picked":"SKIP","floor":3},{"not_picked":["Heatsinks","Redo"],"picked":"Ball Lightning","floor":4},{"not_picked":["Capacitor","Force Field"],"picked":"Cold Snap","floor":6},{"not_picked":["Rebound","Barrage"],"picked":"Leap","floor":8},{"not_picked":["Aggregate","Compile Driver"],"picked":"Ball Lightning","floor":10},{"not_picked":["Force Field","Turbo"],"picked":"Skim","floor":11},{"not_picked":["Streamline","Barrage"],"picked":"Ball Lightning","floor":12},{"not_picked":["Redo","Gash","Multi-Cast"],"picked":"SKIP","floor":13},{"not_picked":["Fusion","Static Discharge","Rebound"],"picked":"SKIP","floor":14},{"not_picked":["Rainbow","Echo Form"],"picked":"Electrodynamics","floor":16},{"not_picked":["Barrage","Rebound"],"picked":"Go for the Eyes+1","floor":18},{"not_picked":["Gash","Beam Cell"],"picked":"Chill","floor":19},{"not_picked":["Cold Snap","Leap"],"picked":"Seek","floor":21},{"not_picked":["Rebound","Steam"],"picked":"Conserve Battery","floor":24},{"not_picked":["Aggregate","Steam"],"picked":"Defragment","floor":27}],"player_experience":671543,"relics_obtained":[{"floor":6,"key":"Dream Catcher"},{"floor":9,"key":"Pantograph"},{"floor":10,"key":"Emotion Chip"},{"floor":25,"key":"Nilry\u0027s Codex"},{"floor":26,"key":"PreservedInsect"}],"event_choices":[{"damage_healed":0,"gold_gain":75,"player_choice":"Touch","damage_taken":8,"max_hp_gain":0,"max_hp_loss":0,"event_name":"FaceTrader","floor":2,"gold_loss":0},{"damage_healed":0,"gold_gain":0,"player_choice":"Obtained Book","damage_taken":16,"max_hp_gain":0,"max_hp_loss":0,"event_name":"Cursed Tome","floor":25,"gold_loss":0},{"damage_healed":0,"gold_gain":0,"player_choice":"Ignored","damage_taken":0,"max_hp_gain":0,"max_hp_loss":0,"event_name":"Ghosts","floor":29,"gold_loss":0}],"is_beta":false,"boss_relics":[{"not_picked":["Nuclear Battery","Busted Crown"],"picked":"Sozu"}],"items_purged_floors":[5,20],"is_endless":false,"potions_floor_spawned":[1,3,4,10,16,18,24],"killed_by":"Snecko","ascension_level":12}