{"path_per_floor":["M","$","?","?","M","?","R","M","T","M","E","M","R","M","R","B",null,"M","M","?","?","?","E","$","M","T","M"],"character_chosen":"DEFECT","items_purchased":["Genetic Algorithm","Defragment","Bottled Lightning"],"gold_per_floor":[119,2,2,2,16,16,16,34,58,73,106,119,119,133,133,256,256,281,302,302,302,302,335,0,14,14,24,24],"floor_reached":28,"campfire_rested":1,"playtime":1634,"current_hp_per_floor":[69,69,69,54,53,35,35,33,33,33,20,17,39,39,39,24,75,75,74,58,58,58,22,22,12,12,6,0],"items_purged":["Writhe"],"gold":24,"score":240,"play_id":"5dafd01b-21b0-4674-a44d-32e6264e2f9f","local_time":"20180506105058","is_prod":false,"is_daily":false,"chose_seed":false,"is_ascension_mode":false,"campfire_upgraded":2,"timestamp":1525629058,"path_taken":["M","$","?","?","M","?","R","M","T","M","E","M","R","?","R","BOSS","M","M","?","?","?","E","$","M","T","M","E"],"build_version":"2018-05-03","seed_source_timestamp":921844747517734,"purchased_purges":1,"victory":false,"master_deck":["Strike_B","Strike_B","Strike_B","Strike_B","Defend_B","Defend_B","Defend_B","Defend_B","Zap+1","Dualcast+1","Scrape+1","Genetic Algorithm","Defragment+1","Glacier","Capacitor","Tempest","Multi-Cast","Static Discharge","Chill+1","Hyperbeam","Aggregate","FTL","Defragment","Go for the Eyes+1"],"max_hp_per_floor":[75,75,75,75,75,75,75,75,75,75,75,75,75,75,75,75,75,75,75,75,75,75,75,75,75,75,75,75],"relics":["Cracked Core","Bloody Idol","DataDisk","Blood Vial","Runic Pyramid","Pen Nib","Regal Pillow","Bottled Lightning","Cables"],"card_choices":[{"not_picked":["Force Field","Axe Kick"],"picked":"Scrape","floor":1},{"not_picked":["Axe Kick","Hologram"],"picked":"Glacier","floor":5},{"not_picked":["Impulse","Hologram"],"picked":"Capacitor","floor":8},{"not_picked":["Rebound","Barrage"],"picked":"Tempest","floor":10},{"not_picked":["Hologram","Sweeping Beam"],"picked":"Multi-Cast","floor":11},{"not_picked":["Impulse","Hologram"],"picked":"Static Discharge","floor":12},{"not_picked":["Sweeping Beam","Capacitor"],"picked":"Chill","floor":14},{"not_picked":["Echo Form","Creative AI"],"picked":"Hyperbeam","floor":16},{"not_picked":["Skim","Turbo"],"picked":"Aggregate","floor":18},{"not_picked":["Reinforced Body","Barrage"],"picked":"FTL","floor":23},{"not_picked":["Skim","Aggregate"],"picked":"Defragment","floor":25},{"not_picked":["Multi-Cast","Cold Snap"],"picked":"Go for the Eyes","floor":27}],"player_experience":46316,"potions_floor_usage":[10,11,12,19,23,23,27],"damage_taken":[{"damage":6,"enemies":"2 Louse","floor":1,"turns":3},{"damage":1,"enemies":"Jaw Worm","floor":5,"turns":3},{"damage":2,"enemies":"Small Slimes","floor":8,"turns":3},{"damage":0,"enemies":"2 Fungi Beasts","floor":10,"turns":2},{"damage":13,"enemies":"Lagavulin","floor":11,"turns":4},{"damage":5,"enemies":"Large Slime","floor":12,"turns":4},{"damage":2,"enemies":"Exordium Thugs","floor":14,"turns":4},{"damage":17,"enemies":"The Guardian","floor":16,"turns":10},{"damage":0,"enemies":"Chosen","floor":18,"turns":3},{"damage":1,"enemies":"3 Byrds","floor":19,"turns":6},{"damage":43,"enemies":"Gremlin Leader","floor":23,"turns":8},{"damage":17,"enemies":"Snecko","floor":25,"turns":5},{"damage":13,"enemies":"3 Cultists","floor":27,"turns":5},{"damage":8,"enemies":"Book of Stabbing","floor":28,"turns":2}],"event_choices":[{"event_name":"The Cleric","player_choice":"Leave","floor":3,"damage_taken":0},{"event_name":"Shining Light","player_choice":"Entered Light","floor":4,"damage_taken":0},{"event_name":"Golden Idol","player_choice":"Take Damage","floor":6,"damage_taken":0},{"event_name":"Cursed Tome","player_choice":"Obtained Book","floor":20,"damage_taken":0},{"event_name":"The Mausoleum","player_choice":"Yes","floor":21,"damage_taken":0},{"event_name":"Forgotten Altar","player_choice":"Gave Idol","floor":22,"damage_taken":0}],"boss_relics":[{"not_picked":["Lizard Tail","Snecko Eye"],"picked":"Runic Pyramid"}],"potions_floor_spawned":[1,5,11,14,16,19,23],"seed_played":"-8726058712203398439","killed_by":"Book of Stabbing","ascension_level":0,"is_trial":false}