{"gold_per_floor":[111,111,123,142,153,153,188,188,262,295,295,309,384,61,61,61],"floor_reached":16,"playtime":674,"items_purged":[],"score":171,"play_id":"59931863-19c1-4744-8575-846013a2901b","local_time":"20190127034754","is_ascension_mode":true,"campfire_choices":[{"data":"Body Slam","floor":6,"key":"SMITH"},{"data":"Reaper","floor":11,"key":"SMITH"},{"floor":15,"key":"REST"}],"neow_cost":"NONE","seed_source_timestamp":1424023741904072,"circlet_count":0,"master_deck":["AscendersBane","Strike_R","Strike_R","Strike_R","Strike_R","Strike_R","Defend_R","Defend_R","Defend_R","Bash","Reaper+1","Shrug It Off","Rupture","Flex","Body Slam+1","Warcry","Parasite","Burning Pact","Evolve","Infernal Blade"],"relics":["Burning Blood","Dead Branch","Meat on the Bone","Bag of Preparation","Frozen Egg 2"],"potions_floor_usage":[10],"damage_taken":[{"damage":12,"enemies":"Small Slimes","floor":1,"turns":3},{"damage":8,"enemies":"Jaw Worm","floor":3,"turns":6},{"damage":0,"enemies":"2 Louse","floor":4,"turns":3},{"damage":24,"enemies":"2 Fungi Beasts","floor":5,"turns":6},{"damage":44,"enemies":"3 Sentries","floor":7,"turns":12},{"damage":27,"enemies":"Gremlin Nob","floor":10,"turns":5},{"damage":38,"enemies":"Large Slime","floor":12,"turns":6},{"damage":45,"enemies":"The Guardian","floor":16,"turns":10}],"seed_played":"-5637880351934758125","potions_obtained":[{"floor":3,"key":"Ancient Potion"},{"floor":4,"key":"Weak Potion"}],"is_trial":false,"path_per_floor":["M","?","M","M","M","R","E","?","T","E","R","M","?","$","R","B"],"character_chosen":"IRONCLAD","items_purchased":["Infernal Blade","Frozen Egg 2"],"campfire_rested":1,"item_purchase_floors":[14,14],"current_hp_per_floor":[70,63,61,73,62,62,42,62,62,53,53,33,22,22,46,1],"gold":61,"neow_bonus":"ONE_RANDOM_RARE_CARD","is_prod":false,"is_daily":false,"chose_seed":false,"campfire_upgraded":2,"win_rate":0,"timestamp":1548560874,"path_taken":["M","?","M","M","M","R","E","?","T","E","R","M","?","$","R","BOSS"],"build_version":"2019-01-23","purchased_purges":0,"victory":false,"max_hp_per_floor":[80,80,80,80,80,80,80,80,80,80,80,80,80,80,80,80],"card_choices":[{"not_picked":["Clothesline","Heavy Blade"],"picked":"Shrug It Off","floor":1},{"not_picked":["Clothesline","Iron Wave"],"picked":"Rupture","floor":3},{"not_picked":["Impervious","Cleave"],"picked":"Flex","floor":4},{"not_picked":["Heavy Blade","Clothesline"],"picked":"Body Slam","floor":5},{"not_picked":["Armaments","Double Tap"],"picked":"Warcry","floor":7},{"not_picked":["Dual Wield","Shrug It Off"],"picked":"Burning Pact","floor":10},{"not_picked":["Iron Wave","Clash"],"picked":"Evolve","floor":12}],"player_experience":488678,"relics_obtained":[{"floor":7,"key":"Dead Branch"},{"floor":9,"key":"Meat on the Bone"},{"floor":10,"key":"Bag of Preparation"}],"event_choices":[{"cards_removed":["Defend_R"],"damage_healed":0,"gold_gain":0,"player_choice":"Card Removal","damage_taken":7,"max_hp_gain":0,"max_hp_loss":0,"event_name":"Golden Wing","floor":2,"gold_loss":0},{"damage_healed":20,"gold_gain":0,"player_choice":"Healed and dodged fight","damage_taken":0,"max_hp_gain":0,"max_hp_loss":0,"event_name":"Mushrooms","floor":8,"gold_loss":0,"cards_obtained":["Parasite"]},{"damage_healed":0,"gold_gain":75,"player_choice":"Gather Gold","damage_taken":11,"max_hp_gain":0,"max_hp_loss":0,"event_name":"World of Goop","floor":13,"gold_loss":0}],"is_beta":true,"boss_relics":[],"items_purged_floors":[],"is_endless":false,"potions_floor_spawned":[3,4],"killed_by":"The Guardian","ascension_level":11}