{"gold_per_floor":[110,128,53,65,65,65,85,101,101,101,112,127,127,155,155,251,251,270,124,143,143],"floor_reached":21,"playtime":1014,"items_purged":["Strike_B","Thunder Strike"],"score":183,"play_id":"4d6acecb-be84-40ec-ae25-500b1016f261","local_time":"20190128070504","is_ascension_mode":false,"campfire_choices":[{"data":"Coolheaded","floor":6,"key":"SMITH"},{"floor":15,"key":"REST"}],"neow_cost":"NONE","seed_source_timestamp":1521916618862473,"circlet_count":0,"master_deck":["Zap","Dualcast","Coolheaded+1","BootSequence+1","White Noise+1","Fusion","Rebound","Heatsinks","Reprogram","Chill","Tempest","Coolheaded"],"relics":["Cracked Core","NeowsBlessing","Singing Bowl","Pen Nib","Bottled Lightning","Pandora\u0027s Box"],"potions_floor_usage":[14,16,21],"damage_taken":[{"damage":0,"enemies":"2 Louse","floor":1,"turns":1},{"damage":0,"enemies":"Cultist","floor":2,"turns":1},{"damage":0,"enemies":"Small Slimes","floor":4,"turns":1},{"damage":12,"enemies":"2 Fungi Beasts","floor":7,"turns":5},{"damage":1,"enemies":"3 Louse","floor":8,"turns":3},{"damage":14,"enemies":"Gremlin Gang","floor":11,"turns":7},{"damage":6,"enemies":"Exordium Wildlife","floor":12,"turns":6},{"damage":16,"enemies":"Lagavulin","floor":14,"turns":5},{"damage":29,"enemies":"The Guardian","floor":16,"turns":15},{"damage":32,"enemies":"3 Byrds","floor":18,"turns":5},{"damage":21,"enemies":"Shell Parasite","floor":20,"turns":9},{"damage":16,"enemies":"3 Cultists","floor":21,"turns":4}],"seed_played":"-7798006186222443124","potions_obtained":[{"floor":1,"key":"PowerPotion"},{"floor":2,"key":"Swift Potion"},{"floor":7,"key":"FocusPotion"},{"floor":20,"key":"Dexterity Potion"}],"is_trial":false,"path_per_floor":["M","M","$","M","?","R","M","M","T","?","M","M","?","E","R","B",null,"M","$","M","M"],"character_chosen":"DEFECT","items_purchased":["Coolheaded"],"campfire_rested":1,"item_purchase_floors":[19],"current_hp_per_floor":[75,75,75,75,75,75,63,62,62,47,35,31,31,15,38,11,81,51,51,32,16],"gold":143,"neow_bonus":"THREE_ENEMY_KILL","is_prod":false,"is_daily":false,"chose_seed":false,"campfire_upgraded":1,"win_rate":0,"timestamp":1548659104,"path_taken":["M","M","$","M","?","R","M","M","T","?","M","M","?","E","R","BOSS","M","$","M","M"],"build_version":"2019-01-23","purchased_purges":2,"victory":false,"max_hp_per_floor":[75,75,75,75,75,75,75,75,75,75,77,79,79,79,79,81,81,83,83,85,85],"card_choices":[{"not_picked":["FTL","Rebound","Force Field"],"picked":"SKIP","floor":1},{"not_picked":["Streamline","Cold Snap"],"picked":"Coolheaded","floor":2},{"not_picked":["Rip and Tear","Go for the Eyes","Loop"],"picked":"SKIP","floor":4},{"not_picked":["Steam Power","Genetic Algorithm"],"picked":"BootSequence","floor":7},{"not_picked":["Gash","Double Energy"],"picked":"White Noise","floor":8},{"not_picked":["Double Energy","Sunder","Hologram"],"picked":"Singing Bowl","floor":11},{"not_picked":["Compile Driver","Reinforced Body","Recycle"],"picked":"Singing Bowl","floor":12},{"not_picked":["Redo","Conserve Battery"],"picked":"Fusion","floor":14},{"not_picked":["Seek","Reboot","Echo Form"],"picked":"Singing Bowl","floor":16},{"not_picked":["Redo","Cold Snap+1","Beam Cell+1"],"picked":"Singing Bowl","floor":18},{"not_picked":["Conserve Battery","Coolheaded","Leap"],"picked":"Singing Bowl","floor":20}],"player_experience":502630,"relics_obtained":[{"floor":9,"key":"Singing Bowl"},{"floor":14,"key":"Bottled Lightning"}],"event_choices":[{"cards_removed":["Defend_B"],"damage_healed":0,"gold_gain":0,"player_choice":"Forget","damage_taken":0,"max_hp_gain":0,"max_hp_loss":0,"event_name":"Living Wall","floor":5,"gold_loss":0},{"damage_healed":0,"gold_gain":0,"player_choice":"Entered Light","damage_taken":15,"max_hp_gain":0,"max_hp_loss":0,"event_name":"Shining Light","floor":10,"gold_loss":0,"cards_upgraded":["BootSequence","White Noise"]},{"damage_healed":0,"gold_gain":0,"player_choice":"Gave Potion","damage_taken":0,"relics_obtained":["Pen Nib"],"max_hp_gain":0,"max_hp_loss":0,"event_name":"WeMeetAgain","floor":13,"gold_loss":0}],"is_beta":true,"boss_relics":[{"not_picked":["Inserter","Philosopher\u0027s Stone"],"picked":"Pandora\u0027s Box"}],"items_purged_floors":[3,19],"is_endless":false,"potions_floor_spawned":[1,2,7,11,14,20],"killed_by":"3 Cultists","ascension_level":0}