{"path_per_floor":["M","$","?","?","?","E","M","R","T","?","R","M","R","M","R","B",null,"M","?"],"character_chosen":"IRONCLAD","items_purchased":["Thunderclap"],"gold_per_floor":[110,9,9,9,9,40,51,51,77,37,37,54,54,74,74,172,172,192,218,143],"floor_reached":20,"campfire_rested":2,"playtime":702,"item_purchase_floors":[2],"current_hp_per_floor":[80,80,68,68,68,11,10,34,34,34,58,63,63,55,55,54,80,63,24,0],"items_purged":["Strike_R"],"gold":143,"score":264,"play_id":"1ee5d9c5-0d61-4cba-b61a-d5cd89b0674a","local_time":"20180608204213","is_prod":false,"is_daily":false,"chose_seed":false,"is_ascension_mode":true,"campfire_upgraded":2,"win_rate":0,"timestamp":1528486933,"campfire_choices":[{"floor":8,"key":"REST"},{"floor":11,"key":"REST"},{"data":"Dual Wield","floor":13,"key":"SMITH"},{"data":"Bash","floor":15,"key":"SMITH"}],"path_taken":["M","$","?","?","?","E","M","R","T","?","R","M","R","?","R","BOSS","M","?","M"],"build_version":"2018-06-07v2","seed_source_timestamp":2282758184089657,"purchased_purges":1,"victory":false,"master_deck":["Strike_R","Strike_R","Strike_R","Strike_R","Defend_R","Defend_R","Defend_R","Defend_R","Bash+1","Iron Wave","Thunderclap","Regret","Inflame+1","Thunderclap","Pummel","Dual Wield+1","Demon Form+1","Warcry+1","Spot Weakness"],"max_hp_per_floor":[80,80,80,80,80,80,80,80,80,80,80,80,80,80,80,80,80,80,80,80],"relics":["Burning Blood","Torii","Dead Branch","Frozen Egg 2","Dream Catcher","Runic Pyramid","Red Mask"],"card_choices":[{"not_picked":["Havoc","Body Slam"],"picked":"Iron Wave","floor":1},{"not_picked":["Armaments","Hemokinesis"],"picked":"Inflame","floor":6},{"not_picked":["True Grit","Iron Wave"],"picked":"Thunderclap","floor":7},{"not_picked":["Searing Blow","Heavy Blade"],"picked":"Pummel","floor":11},{"not_picked":["Pommel Strike","Iron Wave"],"picked":"Dual Wield","floor":12},{"not_picked":["Thunderclap","Pommel Strike","Twin Strike"],"picked":"SKIP","floor":14},{"not_picked":["Double Tap","Brutality+1"],"picked":"Demon Form+1","floor":16},{"not_picked":["Rampage","Armaments"],"picked":"Warcry+1","floor":18},{"not_picked":["Combust+1","Iron Wave+1"],"picked":"Spot Weakness","floor":19}],"player_experience":245289,"potions_floor_usage":[16,18,18],"damage_taken":[{"damage":4,"enemies":"Small Slimes","floor":1,"turns":5},{"damage":63,"enemies":"Gremlin Nob","floor":6,"turns":6},{"damage":7,"enemies":"Jaw Worm","floor":7,"turns":6},{"damage":1,"enemies":"2 Louse","floor":12,"turns":3},{"damage":14,"enemies":"Large Slime","floor":14,"turns":5},{"damage":7,"enemies":"Slime Boss","floor":16,"turns":5},{"damage":23,"enemies":"3 Byrds","floor":18,"turns":5},{"damage":45,"floor":19,"turns":6},{"damage":46,"enemies":"2 Thieves","floor":20,"turns":3}],"relics_obtained":[{"floor":6,"key":"Frozen Egg 2"},{"floor":9,"key":"Dream Catcher"},{"floor":19,"key":"Red Mask"}],"event_choices":[{"event_name":"Scrap Ooze","player_choice":"success","floor":3,"damage_taken":12},{"event_name":"The Cleric","player_choice":"Leave","floor":4,"damage_taken":0},{"event_name":"Big Fish","player_choice":"Box","floor":5,"damage_taken":0},{"event_name":"The Woman in Blue","player_choice":"Bought 3 Potions","floor":10,"damage_taken":0},{"event_name":"Masked Bandits","player_choice":"Fought over 192 gold","floor":19,"damage_taken":0}],"boss_relics":[{"not_picked":["Snecko Eye","Ectoplasm"],"picked":"Runic Pyramid"}],"items_purged_floors":[2],"potions_floor_spawned":[12,16],"seed_played":"-1883179118241760606","killed_by":"2 Thieves","ascension_level":4,"potions_obtained":[{"floor":10,"key":"FairyPotion"},{"floor":10,"key":"EssenceOfSteel"},{"floor":10,"key":"Energy Potion"},{"floor":16,"key":"GamblersBrew"}],"is_trial":false}