{"gold_per_floor":[14,14,14,14,14,14,27,27,27,39,53,70,70,20,20,20],"floor_reached":16,"playtime":424,"items_purged":[],"score":135,"play_id":"be0b2045-da06-4157-b5f5-15b6f05d1d89","local_time":"20190129031420","is_ascension_mode":true,"campfire_choices":[{"data":"Sucker Punch","floor":6,"key":"SMITH"},{"data":"Neutralize","floor":8,"key":"SMITH"},{"data":"Concentrate","floor":15,"key":"SMITH"}],"neow_cost":"NO_GOLD","seed_source_timestamp":1595066736811942,"circlet_count":0,"master_deck":["AscendersBane","Defend_G","Defend_G","Defend_G","Defend_G","Strike_G","Strike_G","Strike_G","Strike_G","Survivor","Neutralize+1","Adrenaline","Expertise","Sucker Punch+1","Heel Hook","Concentrate+1"],"relics":["Ring of the Snake","Boot","Singing Bowl"],"potions_floor_usage":[],"damage_taken":[{"damage":5,"enemies":"Small Slimes","floor":1,"turns":6},{"damage":0,"enemies":"2 Louse","floor":7,"turns":2},{"damage":0,"enemies":"Cultist","floor":10,"turns":3},{"damage":0,"enemies":"Red Slaver","floor":11,"turns":5},{"damage":0,"enemies":"Looter","floor":12,"turns":2},{"damage":60,"enemies":"Slime Boss","floor":16,"turns":10}],"seed_played":"-8053947888845893715","potions_obtained":[{"floor":10,"key":"LiquidBronze"}],"is_trial":false,"path_per_floor":["M","?","$","?","$","R","M","R","T","M","M","M","$","?","R","B"],"character_chosen":"THE_SILENT","items_purchased":[],"campfire_rested":0,"item_purchase_floors":[],"current_hp_per_floor":[58,51,51,51,51,51,51,51,51,51,51,53,53,53,53,0],"gold":20,"neow_bonus":"THREE_RARE_CARDS","is_prod":false,"is_daily":false,"chose_seed":false,"campfire_upgraded":3,"win_rate":0,"timestamp":1548731660,"path_taken":["M","?","$","?","$","R","M","R","T","M","?","M","?","?","R","BOSS"],"build_version":"2019-01-23","purchased_purges":0,"victory":false,"max_hp_per_floor":[70,70,70,70,70,70,70,70,70,70,70,72,72,72,72,72],"card_choices":[{"not_picked":["Phantasmal Killer","Tools of the Trade"],"picked":"Adrenaline","floor":0},{"not_picked":["Blade Dance","Cloak And Dagger"],"picked":"Expertise","floor":1},{"not_picked":["Reflex","Accuracy","Deadly Poison"],"picked":"SKIP","floor":7},{"not_picked":["Skewer","Poisoned Stab"],"picked":"Heel Hook","floor":10},{"not_picked":["Quick Slash","Cloak And Dagger"],"picked":"Concentrate","floor":11},{"not_picked":["Leg Sweep","Dagger Spray","Acrobatics"],"picked":"Singing Bowl","floor":12}],"player_experience":510663,"relics_obtained":[{"floor":9,"key":"Singing Bowl"}],"event_choices":[{"damage_healed":0,"gold_gain":0,"player_choice":"Success","damage_taken":7,"relics_obtained":["Boot"],"max_hp_gain":0,"max_hp_loss":0,"event_name":"Scrap Ooze","floor":2,"gold_loss":0},{"damage_healed":0,"gold_gain":0,"cards_transformed":["Strike_G"],"player_choice":"Transformed","damage_taken":0,"max_hp_gain":0,"max_hp_loss":0,"event_name":"Transmorgrifier","floor":4,"gold_loss":0,"cards_obtained":["Sucker Punch"]},{"cards_removed":["Defend_G"],"damage_healed":0,"gold_gain":0,"player_choice":"Card Removal","damage_taken":0,"max_hp_gain":0,"max_hp_loss":0,"event_name":"The Cleric","floor":14,"gold_loss":50}],"is_beta":true,"boss_relics":[],"items_purged_floors":[],"is_endless":false,"potions_floor_spawned":[10],"killed_by":"Slime Boss","ascension_level":10}