{"gold_per_floor":[113,113,113,113,125,125,151,151,151,183,183,1,14,14,14,88,88,100,100,100,150,150,150,150],"floor_reached":24,"playtime":641,"items_purged":[],"score":425,"play_id":"ae80f3e6-1d5a-459f-975e-d771deafd861","local_time":"20190210124220","is_ascension_mode":true,"campfire_choices":[{"data":"Footwork","floor":6.0,"key":"SMITH"},{"floor":8.0,"key":"REST"},{"data":"Panacea","floor":15.0,"key":"SMITH"},{"data":"Wraith Form v2","floor":23,"key":"SMITH"}],"neow_cost":"NONE","seed_source_timestamp":486414851172,"circlet_count":0,"master_deck":["AscendersBane","Defend_G","Defend_G","Defend_G","Strike_G","Strike_G","Strike_G","Survivor","Neutralize+1","Infinite Blades+1","Venomology+1","Deadly Poison+1","Deadly Poison","Footwork+1","Deadly Poison","Prepared","Terror","Panacea+1","Deadly Poison","Wraith Form v2+1","Slice"],"special_seed":0,"relics":["Astrolabe","Dodecahedron","Darkstone Periapt","Unceasing Top","Gambling Chip","Sozu"],"potions_floor_usage":[20],"damage_taken":[{"damage":7.0,"enemies":"Jaw Worm","floor":1.0,"turns":3.0},{"damage":3.0,"enemies":"Small Slimes","floor":5.0,"turns":3.0},{"damage":20.0,"enemies":"3 Sentries","floor":7.0,"turns":9.0},{"damage":32.0,"enemies":"Gremlin Nob","floor":10.0,"turns":4.0},{"damage":2.0,"enemies":"2 Louse","floor":13.0,"turns":4.0},{"damage":19.0,"enemies":"Slime Boss","floor":16.0,"turns":6.0},{"damage":0,"enemies":"Chosen","floor":18,"turns":4},{"damage":0,"enemies":"Shell Parasite","floor":20,"turns":2},{"damage":52,"enemies":"Cultist and Chosen","floor":24,"turns":7}],"seed_played":"-8726830194596645502","potions_obtained":[{"floor":5.0,"key":"Dexterity Potion"},{"floor":16.0,"key":"Regen Potion"}],"is_trial":false,"path_per_floor":["M","?","?","?","M","R","E","R","T","E","?","$","M","$","R","B",null,"M","?","M","?","?","R","M"],"character_chosen":"THE_SILENT","items_purchased":["Terror","Panacea"],"campfire_rested":1,"item_purchase_floors":[12,12],"current_hp_per_floor":[52,52,47,40,37,37,17,36,36,4,26,26,24,24,24,5,51,51,45,45,45,27,27,0],"gold":150,"neow_bonus":"BOSS_RELIC","is_prod":false,"is_daily":false,"chose_seed":false,"campfire_upgraded":3,"win_rate":0,"timestamp":1549831340,"path_taken":["M","?","?","?","M","R","E","R","T","E","?","$","M","?","R","BOSS","M","?","?","?","?","R","M"],"build_version":"2019-02-06","purchased_purges":0,"victory":false,"max_hp_per_floor":[66,66,66,66,66,66,66,66,66,66,66,66,66,66,66,66,66,66,66,66,66,71,71,71],"card_choices":[{"not_picked":["Escape Plan","Deflect"],"picked":"Deadly Poison","floor":1.0},{"not_picked":["Deadly Poison","Dodge and Roll"],"picked":"Footwork","floor":5.0},{"not_picked":["Reflex","Acrobatics"],"picked":"Deadly Poison","floor":7.0},{"not_picked":["Choke","Acrobatics"],"picked":"Prepared","floor":10.0},{"not_picked":["Slice","Sucker Punch"],"picked":"Deadly Poison","floor":13.0},{"not_picked":["Malaise","Die Die Die"],"picked":"Wraith Form v2","floor":16.0},{"not_picked":["PiercingWail","Dagger Spray"],"picked":"Slice","floor":18}],"player_experience":1139129,"relics_obtained":[{"floor":7.0,"key":"Darkstone Periapt"},{"floor":9.0,"key":"Unceasing Top"},{"floor":10.0,"key":"Gambling Chip"}],"event_choices":[{"damage_healed":0.0,"max_hp_gain":0.0,"max_hp_loss":0.0,"gold_gain":0.0,"event_name":"Living Wall","player_choice":"Grow","floor":2.0,"gold_loss":0.0,"damage_taken":0.0,"cards_upgraded":["Neutralize"]},{"damage_healed":0.0,"max_hp_gain":0.0,"max_hp_loss":0.0,"gold_gain":0.0,"event_name":"Scrap Ooze","player_choice":"Success","floor":3.0,"gold_loss":0.0,"damage_taken":5.0,"relics_obtained":["Dodecahedron"]},{"cards_removed":["Strike_G"],"damage_healed":0.0,"max_hp_gain":0.0,"max_hp_loss":0.0,"gold_gain":0.0,"event_name":"Golden Wing","player_choice":"Card Removal","floor":4.0,"gold_loss":0.0,"damage_taken":7.0},{"damage_healed":22.0,"max_hp_gain":0.0,"max_hp_loss":0.0,"gold_gain":0.0,"event_name":"Big Fish","player_choice":"Banana","floor":11.0,"gold_loss":0.0,"damage_taken":0.0},{"damage_healed":0,"gold_gain":0,"player_choice":"","damage_taken":6,"max_hp_gain":0,"max_hp_loss":0,"event_name":"Knowing Skull","floor":19,"potions_obtained":[],"gold_loss":0,"cards_obtained":[]},{"damage_healed":0,"gold_gain":50,"player_choice":"Stole From Cult","damage_taken":0,"max_hp_gain":0,"max_hp_loss":0,"event_name":"Nest","floor":21,"gold_loss":0},{"damage_healed":0,"gold_gain":0,"player_choice":"Shed Blood","damage_taken":23,"max_hp_gain":5,"max_hp_loss":0,"event_name":"Forgotten Altar","floor":22,"gold_loss":0}],"is_beta":true,"boss_relics":[{"not_picked":["Lizard Tail","WristBlade"],"picked":"Sozu"}],"items_purged_floors":[],"is_endless":false,"potions_floor_spawned":[5,13,16,18],"killed_by":"Cultist and Chosen","ascension_level":20}