{"gold_per_floor":[111,126,126,126,143,143,163,190,215,231,231,231,156,218,218,291,291,304,14,33,133,33,33,33,64,88,88,134,134,134,147,147,218,218,229,282,301,301,318,353,353,384,384,404,404,14,39,39,39,39],"floor_reached":51,"playtime":1239,"items_purged":["Strike_R","Strike_R","Strike_R"],"score":1730,"play_id":"d5094319-4831-43e7-8cc0-60cf2db30b70","local_time":"20190213020932","is_ascension_mode":true,"campfire_choices":[{"data":"Sword Boomerang","floor":6.0,"key":"SMITH"},{"data":"Immolate","floor":12.0,"key":"SMITH"},{"data":"Flame Barrier","floor":15.0,"key":"SMITH"},{"data":"Sword Boomerang","floor":23,"key":"SMITH"},{"floor":27,"key":"REST"},{"data":"Battle Trance","floor":29,"key":"SMITH"},{"data":"Offering","floor":32,"key":"SMITH"},{"floor":41,"key":"REST"},{"floor":45,"key":"REST"},{"floor":49,"key":"RECALL"}],"neow_cost":"TEN_PERCENT_HP_LOSS","seed_source_timestamp":32208302353400,"circlet_count":0,"master_deck":["AscendersBane","Defend_R","Defend_R","Bash+1","Sword Boomerang+1","Battle Trance+1","Flame Barrier+1","Immolate+1","Offering+1","Sword Boomerang+1","Warcry+1","Demon Form","Immolate+1","Headbutt+1","Double Tap","Shrug It Off+1"],"special_seed":0,"relics":["Burning Blood","Bag of Preparation","Bronze Scales","Omamori","Tiny Chest","Sozu","Brimstone","Champion Belt","Shuriken","Necronomicon","Torii","Smiling Mask","Lantern","MutagenicStrength","Fusion Hammer","Pen Nib","Art of War","Ornamental Fan","FossilizedHelix","Mango","Strawberry"],"potions_floor_usage":[50,50],"damage_taken":[{"damage":16.0,"enemies":"Jaw Worm","floor":1.0,"turns":6.0},{"damage":3.0,"enemies":"Small Slimes","floor":2.0,"turns":4.0},{"damage":1.0,"enemies":"Cultist","floor":5.0,"turns":3.0},{"damage":18.0,"enemies":"Large Slime","floor":7.0,"turns":9.0},{"damage":0.0,"enemies":"Gremlin Nob","floor":8.0,"turns":2.0},{"damage":8.0,"enemies":"Blue Slaver","floor":10.0,"turns":2.0},{"damage":18.0,"enemies":"Lagavulin","floor":14.0,"turns":5.0},{"damage":34,"enemies":"The Guardian","floor":16,"turns":12},{"damage":7,"enemies":"2 Thieves","floor":18,"turns":3},{"damage":0,"enemies":"Chosen","floor":20,"turns":2},{"damage":15,"enemies":"Colosseum Slavers","floor":21,"turns":2},{"damage":14,"enemies":"Colosseum Nobs","floor":21,"turns":2},{"damage":6,"enemies":"Book of Stabbing","floor":25,"turns":2},{"damage":0,"enemies":"Snake Plant","floor":31,"turns":1},{"damage":6,"enemies":"Collector","floor":33,"turns":2},{"damage":0,"enemies":"Orb Walker","floor":35,"turns":1},{"damage":0,"enemies":"3 Darklings","floor":37,"turns":1},{"damage":9,"enemies":"Transient","floor":39,"turns":6},{"damage":16,"enemies":"Giant Head","floor":40,"turns":3},{"damage":6,"enemies":"Nemesis","floor":42,"turns":1},{"damage":0,"enemies":"Spire Growth","floor":44,"turns":2},{"damage":0,"enemies":"Giant Head","floor":47,"turns":3},{"damage":24,"enemies":"Awakened One","floor":50,"turns":4}],"seed_played":"-7207603893179455635","potions_obtained":[{"floor":2.0,"key":"SteroidPotion"},{"floor":5.0,"key":"FearPotion"},{"floor":10.0,"key":"Explosive Potion"},{"floor":14.0,"key":"Weak Potion"}],"is_trial":false,"path_per_floor":["M","M","?","?","M","R","M","E","T","M","?","R","?","E","R","B",null,"M","$","M","?","$","R","?","E","T","R","T","R","?","M","R","B",null,"M","T","M","?","M","E","R","E","T","M","R","$","E","?","R","B",null],"character_chosen":"IRONCLAD","items_purchased":["Brimstone","Mango"],"campfire_rested":3,"item_purchase_floors":[19,46],"current_hp_per_floor":[58,61,66,66,71,71,59,65,65,63,58,58,58,46,46,18,59,58,58,64,47,47,47,26,26,26,47,47,47,47,53,53,53,68,73,73,73,73,70,60,73,73,73,73,73,87,94,94,94,76],"gold":39,"neow_bonus":"REMOVE_TWO","is_prod":false,"is_daily":false,"chose_seed":false,"campfire_upgraded":6,"win_rate":0,"timestamp":1550016572,"path_taken":["M","M","?","?","M","R","M","E","T","?","?","R","?","E","R","BOSS","M","$","M","?","$","R","?","E","T","R","?","R","?","?","R","BOSS","M","?","M","?","?","E","R","E","T","M","R","$","E","?","R","BOSS"],"build_version":"2019-01-23","purchased_purges":3,"victory":true,"max_hp_per_floor":[68,68,73,73,73,73,73,73,73,73,73,73,73,73,73,73,73,73,73,73,73,73,73,73,73,73,73,73,73,73,73,73,73,73,73,73,73,73,73,73,73,73,73,73,73,87,94,94,94,94],"card_choices":[{"not_picked":["True Grit","Rage"],"picked":"Sword Boomerang","floor":1.0},{"not_picked":["Hemokinesis","Reckless Charge"],"picked":"Battle Trance","floor":2.0},{"not_picked":["Searing Blow","Perfected Strike"],"picked":"Flame Barrier","floor":5.0},{"not_picked":["Armaments","Feel No Pain","Warcry"],"picked":"SKIP","floor":7.0},{"not_picked":["Barricade","Heavy Blade"],"picked":"Immolate","floor":8.0},{"not_picked":["Shrug It Off","Searing Blow","Heavy Blade"],"picked":"SKIP","floor":10.0},{"not_picked":["Flex","Twin Strike","Heavy Blade"],"picked":"SKIP","floor":14.0},{"not_picked":["Bludgeon","Feed"],"picked":"Offering","floor":16},{"not_picked":["Headbutt","Heavy Blade","Flex"],"picked":"SKIP","floor":18},{"not_picked":["Power Through","Armaments","Rampage"],"picked":"SKIP","floor":20},{"not_picked":["Havoc","Combust"],"picked":"Sword Boomerang","floor":21},{"not_picked":["Rage","Entrench+1","Fire Breathing"],"picked":"SKIP","floor":25},{"not_picked":["Shrug It Off","Armaments"],"picked":"Warcry+1","floor":31},{"not_picked":["Bludgeon","Exhume"],"picked":"Demon Form","floor":33},{"not_picked":["Anger","Havoc","Ghostly Armor"],"picked":"SKIP","floor":35},{"not_picked":["Wild Strike+1","Cleave","Clothesline"],"picked":"SKIP","floor":37},{"not_picked":["Searing Blow+1","Cleave"],"picked":"Headbutt+1","floor":39},{"not_picked":["Dropkick","Body Slam","Headbutt"],"picked":"SKIP","floor":40},{"not_picked":["Heavy Blade","Infernal Blade"],"picked":"Double Tap","floor":42},{"not_picked":["Entrench+1","Evolve","True Grit"],"picked":"SKIP","floor":44},{"not_picked":["Evolve+1","Iron Wave"],"picked":"Shrug It Off+1","floor":47}],"player_experience":729704,"relics_obtained":[{"floor":8.0,"key":"Bag of Preparation"},{"floor":9.0,"key":"Bronze Scales"},{"floor":14.0,"key":"Tiny Chest"},{"floor":21,"key":"Champion Belt"},{"floor":21,"key":"Shuriken"},{"floor":24,"key":"Necronomicon"},{"floor":25,"key":"Torii"},{"floor":26,"key":"Smiling Mask"},{"floor":28,"key":"Lantern"},{"floor":36,"key":"Pen Nib"},{"floor":40,"key":"Art of War"},{"floor":42,"key":"Ornamental Fan"},{"floor":43,"key":"FossilizedHelix"},{"floor":47,"key":"Strawberry"}],"event_choices":[{"damage_healed":0.0,"max_hp_gain":5.0,"max_hp_loss":0.0,"gold_gain":0.0,"event_name":"Big Fish","player_choice":"Donut","floor":3.0,"gold_loss":0.0,"damage_taken":0.0},{"damage_healed":0.0,"max_hp_gain":0.0,"max_hp_loss":0.0,"gold_gain":0.0,"event_name":"Accursed Blacksmith","player_choice":"Forge","floor":4.0,"gold_loss":0.0,"damage_taken":0.0,"cards_upgraded":["Bash"]},{"damage_healed":0.0,"max_hp_gain":0.0,"max_hp_loss":0.0,"gold_gain":0.0,"event_name":"Scrap Ooze","player_choice":"Success","floor":11.0,"gold_loss":0.0,"damage_taken":5.0,"relics_obtained":["Omamori"]},{"cards_removed":["Strike_R"],"damage_healed":0.0,"max_hp_gain":0.0,"max_hp_loss":0.0,"gold_gain":0.0,"event_name":"The Cleric","player_choice":"Card Removal","floor":13.0,"gold_loss":75.0,"damage_taken":0.0},{"damage_healed":0,"gold_gain":0,"player_choice":"Fight","damage_taken":0,"max_hp_gain":0,"max_hp_loss":0,"event_name":"Colosseum","floor":21,"gold_loss":0},{"damage_healed":0,"gold_gain":0,"player_choice":"Fought Nobs","damage_taken":0,"max_hp_gain":0,"max_hp_loss":0,"event_name":"Colosseum","floor":21,"gold_loss":0},{"damage_healed":0,"gold_gain":0,"player_choice":"Obtained Book","damage_taken":21,"max_hp_gain":0,"max_hp_loss":0,"event_name":"Cursed Tome","floor":24,"gold_loss":0},{"damage_healed":0,"gold_gain":0,"player_choice":"Inject Mutagens","damage_taken":0,"relics_obtained":["MutagenicStrength"],"max_hp_gain":0,"max_hp_loss":0,"event_name":"Drug Dealer","floor":30,"gold_loss":0},{"damage_healed":0,"gold_gain":0,"player_choice":"Copied","damage_taken":0,"max_hp_gain":0,"max_hp_loss":0,"event_name":"Duplicator","floor":38,"gold_loss":0,"cards_obtained":["Immolate"]},{"cards_removed":["Defend_R"],"damage_healed":0,"gold_gain":0,"player_choice":"Purged","damage_taken":0,"max_hp_gain":0,"max_hp_loss":0,"event_name":"Purifier","floor":48,"gold_loss":0}],"is_beta":false,"boss_relics":[{"not_picked":["Philosopher\u0027s Stone","Runic Dome"],"picked":"Sozu"},{"not_picked":["Snecko Eye","Mark of Pain"],"picked":"Fusion Hammer"}],"items_purged_floors":[19,22,46],"is_endless":false,"potions_floor_spawned":[2,5,7,10,14,16,20,21,25,31,35,44,47],"ascension_level":18}