{"gold_per_floor":[116,116,116,131,150,150,75,75,75,49,49,49],"floor_reached":12,"playtime":280,"items_purged":["Regret"],"score":89,"play_id":"8ea0c108-a22a-4d0c-9eaf-df6d6ed8c789","local_time":"20190110213859","is_ascension_mode":true,"campfire_choices":[{"data":"Inflame","floor":6,"key":"SMITH"},{"data":"Bash","floor":11,"key":"SMITH"}],"neow_cost":"NONE","seed_source_timestamp":19881483624230,"circlet_count":0,"master_deck":["Strike_R","Strike_R","Strike_R","Strike_R","Defend_R","Defend_R","Defend_R","Defend_R","Bash+1","Inflame+1","Disarm","Shrug It Off"],"relics":["Burning Blood","NeowsBlessing","Dream Catcher","Golden Idol","Thread and Needle"],"potions_floor_usage":[],"damage_taken":[{"damage":0,"enemies":"Jaw Worm","floor":1,"turns":1},{"damage":0,"enemies":"Small Slimes","floor":4,"turns":2},{"damage":0,"enemies":"Cultist","floor":5,"turns":1}],"seed_played":"-3375683021557312089","potions_obtained":[{"floor":1,"key":"GamblersBrew"},{"floor":5,"key":"FearPotion"}],"is_trial":false,"path_per_floor":["M","?","?","M","M","R","$","?","T","$","R","?"],"character_chosen":"IRONCLAD","items_purchased":["Shrug It Off"],"campfire_rested":0,"item_purchase_floors":[10],"current_hp_per_floor":[78,71,71,77,80,80,80,60,60,60,60,60],"gold":49,"neow_bonus":"THREE_ENEMY_KILL","is_prod":false,"is_daily":false,"chose_seed":false,"campfire_upgraded":2,"win_rate":0,"timestamp":1547156339,"path_taken":["M","?","?","M","M","R","$","?","T","$","R","?"],"build_version":"2019-01-09","purchased_purges":1,"victory":false,"max_hp_per_floor":[80,80,80,80,80,80,80,80,80,80,80,80],"card_choices":[{"not_picked":["Wild Strike","Twin Strike"],"picked":"Inflame","floor":1},{"not_picked":["Iron Wave","Feel No Pain","Twin Strike"],"picked":"SKIP","floor":4},{"not_picked":["Sever Soul","Dropkick"],"picked":"Disarm","floor":5}],"player_experience":395691,"relics_obtained":[{"floor":9,"key":"Thread and Needle"}],"event_choices":[{"cards_removed":["Strike_R"],"damage_healed":0,"gold_gain":0,"player_choice":"Card Removal","damage_taken":7,"max_hp_gain":0,"max_hp_loss":0,"event_name":"Golden Wing","floor":2,"gold_loss":0},{"damage_healed":0,"gold_gain":0,"player_choice":"Box","damage_taken":0,"relics_obtained":["Dream Catcher"],"max_hp_gain":0,"max_hp_loss":0,"event_name":"Big Fish","floor":3,"gold_loss":0,"cards_obtained":["Regret"]},{"damage_healed":0,"gold_gain":0,"player_choice":"Take Damage","damage_taken":20,"relics_obtained":["Golden Idol"],"max_hp_gain":0,"max_hp_loss":0,"event_name":"Golden Idol","floor":8,"gold_loss":0}],"is_beta":true,"boss_relics":[],"items_purged_floors":[7],"is_endless":false,"potions_floor_spawned":[1,5],"ascension_level":7}