{"gold_per_floor":[113,113,113,127,127,158,158,187,187,200,200,275,275,307,307,307],"floor_reached":16,"playtime":309,"items_purged":[],"score":268,"play_id":"453ffd05-57a7-48d5-b4f6-6e3a3b3b344a","local_time":"20190213014746","is_ascension_mode":true,"campfire_choices":[{"data":"Twin Strike","floor":7,"key":"SMITH"},{"data":"Sword Boomerang","floor":11,"key":"SMITH"},{"floor":13,"key":"REST"},{"floor":15,"key":"REST"}],"neow_cost":"NONE","seed_source_timestamp":31889724067500,"circlet_count":0,"master_deck":["AscendersBane","Strike_R","Strike_R+1","Strike_R","Strike_R","Defend_R","Defend_R+1","Defend_R","Defend_R","Bash+1","Headbutt","Twin Strike+1","Sword Boomerang+1"],"relics":["Burning Blood","NeowsBlessing","Anchor","Question Card","Sundial","Dodecahedron"],"potions_floor_usage":[14,16],"damage_taken":[{"damage":0,"enemies":"Small Slimes","floor":1,"turns":1},{"damage":0,"enemies":"Jaw Worm","floor":4,"turns":1},{"damage":0,"enemies":"Lagavulin","floor":6,"turns":1},{"damage":49,"enemies":"3 Sentries","floor":8,"turns":13},{"damage":0,"enemies":"2 Louse","floor":10,"turns":2},{"damage":19,"enemies":"Gremlin Nob","floor":14,"turns":4},{"damage":43,"enemies":"Slime Boss","floor":16,"turns":7}],"seed_played":"3554285103950321137","potions_obtained":[{"floor":10,"key":"Block Potion"},{"floor":14,"key":"AttackPotion"}],"is_trial":false,"path_per_floor":["M","?","?","M","?","E","R","E","T","M","R","?","R","E","R","B"],"character_chosen":"IRONCLAD","items_purchased":[],"campfire_rested":2,"item_purchase_floors":[],"current_hp_per_floor":[74,67,44,50,50,56,56,13,13,19,19,8,30,17,39,0],"gold":307,"neow_bonus":"THREE_ENEMY_KILL","is_prod":false,"is_daily":false,"chose_seed":false,"campfire_upgraded":2,"win_rate":0,"timestamp":1550015266,"path_taken":["M","?","?","M","?","E","R","E","T","?","R","?","R","E","R","BOSS"],"build_version":"2019-01-23","purchased_purges":0,"victory":false,"max_hp_per_floor":[75,75,75,75,75,75,75,75,75,75,75,75,75,75,75,75],"card_choices":[{"not_picked":["Perfected Strike","Warcry"],"picked":"Headbutt","floor":1},{"not_picked":["Clash","Burning Pact"],"picked":"Twin Strike","floor":4},{"not_picked":["Corruption","True Grit"],"picked":"Sword Boomerang","floor":6},{"not_picked":["Hemokinesis","Headbutt","Pommel Strike"],"picked":"SKIP","floor":8},{"not_picked":["Sever Soul","Perfected Strike","Cleave","Heavy Blade"],"picked":"SKIP","floor":10},{"not_picked":["Wild Strike","Dual Wield","Dark Embrace","Havoc"],"picked":"SKIP","floor":14}],"player_experience":729395,"relics_obtained":[{"floor":6,"key":"Anchor"},{"floor":8,"key":"Question Card"},{"floor":9,"key":"Sundial"},{"floor":14,"key":"Dodecahedron"}],"event_choices":[{"cards_removed":["Strike_R"],"damage_healed":0,"gold_gain":0,"player_choice":"Card Removal","damage_taken":7,"max_hp_gain":0,"max_hp_loss":0,"event_name":"Golden Wing","floor":2,"gold_loss":0},{"damage_healed":0,"gold_gain":0,"player_choice":"Entered Light","damage_taken":23,"max_hp_gain":0,"max_hp_loss":0,"event_name":"Shining Light","floor":3,"gold_loss":0,"cards_upgraded":["Defend_R","Strike_R"]},{"damage_healed":0,"gold_gain":0,"player_choice":"Upgraded","damage_taken":0,"max_hp_gain":0,"max_hp_loss":0,"event_name":"Upgrade Shrine","floor":5,"gold_loss":0,"cards_upgraded":["Bash"]},{"damage_healed":0,"gold_gain":75,"player_choice":"Gather Gold","damage_taken":11,"max_hp_gain":0,"max_hp_loss":0,"event_name":"World of Goop","floor":12,"gold_loss":0}],"is_beta":false,"boss_relics":[],"items_purged_floors":[],"is_endless":false,"potions_floor_spawned":[10,14],"killed_by":"Slime Boss","ascension_level":18}