{"path_per_floor":["M","?","$","M","M","E","M","R","T","E","M","E","$","M","R","B",null,"M","M","?","M","$","R","?","M","T","E","R","M","R","M","R"],"character_chosen":"THE_SILENT","items_purchased":["Acrobatics","Medical Kit","Snake Skull"],"gold_per_floor":[118,118,71,85,109,150,169,169,169,209,229,299,224,239,239,362,362,378,399,399,417,53,53,53,71,71,102,102,121,121,134,134,134],"floor_reached":33,"campfire_rested":2,"playtime":2108,"current_hp_per_floor":[70,53,53,53,50,44,44,44,44,30,27,33,33,33,54,58,70,70,56,35,33,33,33,33,33,33,12,23,25,25,18,18,0],"items_purged":["Strike_G"],"gold":134,"score":328,"play_id":"eed744d8-caee-4225-9c8c-8d2a32cda4ee","local_time":"20180417190915","is_prod":false,"is_daily":false,"chose_seed":false,"is_ascension_mode":true,"campfire_upgraded":0,"timestamp":1523988555,"path_taken":["M","?","?","M","M","E","M","R","T","E","?","E","?","M","R","BOSS","M","M","?","M","$","R","?","M","T","E","R","?","R","M","R","BOSS"],"build_version":"2018-04-16","seed_source_timestamp":5109064352062,"purchased_purges":1,"victory":false,"master_deck":["Defend_G","Defend_G","Defend_G","Defend_G","Defend_G","Strike_G","Strike_G","Strike_G","Strike_G","Survivor","Neutralize","Eviscerate","Acrobatics","Dagger Throw","Terror","Underhanded Strike","Predator","Doppelganger","Bouncing Flask","Ghostly","Ghostly","Ghostly","Ghostly","Ghostly","Choke"],"max_hp_per_floor":[70,70,70,70,70,70,70,70,70,70,70,70,70,70,70,70,70,70,70,35,35,35,35,35,37,37,37,37,39,39,41,41,41],"relics":["Snecko Eye","Golden Idol","Shovel","Bag of Marbles","Pantograph","Oddly Smooth Stone","Tiny Chest","Sozu","Medical Kit","Snake Skull","Singing Bowl","Bottled Flame","Prayer Wheel","Regal Pillow","Dream Catcher"],"card_choices":[{"not_picked":["Quick Slash","Flying Knee"],"picked":"Eviscerate","floor":1},{"not_picked":["Dagger Spray","Flying Knee"],"picked":"Dagger Throw","floor":4},{"not_picked":["Escape Plan","All Out Attack"],"picked":"Terror","floor":5},{"not_picked":["Prepared","Cloak And Dagger"],"picked":"Underhanded Strike","floor":6},{"not_picked":["Finisher","Dagger Throw"],"picked":"Predator","floor":10},{"not_picked":["Outmaneuver","Accuracy"],"picked":"Doppelganger","floor":11},{"not_picked":["Escape Plan","Reflex"],"picked":"Bouncing Flask","floor":12},{"not_picked":["Prepared","Deflect"],"picked":"Choke","floor":27}],"player_experience":63863,"potions_floor_usage":[10,12,16],"damage_taken":[{"damage":0,"enemies":"2 Louse","floor":1,"turns":2},{"damage":0,"enemies":"Cultist","floor":4,"turns":2},{"damage":3,"enemies":"Jaw Worm","floor":5,"turns":2},{"damage":6,"enemies":"3 Sentries","floor":6,"turns":8},{"damage":0,"enemies":"Lots of Slimes","floor":7,"turns":4},{"damage":26,"enemies":"Lagavulin","floor":10,"turns":6},{"damage":3,"enemies":"Red Slaver","floor":11,"turns":3},{"damage":6,"enemies":"3 Sentries","floor":12,"turns":6},{"damage":0,"enemies":"Large Slime","floor":14,"turns":2},{"damage":12,"enemies":"The Guardian","floor":16,"turns":7},{"damage":0,"enemies":"3 Byrds","floor":18,"turns":3},{"damage":14,"enemies":"2 Thieves","floor":19,"turns":3},{"damage":2,"enemies":"3 Cultists","floor":21,"turns":5},{"damage":2,"enemies":"Centurion and Healer","floor":25,"turns":5},{"damage":21,"enemies":"Gremlin Leader","floor":27,"turns":7},{"damage":0,"enemies":"Snake Plant","floor":29,"turns":3},{"damage":9,"enemies":"Snecko","floor":31,"turns":3},{"damage":48,"enemies":"Automaton","floor":33,"turns":6}],"event_choices":[{"event_name":"Golden Idol","player_choice":"Take Damage","floor":2,"damage_taken":0},{"event_name":"Ghosts","player_choice":"Became a Ghost","floor":20,"damage_taken":0},{"event_name":"Beggar","player_choice":"Ignored","floor":24,"damage_taken":0}],"boss_relics":[{"not_picked":["Lizard Tail","Tiny House"],"picked":"Sozu"}],"potions_floor_spawned":[1,6,7,10,12,19,21,27,29,31],"seed_played":"-5047884692024742866","killed_by":"Automaton","ascension_level":1,"is_trial":false}