{"gold_per_floor":[119,131,151,151,151,194,194,194],"floor_reached":8,"playtime":368,"items_purged":[],"score":62,"play_id":"46fa3aa4-480a-454b-82fb-16952ecf62e2","local_time":"20190131222831","is_ascension_mode":true,"campfire_choices":[{"floor":7,"key":"REST"}],"neow_cost":"NONE","seed_source_timestamp":29317561336206,"circlet_count":0,"master_deck":["Defend_G+1","Defend_G+1","Defend_G","Defend_G","Defend_G","Strike_G","Strike_G","Strike_G","Strike_G","Strike_G","Survivor","Neutralize","Deflect","Sucker Punch","Dodge and Roll","Regret","Noxious Fumes"],"relics":["Ring of the Snake","War Paint","Golden Idol","Ancient Tea Set"],"potions_floor_usage":[],"damage_taken":[{"damage":0,"enemies":"Small Slimes","floor":1,"turns":4},{"damage":0,"enemies":"2 Louse","floor":2,"turns":4},{"damage":0,"enemies":"Jaw Worm","floor":3,"turns":3},{"damage":44,"enemies":"3 Sentries","floor":6,"turns":17},{"damage":38,"enemies":"Gremlin Nob","floor":8,"turns":5}],"seed_played":"5138294068049446428","potions_obtained":[],"is_trial":false,"path_per_floor":["M","M","M","?","?","E","R","E"],"character_chosen":"THE_SILENT","items_purchased":[],"campfire_rested":1,"item_purchase_floors":[],"current_hp_per_floor":[77,77,77,77,58,14,37,0],"gold":194,"neow_bonus":"TEN_PERCENT_HP_BONUS","is_prod":false,"is_daily":false,"chose_seed":false,"campfire_upgraded":0,"win_rate":0,"timestamp":1548970111,"path_taken":["M","M","M","?","?","E","R","E"],"build_version":"2019-01-23","purchased_purges":0,"victory":false,"max_hp_per_floor":[77,77,77,77,77,77,77,77],"card_choices":[{"not_picked":["Sucker Punch","Backflip"],"picked":"Deflect","floor":1},{"not_picked":["Setup","Crippling Poison"],"picked":"Sucker Punch","floor":2},{"not_picked":["Skewer","Deadly Poison"],"picked":"Dodge and Roll","floor":3},{"not_picked":["Blade Dance","Deflect"],"picked":"Noxious Fumes","floor":6}],"player_experience":145273,"relics_obtained":[{"floor":6,"key":"Ancient Tea Set"}],"event_choices":[{"damage_healed":0,"gold_gain":0,"player_choice":"Box","damage_taken":0,"relics_obtained":["War Paint"],"max_hp_gain":0,"max_hp_loss":0,"event_name":"Big Fish","floor":4,"gold_loss":0,"cards_obtained":["Regret"]},{"damage_healed":0,"gold_gain":0,"player_choice":"Take Damage","damage_taken":19,"relics_obtained":["Golden Idol"],"max_hp_gain":0,"max_hp_loss":0,"event_name":"Golden Idol","floor":5,"gold_loss":0}],"is_beta":false,"boss_relics":[],"items_purged_floors":[],"is_endless":false,"potions_floor_spawned":[],"killed_by":"Gremlin Nob","ascension_level":2}