{"gold_per_floor":[113,38,38,38,48,48,63,88,88,113,129,129,129,129],"floor_reached":14,"playtime":356,"items_purged":[],"score":191,"play_id":"016d8768-e1c1-4029-a32e-af3a066544d8","local_time":"20190213022514","is_ascension_mode":true,"campfire_choices":[{"data":"Uppercut","floor":6.0,"key":"SMITH"},{"data":"Limit Break","floor":13.0,"key":"SMITH"}],"neow_cost":"NONE","seed_source_timestamp":33925747336200,"circlet_count":0,"master_deck":["AscendersBane","Strike_R","Strike_R","Strike_R","Strike_R","Defend_R","Defend_R","Defend_R","Defend_R","Bash","Uppercut+1","Limit Break+1","Flex+1","Shockwave"],"special_seed":0,"relics":["Burning Blood","NeowsBlessing","FossilizedHelix","Prayer Wheel","Anchor"],"potions_floor_usage":[14],"damage_taken":[{"damage":0.0,"enemies":"Jaw Worm","floor":1.0,"turns":1.0},{"damage":0.0,"enemies":"Small Slimes","floor":5.0,"turns":1.0},{"damage":0.0,"enemies":"Cultist","floor":7.0,"turns":1.0},{"damage":35.0,"enemies":"Lagavulin","floor":8.0,"turns":6.0},{"damage":47.0,"enemies":"3 Sentries","floor":10.0,"turns":11.0},{"damage":7.0,"enemies":"Large Slime","floor":11.0,"turns":6.0},{"damage":11,"enemies":"Lots of Slimes","floor":14,"turns":4}],"seed_played":"-3168724141547503880","potions_obtained":[{"floor":1.0,"key":"EntropicBrew"},{"floor":10.0,"key":"PowerPotion"}],"is_trial":false,"path_per_floor":["M","?","$","?","M","R","M","E","T","E","M","?","R","M"],"character_chosen":"IRONCLAD","items_purchased":[],"campfire_rested":0,"item_purchase_floors":[],"current_hp_per_floor":[74,74,74,74,75,75,75,46,46,12,11,11,11,0],"gold":129,"neow_bonus":"THREE_ENEMY_KILL","is_prod":false,"is_daily":false,"chose_seed":false,"campfire_upgraded":2,"win_rate":0,"timestamp":1550017514,"path_taken":["M","?","$","?","M","R","?","E","T","E","M","?","R","?"],"build_version":"2019-01-23","purchased_purges":0,"victory":false,"max_hp_per_floor":[75,75,75,75,75,75,75,75,75,75,75,75,75,75],"card_choices":[{"not_picked":["Perfected Strike","Clothesline"],"picked":"Uppercut","floor":1.0},{"not_picked":["Flex","Wild Strike","Havoc"],"picked":"SKIP","floor":5.0},{"not_picked":["Wild Strike","Havoc"],"picked":"Flex","floor":5.0},{"not_picked":["Ghostly Armor","Havoc","True Grit"],"picked":"SKIP","floor":7.0},{"not_picked":["Power Through","Rupture","Fiend Fire"],"picked":"SKIP","floor":8.0},{"not_picked":["Dual Wield","Wild Strike","Metallicize"],"picked":"SKIP","floor":10.0},{"not_picked":["Pommel Strike","Iron Wave"],"picked":"Shockwave","floor":11.0},{"not_picked":["Pommel Strike","Thunderclap","Rage"],"picked":"SKIP","floor":11.0}],"player_experience":731179,"relics_obtained":[{"floor":8.0,"key":"FossilizedHelix"},{"floor":9.0,"key":"Prayer Wheel"},{"floor":10.0,"key":"Anchor"}],"event_choices":[{"cards_removed":["Strike_R"],"damage_healed":0.0,"max_hp_gain":0.0,"max_hp_loss":0.0,"gold_gain":0.0,"event_name":"The Cleric","player_choice":"Card Removal","floor":2.0,"gold_loss":75.0,"damage_taken":0.0},{"damage_healed":0.0,"max_hp_gain":0.0,"max_hp_loss":0.0,"gold_gain":0.0,"event_name":"Match and Keep!","player_choice":"1 cards matched","floor":4.0,"gold_loss":0.0,"damage_taken":0.0,"cards_obtained":["Limit Break"]},{"damage_healed":0.0,"max_hp_gain":0.0,"max_hp_loss":0.0,"gold_gain":0.0,"event_name":"Upgrade Shrine","player_choice":"Upgraded","floor":12.0,"gold_loss":0.0,"damage_taken":0.0,"cards_upgraded":["Flex"]}],"is_beta":false,"boss_relics":[],"items_purged_floors":[],"is_endless":false,"potions_floor_spawned":[1,10,11],"killed_by":"Lots of Slimes","ascension_level":19}