{"gold_per_floor":[17,17,35,35,54,54,89,101,164,176,188,225,262,298,310,453,465,498,435,463,247,247],"floor_reached":22,"playtime":812,"items_purged":[],"score":223,"play_id":"76322931-fe8e-4e7e-b947-774f215a5ecb","local_time":"20190205203714","is_ascension_mode":true,"campfire_choices":[{"data":"Inflame","floor":6,"key":"SMITH"},{"data":"Thunderclap","floor":8,"key":"SMITH"},{"data":"Bash","floor":11,"key":"SMITH"},{"data":"Flex","floor":15,"key":"SMITH"}],"neow_cost":"NO_GOLD","seed_source_timestamp":21347016260253,"circlet_count":0,"master_deck":["Strike_R","Strike_R","Strike_R","Defend_R","Defend_R","Defend_R","Defend_R","Bash+1","Inflame+1","Headbutt","Thunderclap+1","Flex+1","Limit Break","Spot Weakness","Inflame"],"relics":["Burning Blood","Pocketwatch","MawBank","Golden Idol","Fusion Hammer","Red Skull"],"potions_floor_usage":[12,13,16,16],"damage_taken":[{"damage":7,"enemies":"Small Slimes","floor":1,"turns":4},{"damage":6,"enemies":"Cultist","floor":3,"turns":4},{"damage":6,"enemies":"2 Louse","floor":5,"turns":4},{"damage":40,"enemies":"Lagavulin","floor":7,"turns":5},{"damage":14,"enemies":"2 Fungi Beasts","floor":12,"turns":3},{"damage":7,"enemies":"Looter","floor":13,"turns":3},{"damage":14,"enemies":"Large Slime","floor":14,"turns":7},{"damage":34,"enemies":"Hexaghost","floor":16,"turns":8},{"damage":12,"enemies":"Chosen","floor":18,"turns":3},{"damage":25,"enemies":"Shell Parasite","floor":20,"turns":5},{"damage":59,"enemies":"Cultist and Chosen","floor":22,"turns":4}],"seed_played":"5742473394448896415","potions_obtained":[{"floor":1,"key":"BloodPotion"},{"floor":2,"key":"FairyPotion"},{"floor":2,"key":"Dexterity Potion"},{"floor":12,"key":"BloodPotion"},{"floor":14,"key":"LiquidBronze"}],"is_trial":false,"path_per_floor":["M","?","M","?","M","R","E","R","T","?","R","M","M","M","R","B",null,"M","?","M","$","M"],"character_chosen":"IRONCLAD","items_purchased":["Inflame","Red Skull"],"campfire_rested":0,"item_purchase_floors":[21,21],"current_hp_per_floor":[79,79,79,72,72,72,38,38,38,38,38,37,43,35,35,7,74,68,68,49,49,0],"gold":247,"neow_bonus":"ONE_RARE_RELIC","is_prod":false,"is_daily":false,"chose_seed":false,"campfire_upgraded":4,"win_rate":0,"timestamp":1549395434,"path_taken":["M","?","?","?","M","R","E","R","T","?","R","M","M","M","R","BOSS","M","?","M","$","M"],"build_version":"2019-01-23","purchased_purges":0,"victory":false,"max_hp_per_floor":[80,80,80,80,80,80,80,80,80,74,74,74,74,74,74,74,74,74,74,74,74,74],"card_choices":[{"not_picked":["Sever Soul","Flex"],"picked":"Inflame","floor":1},{"not_picked":["True Grit","Body Slam"],"picked":"Headbutt","floor":3},{"not_picked":["Fire Breathing","Anger","Clothesline"],"picked":"SKIP","floor":5},{"not_picked":["Immolate","Infernal Blade"],"picked":"Thunderclap","floor":7},{"not_picked":["Wild Strike","Iron Wave","Pommel Strike"],"picked":"SKIP","floor":12},{"not_picked":["Fire Breathing","Warcry"],"picked":"Flex","floor":13},{"not_picked":["Sword Boomerang","Second Wind","Sever Soul"],"picked":"SKIP","floor":14},{"not_picked":["Barricade","Fiend Fire"],"picked":"Limit Break","floor":16},{"not_picked":["Sword Boomerang","Twin Strike"],"picked":"Spot Weakness","floor":18},{"not_picked":["Flame Barrier+1","Armaments","Anger"],"picked":"SKIP","floor":20}],"player_experience":216646,"relics_obtained":[{"floor":7,"key":"MawBank"}],"event_choices":[{"damage_healed":0,"gold_gain":0,"player_choice":"Got Potions","damage_taken":0,"max_hp_gain":0,"max_hp_loss":0,"event_name":"Lab","floor":2,"gold_loss":0},{"cards_removed":["Strike_R"],"damage_healed":0,"gold_gain":0,"player_choice":"Card Removal","damage_taken":7,"max_hp_gain":0,"max_hp_loss":0,"event_name":"Golden Wing","floor":4,"gold_loss":0},{"damage_healed":0,"gold_gain":0,"player_choice":"Lose Max HP","damage_taken":0,"relics_obtained":["Golden Idol"],"max_hp_gain":0,"max_hp_loss":6,"event_name":"Golden Idol","floor":10,"gold_loss":0},{"cards_removed":["Strike_R"],"damage_healed":0,"gold_gain":0,"player_choice":"Gave Gold","damage_taken":0,"max_hp_gain":0,"max_hp_loss":0,"event_name":"Beggar","floor":19,"gold_loss":75}],"is_beta":false,"boss_relics":[{"not_picked":["Astrolabe","Eternal Feather"],"picked":"Fusion Hammer"}],"items_purged_floors":[],"is_endless":false,"potions_floor_spawned":[1,7,12,14],"killed_by":"Cultist and Chosen","ascension_level":4}