{"gold_per_floor":[112,129,204,204,204,236,186,198,198,198,373,57,91,65,65,65],"floor_reached":16,"playtime":556,"items_purged":[],"score":127,"play_id":"7d188e82-129f-4204-a731-3826d03ccde2","local_time":"20181116224207","is_ascension_mode":true,"campfire_choices":[{"floor":10.0,"key":"REST"},{"floor":15,"key":"REST"}],"neow_cost":"NONE","seed_source_timestamp":0,"circlet_count":0,"master_deck":["Strike_R","Strike_R","Strike_R","Strike_R","Defend_R","Defend_R","Defend_R","Bash","Bloodletting","Armaments+1","Berserk","Thunderclap","Doubt","Rupture","Feel No Pain","Armaments"],"special_seed":0,"relics":["Burning Blood","Centennial Puzzle","Dead Branch","Pear","Blue Candle","Vajra"],"potions_floor_usage":[13,16],"damage_taken":[{"damage":0.0,"enemies":"Small Slimes","floor":1.0,"turns":3.0},{"damage":7.0,"enemies":"2 Louse","floor":2.0,"turns":2.0},{"damage":48.0,"enemies":"3 Sentries","floor":6.0,"turns":9.0},{"damage":3.0,"enemies":"Jaw Worm","floor":8.0,"turns":3.0},{"damage":31,"enemies":"Lagavulin","floor":13,"turns":5},{"damage":65,"enemies":"The Guardian","floor":16,"turns":8}],"seed_played":"2872924161391693225","potions_obtained":[{"floor":6.0,"key":"Block Potion"},{"floor":13,"key":"Weak Potion"}],"is_trial":false,"path_per_floor":["M","M","?","?","?","E","?","M","T","R","?","$","E","$","R","B"],"character_chosen":"IRONCLAD","items_purchased":["Blue Candle","Rupture","Armaments"],"campfire_rested":2,"item_purchase_floors":[12,12,14],"current_hp_per_floor":[80,79,68,61,61,19,19,22,32,59,59,59,34,34,61,0],"gold":65,"neow_bonus":"RANDOM_COMMON_RELIC","is_prod":false,"is_daily":false,"chose_seed":false,"campfire_upgraded":0,"win_rate":0,"timestamp":1542408127,"path_taken":["M","M","?","?","?","E","?","?","T","R","?","$","E","$","R","BOSS"],"build_version":"2018-11-15","purchased_purges":0,"victory":false,"max_hp_per_floor":[80,80,80,80,80,80,80,80,90,90,90,90,90,90,90,90],"card_choices":[{"not_picked":["True Grit","Sword Boomerang"],"picked":"Bloodletting","floor":1.0},{"not_picked":["Heavy Blade","Body Slam"],"picked":"Armaments","floor":2.0},{"not_picked":["Entrench","Heavy Blade"],"picked":"Berserk","floor":6.0},{"not_picked":["Body Slam","Whirlwind"],"picked":"Thunderclap","floor":8.0},{"not_picked":["Warcry","Disarm"],"picked":"Feel No Pain","floor":13}],"player_experience":312843,"relics_obtained":[{"floor":6.0,"key":"Dead Branch"},{"floor":9.0,"key":"Pear"},{"floor":13,"key":"Vajra"}],"event_choices":[{"damage_healed":0.0,"max_hp_gain":0.0,"max_hp_loss":0.0,"gold_gain":75.0,"event_name":"World of Goop","player_choice":"Gather Gold","floor":3.0,"gold_loss":0.0,"damage_taken":11.0},{"cards_removed":["Defend_R"],"damage_healed":0.0,"max_hp_gain":0.0,"max_hp_loss":0.0,"gold_gain":0.0,"event_name":"Golden Wing","player_choice":"Card Removal","floor":4.0,"gold_loss":0.0,"damage_taken":7.0},{"damage_healed":0.0,"max_hp_gain":0.0,"max_hp_loss":0.0,"gold_gain":0.0,"event_name":"Living Wall","player_choice":"Grow","floor":5.0,"gold_loss":0.0,"damage_taken":0.0,"cards_upgraded":["Armaments"]},{"cards_removed":["Strike_R"],"damage_healed":0.0,"max_hp_gain":0.0,"max_hp_loss":0.0,"gold_gain":0.0,"event_name":"The Cleric","player_choice":"Card Removal","floor":7.0,"gold_loss":50.0,"damage_taken":0.0},{"damage_healed":0.0,"max_hp_gain":0.0,"max_hp_loss":0.0,"gold_gain":175.0,"event_name":"Liars Game","player_choice":"AGREE","floor":11.0,"gold_loss":0.0,"damage_taken":0.0,"cards_obtained":["Doubt"]}],"is_beta":true,"boss_relics":[],"items_purged_floors":[],"is_endless":false,"potions_floor_spawned":[6,13],"killed_by":"The Guardian","ascension_level":4}