{"gold_per_floor":[116,132,232,247,3,3,78,78,78,143,158,174,236,318,318,420,420,438,438,456,127,141,141,176,60,60,60,78,107,107,45,45,141,141,156,167,167,49,66,66,66,66,66,94,114,143,157,53,53,53],"floor_reached":51,"playtime":4121,"items_purged":[],"score":837,"play_id":"2a274c89-9eee-47e0-a978-3c59dc56bd84","local_time":"20190201235101","is_ascension_mode":true,"campfire_choices":[{"data":"Neutralize","floor":6,"key":"SMITH"},{"floor":15,"key":"REST"},{"floor":23,"key":"REST"},{"data":"Accuracy","floor":27,"key":"SMITH"},{"floor":32,"key":"REST"},{"data":"Choke","floor":40,"key":"SMITH"},{"floor":42,"key":"REST"},{"floor":49,"key":"REST"}],"neow_cost":"NONE","seed_source_timestamp":29867945570682,"circlet_count":0,"master_deck":["Defend_G","Defend_G","Defend_G","Defend_G","Defend_G","Strike_G","Strike_G","Strike_G","Strike_G","Strike_G","Survivor","Neutralize+1","Infinite Blades","Deflect","Heel Hook+1","Infinite Blades","Choke+1","Terror+1","Infinite Blades","Adrenaline+1","Quick Slash+1","Endless Agony","Accuracy+1","Infinite Blades","Infinite Blades","Finisher+1","Infinite Blades","Apotheosis","Noxious Fumes"],"relics":["Ring of the Snake","Shuriken","Gremlin Horn","Tiny Chest","The Courier","Mummified Hand","WristBlade","Pen Nib","DollysMirror","Singing Bowl","Happy Flower","Bottled Flame","Mango","Runic Pyramid","Dream Catcher","Paper Crane","Smiling Mask","Lantern"],"potions_floor_usage":[11,13,16,20,20,29,29,39,46,50,50],"damage_taken":[{"damage":0,"enemies":"Small Slimes","floor":1,"turns":3},{"damage":0,"enemies":"Cultist","floor":2,"turns":5},{"damage":4,"enemies":"2 Louse","floor":4,"turns":4},{"damage":12,"enemies":"Gremlin Nob","floor":10,"turns":4},{"damage":12,"enemies":"Lots of Slimes","floor":11,"turns":3},{"damage":1,"enemies":"2 Fungi Beasts","floor":12,"turns":4},{"damage":18,"enemies":"3 Sentries","floor":13,"turns":6},{"damage":12,"enemies":"The Guardian","floor":16,"turns":8},{"damage":4,"enemies":"Chosen","floor":18,"turns":4},{"damage":16,"enemies":"2 Thieves","floor":20,"turns":3},{"damage":9,"enemies":"Snake Plant","floor":22,"turns":3},{"damage":14,"enemies":"Gremlin Leader","floor":24,"turns":4},{"damage":1,"enemies":"Cultist and Chosen","floor":28,"turns":3},{"damage":25,"enemies":"Slavers","floor":29,"turns":4},{"damage":12,"enemies":"Automaton","floor":33,"turns":5},{"damage":10,"enemies":"3 Darklings","floor":35,"turns":3},{"damage":1,"enemies":"Orb Walker","floor":36,"turns":3},{"damage":1,"enemies":"3 Darklings","floor":39,"turns":3},{"damage":14,"enemies":"Reptomancer","floor":44,"turns":3},{"damage":7,"enemies":"Sphere and 2 Shapes","floor":45,"turns":3},{"damage":31,"enemies":"Nemesis","floor":46,"turns":5},{"damage":0,"enemies":"Transient","floor":47,"turns":5},{"damage":60,"enemies":"Donu and Deca","floor":50,"turns":6}],"seed_played":"8550587495331811150","potions_obtained":[{"floor":4,"key":"LiquidBronze"},{"floor":10,"key":"PowerPotion"},{"floor":13,"key":"PowerPotion"},{"floor":16,"key":"Strength Potion"},{"floor":18,"key":"SteroidPotion"},{"floor":22,"key":"FearPotion"},{"floor":24,"key":"Weak Potion"},{"floor":33,"key":"Weak Potion"},{"floor":36,"key":"AttackPotion"},{"floor":44,"key":"GamblersBrew"},{"floor":45,"key":"Regen Potion"}],"is_trial":false,"path_per_floor":["M","M","?","M","$","R","?","?","T","E","M","M","?","T","R","B",null,"M","?","M","$","M","R","E","$","T","R","M","E","?","$","R","B",null,"M","M","?","$","M","R","?","R","T","E","M","E","M","$","R","B",null],"character_chosen":"THE_SILENT","items_purchased":["Shuriken","Accuracy","Pen Nib","DollysMirror","Happy Flower","Infinite Blades","Dream Catcher","Block Potion","Noxious Fumes"],"campfire_rested":5,"item_purchase_floors":[5,21,21,21,25,31,38,48,48],"current_hp_per_floor":[70,70,70,66,66,66,55,55,55,43,31,30,12,12,33,21,70,66,66,50,50,41,62,50,50,50,50,51,42,42,42,69,59,92,84,83,83,83,84,84,78,102,102,90,85,56,58,58,93,47],"gold":53,"neow_bonus":"THREE_CARDS","is_prod":false,"is_daily":false,"chose_seed":false,"campfire_upgraded":3,"win_rate":0,"timestamp":1549061461,"path_taken":["M","M","?","M","?","R","?","?","T","E","M","M","?","?","R","BOSS","M","?","M","$","M","R","E","$","T","R","?","E","?","?","R","BOSS","M","M","?","$","?","R","?","R","T","E","M","E","M","?","R","BOSS"],"build_version":"2019-01-23","purchased_purges":0,"victory":true,"max_hp_per_floor":[70,70,70,70,70,70,70,70,70,70,70,70,70,70,70,70,70,70,70,70,70,70,70,72,72,72,72,74,90,90,90,90,92,92,94,94,94,94,96,96,100,102,102,104,106,108,110,110,112,112],"card_choices":[{"not_picked":["Flying Knee","Heel Hook"],"picked":"Infinite Blades","floor":0},{"not_picked":["Bouncing Flask","PiercingWail"],"picked":"Deflect","floor":1},{"not_picked":["Underhanded Strike","Poisoned Stab"],"picked":"Heel Hook","floor":2},{"not_picked":["Acrobatics","Flying Knee"],"picked":"Infinite Blades","floor":4},{"not_picked":["Eviscerate","Poisoned Stab"],"picked":"Choke","floor":10},{"not_picked":["Caltrops","Dodge and Roll"],"picked":"Terror","floor":11},{"not_picked":["Blade Dance","Quick Slash"],"picked":"Infinite Blades","floor":12},{"not_picked":["Grand Finale","Phantasmal Killer"],"picked":"Adrenaline","floor":16},{"not_picked":["Poisoned Stab","Crippling Poison"],"picked":"Quick Slash+1","floor":18},{"not_picked":["Escape Plan+1","Crippling Poison+1"],"picked":"Endless Agony","floor":20},{"not_picked":["Blade Dance+1","Heel Hook","Cloak And Dagger+1"],"picked":"SKIP","floor":22},{"not_picked":["Slice+1","Venomology","Cloak And Dagger"],"picked":"Singing Bowl","floor":24},{"not_picked":["Poisoned Stab","Flying Knee","Bane"],"picked":"Singing Bowl","floor":28},{"not_picked":["Dash","Leg Sweep","Poisoned Stab+1"],"picked":"Singing Bowl","floor":29},{"not_picked":["Corpse Explosion","Die Die Die","Storm of Steel"],"picked":"Singing Bowl","floor":33},{"not_picked":["Masterful Stab+1","Endless Agony","Poisoned Stab"],"picked":"Singing Bowl","floor":35},{"not_picked":["PiercingWail+1","Well Laid Plans"],"picked":"Finisher+1","floor":36},{"not_picked":["Acrobatics","Tactician+1","Quick Slash+1"],"picked":"Singing Bowl","floor":39},{"not_picked":["Dark Shackles","Jack Of All Trades"],"picked":"Apotheosis","floor":41},{"not_picked":["Secret Weapon","Impatience","Blind"],"picked":"Singing Bowl","floor":41},{"not_picked":["Thinking Ahead","Flash of Steel","Bandage Up"],"picked":"Singing Bowl","floor":41},{"not_picked":["Prepared+1","Dagger Throw+1","Sucker Punch+1"],"picked":"Singing Bowl","floor":42},{"not_picked":["Dash","Finisher","Deadly Poison"],"picked":"Singing Bowl","floor":44},{"not_picked":["Poisoned Stab","Bouncing Flask+1","Predator"],"picked":"Singing Bowl","floor":45},{"not_picked":["Malaise","Backflip","Prepared+1"],"picked":"Singing Bowl","floor":46},{"not_picked":["Blur","Prepared","Heel Hook"],"picked":"Singing Bowl","floor":47},{"not_picked":["Backstab+1","Dagger Spray","Expertise"],"picked":"Singing Bowl","floor":49}],"player_experience":162332,"relics_obtained":[{"floor":9,"key":"Gremlin Horn"},{"floor":10,"key":"Tiny Chest"},{"floor":13,"key":"The Courier"},{"floor":14,"key":"Mummified Hand"},{"floor":24,"key":"Singing Bowl"},{"floor":26,"key":"Bottled Flame"},{"floor":29,"key":"Mango"},{"floor":43,"key":"Paper Crane"},{"floor":44,"key":"Smiling Mask"},{"floor":46,"key":"Lantern"}],"event_choices":[{"damage_healed":0,"gold_gain":100,"player_choice":"Gold","damage_taken":0,"max_hp_gain":0,"max_hp_loss":0,"event_name":"Wheel of Change","floor":3,"gold_loss":0},{"damage_healed":0,"gold_gain":75,"player_choice":"Gather Gold","damage_taken":11,"max_hp_gain":0,"max_hp_loss":0,"event_name":"World of Goop","floor":7,"gold_loss":0},{"damage_healed":0,"gold_gain":0,"player_choice":"Grow","damage_taken":0,"max_hp_gain":0,"max_hp_loss":0,"event_name":"Living Wall","floor":8,"gold_loss":0,"cards_upgraded":["Heel Hook"]},{"damage_healed":0,"gold_gain":0,"player_choice":"Searched \u00272\u0027 times","damage_taken":0,"max_hp_gain":0,"max_hp_loss":0,"event_name":"Dead Adventurer","floor":13,"gold_loss":0},{"damage_healed":0,"gold_gain":0,"player_choice":"Upgraded","damage_taken":0,"max_hp_gain":0,"max_hp_loss":0,"event_name":"Upgrade Shrine","floor":19,"gold_loss":0,"cards_upgraded":["Terror"]},{"damage_healed":0,"gold_gain":0,"player_choice":"Forge","damage_taken":0,"max_hp_gain":0,"max_hp_loss":0,"event_name":"Accursed Blacksmith","floor":30,"gold_loss":0,"cards_upgraded":["Adrenaline"]},{"damage_healed":0,"gold_gain":0,"player_choice":"Copied","damage_taken":0,"max_hp_gain":0,"max_hp_loss":0,"event_name":"Duplicator","floor":37,"gold_loss":0,"cards_obtained":["Infinite Blades"]},{"damage_healed":0,"gold_gain":0,"player_choice":"Memory 3","damage_taken":10,"max_hp_gain":0,"max_hp_loss":0,"event_name":"SensoryStone","floor":41,"gold_loss":0}],"is_beta":false,"boss_relics":[{"not_picked":["Tiny House","Snecko Eye"],"picked":"WristBlade"},{"not_picked":["Velvet Choker","Pandora\u0027s Box"],"picked":"Runic Pyramid"}],"items_purged_floors":[],"is_endless":false,"potions_floor_spawned":[4,10,13,16,18,22,24,33,36,44,45],"ascension_level":2}