{"gold_per_floor":[111,286,299,299,299,299,329,348,348,298,298,313,313],"floor_reached":13,"playtime":563,"items_purged":[],"score":125,"play_id":"32d1490d-d038-43fe-97c1-84cfc8ab7d19","local_time":"20190124222244","is_ascension_mode":true,"campfire_choices":[{"data":"Bash","floor":6,"key":"SMITH"}],"neow_cost":"PERCENT_DAMAGE","seed_source_timestamp":1231813101436174,"circlet_count":0,"master_deck":["AscendersBane","Strike_R","Strike_R","Strike_R","Defend_R","Defend_R","Defend_R","Bash+1","Rage","Dropkick","Battle Trance","Flex","Warcry+1","Corruption","Metallicize"],"relics":["Burning Blood","Toxic Egg 2","Ancient Tea Set","Matryoshka"],"potions_floor_usage":[7,13,13],"damage_taken":[{"damage":4,"enemies":"Small Slimes","floor":1,"turns":4},{"damage":15,"enemies":"Jaw Worm","floor":3,"turns":4},{"damage":18,"enemies":"Lagavulin","floor":7,"turns":5},{"damage":0,"enemies":"Cultist","floor":8,"turns":3},{"damage":9,"enemies":"Large Slime","floor":12,"turns":4},{"damage":24,"enemies":"3 Sentries","floor":13,"turns":6}],"seed_played":"1620332562963318528","potions_obtained":[{"floor":3,"key":"SkillPotion"},{"floor":7,"key":"LiquidBronze"},{"floor":8,"key":"Block Potion"}],"is_trial":false,"path_per_floor":["M","?","M","?","?","R","E","M","T","?","?","M","E"],"character_chosen":"IRONCLAD","items_purchased":[],"campfire_rested":0,"item_purchase_floors":[],"current_hp_per_floor":[53,53,44,44,32,32,20,26,26,26,52,49,25],"gold":313,"neow_bonus":"TRANSFORM_TWO_CARDS","is_prod":false,"is_daily":false,"chose_seed":false,"campfire_upgraded":1,"win_rate":0,"timestamp":1548368564,"path_taken":["M","?","M","?","?","R","E","M","T","?","?","?","E"],"build_version":"2019-01-23","purchased_purges":0,"victory":false,"max_hp_per_floor":[80,80,80,80,80,80,80,80,80,80,80,80,80],"card_choices":[{"not_picked":["Sword Boomerang","Heavy Blade"],"picked":"Battle Trance","floor":1},{"not_picked":["Cleave","Flame Barrier"],"picked":"Flex","floor":3},{"not_picked":["Searing Blow","Spot Weakness+1"],"picked":"Warcry+1","floor":7},{"not_picked":["Wild Strike","Entrench+1"],"picked":"Corruption","floor":8},{"not_picked":["Havoc+1","Thunderclap"],"picked":"Metallicize","floor":12}],"player_experience":474021,"relics_obtained":[{"floor":7,"key":"Ancient Tea Set"},{"floor":9,"key":"Matryoshka"}],"event_choices":[{"damage_healed":0,"gold_gain":175,"player_choice":"AGREE","damage_taken":0,"max_hp_gain":0,"max_hp_loss":0,"event_name":"Liars Game","floor":2,"gold_loss":0,"cards_obtained":["Doubt"]},{"cards_removed":["Doubt"],"damage_healed":0,"gold_gain":0,"player_choice":"Forget","damage_taken":0,"max_hp_gain":0,"max_hp_loss":0,"event_name":"Living Wall","floor":4,"gold_loss":0},{"damage_healed":0,"gold_gain":0,"player_choice":"Success","damage_taken":12,"relics_obtained":["Toxic Egg 2"],"max_hp_gain":0,"max_hp_loss":0,"event_name":"Scrap Ooze","floor":5,"gold_loss":0},{"cards_removed":["Strike_R"],"damage_healed":0,"gold_gain":0,"player_choice":"Card Removal","damage_taken":0,"max_hp_gain":0,"max_hp_loss":0,"event_name":"The Cleric","floor":10,"gold_loss":50},{"damage_healed":26,"gold_gain":0,"player_choice":"Banana","damage_taken":0,"max_hp_gain":0,"max_hp_loss":0,"event_name":"Big Fish","floor":11,"gold_loss":0}],"is_beta":true,"boss_relics":[],"items_purged_floors":[],"is_endless":false,"potions_floor_spawned":[3,7,8],"killed_by":"3 Sentries","ascension_level":10}