{"gold_per_floor":[112,19,19,94,106,106,137,137,137,137,168,182,182,199,199,303,603,620,40,140,159,173,173,184,184,209,209,120,131,149,168,168,168],"floor_reached":33,"playtime":2953,"items_purged":[],"score":332,"play_id":"0b625523-fe34-4ba4-ab3b-fc2902af3641","local_time":"20190127004953","is_ascension_mode":false,"campfire_choices":[{"data":"All Out Attack","floor":6,"key":"SMITH"},{"data":"Dash","floor":8,"key":"SMITH"},{"data":"1","floor":10,"key":"LIFT"},{"data":"2","floor":15,"key":"LIFT"},{"floor":23,"key":"REST"},{"floor":27,"key":"REST"},{"floor":32,"key":"REST"}],"neow_cost":"NONE","seed_source_timestamp":1787756011979,"circlet_count":0,"master_deck":["Defend_G","Defend_G","Defend_G","Defend_G","Defend_G","Strike_G","Strike_G","Strike_G","Strike_G","Strike_G","Survivor","Neutralize","Blade Dance","Infinite Blades+1","PiercingWail","All Out Attack+1","Dash+1","Deadly Poison","Bouncing Flask","Terror","Adrenaline","Shame","Pain","Decay","Expertise","Mind Blast+1","Footwork","Malaise","Predator+1","Dagger Spray+1","Noxious Fumes","Caltrops","Mind Blast+1","Choke+1","Terror"],"relics":["Ring of the Snake","NeowsBlessing","Shuriken","Girya","Molten Egg 2","Thread and Needle","Calling Bell","Lantern","Letter Opener","Old Coin","Incense Burner","Nunchaku","Pear","Centennial Puzzle"],"potions_floor_usage":[16],"damage_taken":[{"damage":0,"enemies":"Small Slimes","floor":1,"turns":1},{"damage":0,"enemies":"Cultist","floor":5,"turns":1},{"damage":0,"enemies":"Lagavulin","floor":7,"turns":1},{"damage":4,"enemies":"3 Sentries","floor":11,"turns":4},{"damage":0,"enemies":"2 Louse","floor":12,"turns":1},{"damage":1,"enemies":"Exordium Wildlife","floor":14,"turns":4},{"damage":2,"enemies":"Slime Boss","floor":16,"turns":6},{"damage":12,"enemies":"Spheric Guardian","floor":18,"turns":4},{"damage":23,"enemies":"Colosseum Slavers","floor":20,"turns":3},{"damage":11,"enemies":"Colosseum Nobs","floor":20,"turns":4},{"damage":13,"enemies":"Shell Parasite","floor":21,"turns":4},{"damage":15,"enemies":"Shelled Parasite and Fungi","floor":22,"turns":4},{"damage":0,"enemies":"Sentry and Sphere","floor":24,"turns":5},{"damage":11,"enemies":"Chosen and Byrds","floor":29,"turns":3},{"damage":6,"enemies":"Shelled Parasite and Fungi","floor":30,"turns":2},{"damage":12,"enemies":"Snecko","floor":31,"turns":3},{"damage":68,"enemies":"Champ","floor":33,"turns":6}],"seed_played":"-5128346440294420313","potions_obtained":[{"floor":11,"key":"Weak Potion"},{"floor":14,"key":"SteroidPotion"},{"floor":16,"key":"Fruit Juice"},{"floor":20,"key":"SkillPotion"},{"floor":21,"key":"EssenceOfSteel"},{"floor":31,"key":"Fire Potion"}],"is_trial":false,"path_per_floor":["M","$","?","?","M","R","E","R","T","R","E","M","?","M","R","B",null,"M","$","?","M","M","R","M","?","T","R","$","M","M","M","R","B"],"character_chosen":"THE_SILENT","items_purchased":["Infinite Blades","PiercingWail","Incense Burner","Mind Blast+1","Footwork","Malaise","Mind Blast+1"],"campfire_rested":3,"item_purchase_floors":[2,2,19,19,19,19,28],"current_hp_per_floor":[70,70,70,59,59,59,59,59,59,59,55,55,55,54,54,57,75,63,63,39,26,11,36,36,36,36,61,61,50,44,32,57,0],"gold":168,"neow_bonus":"THREE_ENEMY_KILL","is_prod":false,"is_daily":false,"chose_seed":false,"campfire_upgraded":2,"win_rate":0.0,"timestamp":1548571793,"path_taken":["M","$","?","?","M","R","E","R","T","R","E","M","?","M","R","BOSS","M","$","?","M","M","R","M","?","T","R","$","M","M","M","R","BOSS"],"build_version":"2019-01-23","purchased_purges":0,"victory":false,"max_hp_per_floor":[70,70,70,70,70,70,70,70,70,70,70,70,70,70,70,75,75,75,75,85,85,85,85,85,85,85,85,85,85,85,85,85,85],"card_choices":[{"not_picked":["Expertise","Sucker Punch"],"picked":"Blade Dance","floor":1},{"not_picked":["Terror","Backflip"],"picked":"All Out Attack","floor":5},{"not_picked":["Quick Slash","Leg Sweep"],"picked":"Dash","floor":7},{"not_picked":["Calculated Gamble","Acrobatics"],"picked":"Deadly Poison","floor":11},{"not_picked":["Sucker Punch+1","Flechettes+1"],"picked":"Bouncing Flask","floor":12},{"not_picked":["Outmaneuver","Escape Plan"],"picked":"Terror","floor":14},{"not_picked":["Doppelganger","Wraith Form v2"],"picked":"Adrenaline","floor":16},{"not_picked":["Slice+1","Underhanded Strike+1"],"picked":"Expertise","floor":18},{"not_picked":["Prepared","Flying Knee+1"],"picked":"Predator+1","floor":20},{"not_picked":["Blur","Backstab+1"],"picked":"Dagger Spray+1","floor":21},{"not_picked":["Deflect+1","Eviscerate+1"],"picked":"Noxious Fumes","floor":22},{"not_picked":["Blade Dance","Prepared+1"],"picked":"Caltrops","floor":24},{"not_picked":["Venomology","Dagger Spray+1"],"picked":"Choke+1","floor":29},{"not_picked":["Caltrops","Sucker Punch+1","Deflect"],"picked":"SKIP","floor":30},{"not_picked":["Deflect","Blade Dance+1"],"picked":"Terror","floor":31}],"player_experience":7383,"relics_obtained":[{"floor":7,"key":"Shuriken"},{"floor":9,"key":"Girya"},{"floor":11,"key":"Molten Egg 2"},{"floor":17,"key":"Lantern"},{"floor":17,"key":"Letter Opener"},{"floor":17,"key":"Old Coin"},{"floor":20,"key":"Nunchaku"},{"floor":20,"key":"Pear"},{"floor":26,"key":"Centennial Puzzle"}],"event_choices":[{"damage_healed":0,"gold_gain":0,"player_choice":"Grow","damage_taken":0,"max_hp_gain":0,"max_hp_loss":0,"event_name":"Living Wall","floor":3,"gold_loss":0,"cards_upgraded":["Infinite Blades"]},{"damage_healed":0,"gold_gain":75,"player_choice":"Gather Gold","damage_taken":11,"max_hp_gain":0,"max_hp_loss":0,"event_name":"World of Goop","floor":4,"gold_loss":0},{"damage_healed":0,"gold_gain":0,"player_choice":"Gave Potion","damage_taken":0,"relics_obtained":["Thread and Needle"],"max_hp_gain":0,"max_hp_loss":0,"event_name":"WeMeetAgain","floor":13,"gold_loss":0},{"damage_healed":0,"gold_gain":0,"player_choice":"Fight","damage_taken":0,"max_hp_gain":0,"max_hp_loss":0,"event_name":"Colosseum","floor":20,"gold_loss":0},{"damage_healed":0,"gold_gain":0,"player_choice":"Fought Nobs","damage_taken":0,"max_hp_gain":0,"max_hp_loss":0,"event_name":"Colosseum","floor":20,"gold_loss":0},{"damage_healed":0,"gold_gain":0,"player_choice":"Ignored","damage_taken":0,"max_hp_gain":0,"max_hp_loss":0,"event_name":"The Mausoleum","floor":25,"gold_loss":0}],"is_beta":false,"boss_relics":[{"not_picked":["Cursed Key","Empty Cage"],"picked":"Calling Bell"}],"items_purged_floors":[],"is_endless":false,"potions_floor_spawned":[11,14,16,20,21,29,30,31],"killed_by":"Champ","ascension_level":0}