{"gold_per_floor":[112,139,46,46,46,110,110,153,153,153,103,278,302,227,227,323,323,348,348,348,131,131,131,151,151,232,232],"floor_reached":27,"playtime":822,"items_purged":["Doubt","Strike_B"],"score":434,"play_id":"8a318c03-fa74-428b-aab9-3582e4ae861a","local_time":"20190208065310","is_ascension_mode":true,"campfire_choices":[{"data":"Discovery","floor":7,"key":"SMITH"},{"data":"Zap","floor":10,"key":"SMITH"},{"data":"Dualcast","floor":15,"key":"SMITH"},{"data":"Defragment","floor":23,"key":"SMITH"}],"neow_cost":"NONE","seed_source_timestamp":122062660171934,"circlet_count":0,"master_deck":["AscendersBane","Strike_B","Strike_B","Defend_B+1","Defend_B","Defend_B","Defend_B","Zap+1","Dualcast+1","Chill+1","Discovery+1","BootSequence","Rainbow","Steam+1","Defragment+1","FTL"],"relics":["Cracked Core","NeowsBlessing","Boot","Golden Idol","Tiny Chest","Orichalcum","War Paint","Philosopher\u0027s Stone","WingedGreaves","Frozen Egg 2","Dodecahedron"],"potions_floor_usage":[],"damage_taken":[{"damage":0,"enemies":"Cultist","floor":1,"turns":1},{"damage":0,"enemies":"3 Sentries","floor":6,"turns":1},{"damage":0,"enemies":"Gremlin Nob","floor":8,"turns":1},{"damage":0,"enemies":"Jaw Worm","floor":13,"turns":3},{"damage":51,"enemies":"Slime Boss","floor":16,"turns":11},{"damage":10,"enemies":"Shell Parasite","floor":18,"turns":5},{"damage":8,"enemies":"Spheric Guardian","floor":24,"turns":4},{"damage":45,"enemies":"Snecko","floor":27,"turns":8}],"seed_played":"4935721155166742143","potions_obtained":[{"floor":1,"key":"Dexterity Potion"},{"floor":16,"key":"Ancient Potion"}],"is_trial":false,"path_per_floor":["M","T","$","?","$","E","R","E","T","R","?","?","M","$","R","B",null,"M","$","?","$","T","R","M","T","T","M"],"character_chosen":"DEFECT","items_purchased":["Discovery","Defragment","FTL"],"campfire_rested":0,"item_purchase_floors":[3,21,21],"current_hp_per_floor":[68,68,68,68,68,68,68,68,68,68,68,68,68,68,68,17,56,46,46,46,46,46,46,38,38,38,0],"gold":232,"neow_bonus":"THREE_ENEMY_KILL","is_prod":false,"is_daily":false,"chose_seed":false,"campfire_upgraded":4,"win_rate":0,"timestamp":1549608790,"path_taken":["M","?","$","?","$","E","R","E","T","R","?","?","?","$","R","BOSS","M","$","?","$","?","R","M","?","T","?"],"build_version":"2019-02-06","purchased_purges":2,"victory":false,"max_hp_per_floor":[75,75,75,69,69,69,69,69,69,69,69,69,69,69,69,69,69,69,69,69,69,69,69,69,69,69,69],"card_choices":[{"not_picked":["Sweeping Beam","Rip and Tear"],"picked":"Chill","floor":1},{"not_picked":["Sunder","Cold Snap"],"picked":"BootSequence","floor":6},{"not_picked":["Stack","Storm","Scrape"],"picked":"SKIP","floor":8},{"not_picked":["Reinforced Body","Rebound","Ball Lightning"],"picked":"SKIP","floor":13},{"not_picked":["Thunder Strike","Multi-Cast"],"picked":"Rainbow","floor":16},{"not_picked":["Barrage","Conserve Battery"],"picked":"Steam+1","floor":18},{"not_picked":["Beam Cell","Streamline","Sweeping Beam"],"picked":"SKIP","floor":24}],"player_experience":582865,"relics_obtained":[{"floor":2,"key":"Boot"},{"floor":6,"key":"Tiny Chest"},{"floor":8,"key":"Orichalcum"},{"floor":9,"key":"War Paint"},{"floor":22,"key":"WingedGreaves"},{"floor":25,"key":"Frozen Egg 2"},{"floor":26,"key":"Dodecahedron"}],"event_choices":[{"damage_healed":0,"gold_gain":0,"player_choice":"Lose Max HP","damage_taken":0,"relics_obtained":["Golden Idol"],"max_hp_gain":0,"max_hp_loss":6,"event_name":"Golden Idol","floor":4,"gold_loss":0},{"cards_removed":["Strike_B"],"damage_healed":0,"gold_gain":0,"player_choice":"Card Removal","damage_taken":0,"max_hp_gain":0,"max_hp_loss":0,"event_name":"The Cleric","floor":11,"gold_loss":50},{"damage_healed":0,"gold_gain":175,"player_choice":"AGREE","damage_taken":0,"max_hp_gain":0,"max_hp_loss":0,"event_name":"Liars Game","floor":12,"gold_loss":0,"cards_obtained":["Doubt"]},{"damage_healed":0,"gold_gain":0,"player_choice":"Ignored","damage_taken":0,"max_hp_gain":0,"max_hp_loss":0,"event_name":"Vampires","floor":20,"gold_loss":0}],"is_beta":true,"boss_relics":[{"not_picked":["Calling Bell","Velvet Choker"],"picked":"Philosopher\u0027s Stone"}],"items_purged_floors":[14,21],"is_endless":false,"potions_floor_spawned":[1,16,18],"killed_by":"Snecko","ascension_level":13}