{"gold_per_floor":[115,127,58,133,94,94,269,287,287,287,287,303,129,140,140,140],"floor_reached":16,"playtime":150,"items_purged":["Strike_B"],"score":90,"play_id":"e65a9931-0555-4724-a399-f5be8c0baf1e","local_time":"20190202125713","is_ascension_mode":false,"campfire_choices":[{"data":"Sunder","floor":6,"key":"SMITH"},{"floor":15,"key":"REST"}],"neow_cost":"NONE","seed_source_timestamp":37881593176459,"circlet_count":0,"master_deck":["Strike_B","Strike_B","Defend_B","Defend_B","Defend_B","Defend_B","Zap","Dualcast","Hologram","Chill","Hello World","Sunder+1","Capacitor","Rebound","Coolheaded","Conserve Battery","Conserve Battery"],"relics":["Cracked Core","NeowsBlessing","Blue Candle"],"potions_floor_usage":[],"damage_taken":[{"damage":0,"enemies":"2 Louse","floor":1,"turns":1},{"damage":0,"enemies":"Jaw Worm","floor":2,"turns":1},{"damage":0,"enemies":"Cultist","floor":8,"turns":1},{"damage":20,"enemies":"Exordium Thugs","floor":12,"turns":3},{"damage":4,"enemies":"2 Fungi Beasts","floor":14,"turns":5},{"damage":0,"enemies":"Hexaghost","floor":16,"turns":1}],"seed_played":"1933547753308940297","potions_obtained":[{"floor":1,"key":"Weak Potion"},{"floor":8,"key":"Ancient Potion"},{"floor":14,"key":"FocusPotion"}],"is_trial":false,"path_per_floor":["M","M","$","?","$","R","?","M","T","?","?","M","$","M","R","B"],"character_chosen":"DEFECT","items_purchased":["Hello World","Sunder","Coolheaded","Conserve Battery"],"campfire_rested":1,"item_purchase_floors":[3,5,13,13],"current_hp_per_floor":[75,75,75,64,64,64,64,64,64,57,57,37,37,33,55,55],"gold":140,"neow_bonus":"THREE_ENEMY_KILL","is_prod":false,"is_daily":false,"chose_seed":false,"campfire_upgraded":1,"win_rate":0,"timestamp":1549141033,"path_taken":["M","M","$","?","$","R","?","M","T","?","?","M","$","M","R","BOSS"],"build_version":"2019-01-23","purchased_purges":1,"victory":false,"max_hp_per_floor":[75,75,75,75,75,75,75,75,75,75,75,75,75,75,75,75],"card_choices":[{"not_picked":["Double Energy","Conserve Battery"],"picked":"Hologram","floor":1},{"not_picked":["Reprogram","Barrage"],"picked":"Chill","floor":2},{"not_picked":["Blizzard","Tempest"],"picked":"Capacitor","floor":8},{"not_picked":["Conserve Battery","Leap"],"picked":"Rebound","floor":12},{"not_picked":["Barrage","Lockon"],"picked":"Conserve Battery","floor":14}],"player_experience":1099879,"relics_obtained":[{"floor":9,"key":"Blue Candle"}],"event_choices":[{"damage_healed":0,"gold_gain":75,"player_choice":"Gather Gold","damage_taken":11,"max_hp_gain":0,"max_hp_loss":0,"event_name":"World of Goop","floor":4,"gold_loss":0},{"damage_healed":0,"gold_gain":175,"player_choice":"AGREE","damage_taken":0,"max_hp_gain":0,"max_hp_loss":0,"event_name":"Liars Game","floor":7,"gold_loss":0,"cards_obtained":["Doubt"]},{"cards_removed":["Doubt"],"damage_healed":0,"gold_gain":0,"player_choice":"Card Removal","damage_taken":7,"max_hp_gain":0,"max_hp_loss":0,"event_name":"Golden Wing","floor":10,"gold_loss":0},{"cards_removed":["Strike_B"],"damage_healed":0,"gold_gain":0,"player_choice":"Purged","damage_taken":0,"max_hp_gain":0,"max_hp_loss":0,"event_name":"Purifier","floor":11,"gold_loss":0}],"is_beta":true,"boss_relics":[],"items_purged_floors":[13],"is_endless":false,"potions_floor_spawned":[1,8,14],"killed_by":"Hexaghost","ascension_level":0}