{"gold_per_floor":[114,94,110,125,141,168,168,19,70,97,97,4,31,50,50,152,152,169,13,13,0,10,10,10,10,35,49,49,65,65,25,25,126,126,141,141,60,60,79,79,105,105,157,167,167],"floor_reached":45,"playtime":1931,"items_purged":[],"score":894,"play_id":"8344aa89-8a9d-42ba-97eb-7f05ad9eb26a","local_time":"20190130225323","is_ascension_mode":true,"campfire_choices":[{"data":"Dualcast","floor":7.0,"key":"SMITH"},{"data":"Zap","floor":11.0,"key":"SMITH"},{"data":"Buffer","floor":15.0,"key":"SMITH"},{"data":"Redo","floor":23.0,"key":"SMITH"},{"data":"Redo","floor":25.0,"key":"SMITH"},{"floor":32.0,"key":"REST"},{"floor":40,"key":"REST"},{"data":"Secret Technique","floor":42,"key":"SMITH"}],"neow_cost":"PERCENT_DAMAGE","seed_source_timestamp":0,"circlet_count":0,"master_deck":["AscendersBane","Strike_B+1","Strike_B+1","Defend_B","Defend_B","Defend_B","Defend_B","Zap+1","Dualcast+1","Auto Shields","Doom and Gloom","Flash of Steel+1","Cold Snap+1","BootSequence","Panacea","Buffer+1","Melter+1","Machine Learning","White Noise","Redo+1","Redo+1","FTL+1","Necronomicurse","Go for the Eyes+1","Steam","Chill","Fusion","Multi-Cast","Dark Shackles","Secret Technique+1","Discovery+1","Defragment","Core Surge+1","Self Repair+1"],"special_seed":0,"relics":["Cracked Core","FossilizedHelix","Molten Egg 2","Whetstone","Blood Vial","Pen Nib","Orrery","Oddly Smooth Stone","Necronomicon","Potion Belt","Nuclear Battery","Dream Catcher","Orichalcum"],"potions_floor_usage":[33,33,41,41],"damage_taken":[{"damage":0.0,"enemies":"Small Slimes","floor":1.0,"turns":3.0},{"damage":0.0,"enemies":"Cultist","floor":3.0,"turns":3.0},{"damage":0.0,"enemies":"2 Louse","floor":4.0,"turns":3.0},{"damage":0.0,"enemies":"Blue Slaver","floor":5.0,"turns":4.0},{"damage":0.0,"enemies":"3 Sentries","floor":6.0,"turns":5.0},{"damage":20.0,"enemies":"Gremlin Nob","floor":10.0,"turns":5.0},{"damage":3.0,"enemies":"Lagavulin","floor":13.0,"turns":6.0},{"damage":0.0,"enemies":"3 Louse","floor":14.0,"turns":2.0},{"damage":0.0,"enemies":"Slime Boss","floor":16.0,"turns":10.0},{"damage":17.0,"enemies":"3 Byrds","floor":18.0,"turns":5.0},{"damage":0.0,"enemies":"2 Thieves","floor":22.0,"turns":4.0},{"damage":18.0,"enemies":"Snake Plant","floor":27.0,"turns":3.0},{"damage":0.0,"enemies":"Centurion and Healer","floor":29.0,"turns":5.0},{"damage":23,"enemies":"Collector","floor":33,"turns":9},{"damage":36,"enemies":"3 Darklings","floor":35,"turns":4},{"damage":0,"enemies":"3 Shapes","floor":39,"turns":4},{"damage":0,"enemies":"Giant Head","floor":41,"turns":9},{"damage":12,"enemies":"3 Darklings","floor":44,"turns":4},{"damage":59,"enemies":"Reptomancer","floor":45,"turns":4}],"seed_played":"-1901450559351216889","potions_obtained":[{"floor":1.0,"key":"Energy Potion"},{"floor":2.0,"key":"Energy Potion"},{"floor":10.0,"key":"Poison Potion"},{"floor":22.0,"key":"Strength Potion"},{"floor":29.0,"key":"AttackPotion"},{"floor":35,"key":"Energy Potion"}],"is_trial":false,"path_per_floor":["M","?","M","M","M","E","R","$","T","E","R","$","E","M","R","B",null,"M","$","?","?","M","R","?","R","T","M","?","M","$","$","R","B",null,"M","?","$","?","M","R","E","R","T","M","E"],"character_chosen":"DEFECT","items_purchased":["Flash of Steel+1","Cold Snap+1","Panacea","Oddly Smooth Stone","Fusion","Defragment"],"campfire_rested":2,"item_purchase_floors":[8,8,12,19,31,37],"current_hp_per_floor":[50,50,50,50,50,50,50,50,50,30,30,30,29,31,31,33,65,50,50,34,34,36,36,36,36,36,20,20,22,22,22,44,23,62,28,18,18,18,20,42,44,44,44,34,0],"gold":167,"neow_bonus":"ONE_RARE_RELIC","is_prod":false,"is_daily":false,"chose_seed":false,"campfire_upgraded":6,"win_rate":0,"timestamp":1548888803,"path_taken":["M","?","M","M","?","E","R","$","T","E","R","?","E","M","R","BOSS","M","$","?","?","M","R","?","R","T","M","?","M","?","$","R","BOSS","M","?","$","?","M","R","E","R","T","?","E"],"build_version":"2019-01-23","purchased_purges":0,"victory":false,"max_hp_per_floor":[75,75,75,75,75,75,75,75,75,75,75,75,75,75,75,75,75,75,75,75,75,75,75,75,75,75,75,75,75,75,75,75,75,75,75,75,75,75,75,75,75,75,75,75,75],"card_choices":[{"not_picked":["Sweeping Beam","Steam"],"picked":"Auto Shields","floor":1.0},{"not_picked":["Stack","Turbo","Genetic Algorithm"],"picked":"SKIP","floor":3.0},{"not_picked":["Barrage","Blizzard"],"picked":"Doom and Gloom","floor":4.0},{"not_picked":["Hologram","Conserve Battery","Tempest"],"picked":"SKIP","floor":5.0},{"not_picked":["Doom and Gloom","Capacitor","Streamline"],"picked":"SKIP","floor":6.0},{"not_picked":["Gash+1","Sweeping Beam+1"],"picked":"BootSequence","floor":10.0},{"not_picked":["Fusion","Steam"],"picked":"Buffer","floor":13.0},{"not_picked":["Hologram","Scrape+1"],"picked":"Melter+1","floor":14.0},{"not_picked":["Multi-Cast","Hyperbeam+1"],"picked":"Machine Learning","floor":16.0},{"not_picked":["Streamline+1","Stack"],"picked":"White Noise","floor":17.0},{"not_picked":["Conserve Battery","Turbo"],"picked":"Redo","floor":17.0},{"not_picked":["Turbo","Ball Lightning+1"],"picked":"Redo","floor":17.0},{"not_picked":["Cold Snap+1","Hello World"],"picked":"FTL+1","floor":18.0},{"not_picked":["Streamline+1","Conserve Battery","Rip and Tear+1"],"picked":"SKIP","floor":22.0},{"not_picked":["Coolheaded","Static Discharge"],"picked":"Go for the Eyes+1","floor":27.0},{"not_picked":["Stack","Tempest","Coolheaded"],"picked":"SKIP","floor":29.0},{"not_picked":["Thunder Strike+1","All For One+1"],"picked":"Multi-Cast","floor":33},{"not_picked":["Beam Cell+1","Redo","Rebound+1"],"picked":"SKIP","floor":35},{"not_picked":["PanicButton","Dramatic Entrance+1"],"picked":"Dark Shackles","floor":36},{"not_picked":["Thinking Ahead","Swift Strike+1"],"picked":"Secret Technique","floor":36},{"not_picked":["Impatience","Forethought"],"picked":"Discovery","floor":36},{"not_picked":["Steam","Coolheaded+1","Static Discharge"],"picked":"SKIP","floor":39},{"not_picked":["Beam Cell+1","Auto Shields"],"picked":"Core Surge+1","floor":41},{"not_picked":["Ball Lightning+1","BootSequence"],"picked":"Self Repair+1","floor":44}],"player_experience":531950,"relics_obtained":[{"floor":6.0,"key":"Molten Egg 2"},{"floor":9.0,"key":"Whetstone"},{"floor":10.0,"key":"Blood Vial"},{"floor":13.0,"key":"Pen Nib"},{"floor":20.0,"key":"Necronomicon"},{"floor":26.0,"key":"Potion Belt"},{"floor":41,"key":"Dream Catcher"},{"floor":43,"key":"Orichalcum"}],"event_choices":[{"damage_healed":0.0,"max_hp_gain":0.0,"max_hp_loss":0.0,"gold_gain":0.0,"event_name":"The Woman in Blue","player_choice":"Bought 1 Potion","floor":2.0,"gold_loss":0.0,"damage_taken":0.0},{"damage_healed":0.0,"max_hp_gain":0.0,"max_hp_loss":0.0,"gold_gain":0.0,"event_name":"Cursed Tome","player_choice":"Obtained Book","floor":20.0,"gold_loss":0.0,"damage_taken":16.0},{"damage_healed":0.0,"max_hp_gain":0.0,"max_hp_loss":0.0,"gold_gain":0.0,"event_name":"Masked Bandits","player_choice":"Paid Fearfully","floor":21.0,"gold_loss":13.0,"damage_taken":0.0},{"damage_healed":0.0,"max_hp_gain":0.0,"max_hp_loss":0.0,"gold_gain":0.0,"cards_transformed":["Strike_B","Strike_B"],"event_name":"Drug Dealer","player_choice":"Became Test Subject","floor":28.0,"gold_loss":0.0,"damage_taken":0.0,"cards_obtained":["Steam","Chill"]},{"damage_healed":0,"gold_gain":0,"player_choice":"Memory 3","damage_taken":10,"max_hp_gain":0,"max_hp_loss":0,"event_name":"SensoryStone","floor":36,"gold_loss":0},{"damage_healed":0,"gold_gain":0,"player_choice":"Forge","damage_taken":0,"max_hp_gain":0,"max_hp_loss":0,"event_name":"Accursed Blacksmith","floor":38,"gold_loss":0,"cards_upgraded":["Discovery"]}],"is_beta":true,"boss_relics":[{"not_picked":["Fusion Hammer","Runic Pyramid"],"picked":"Orrery"},{"not_picked":["Astrolabe","FrozenCore"],"picked":"Nuclear Battery"}],"items_purged_floors":[],"is_endless":false,"potions_floor_spawned":[1,4,10,22,29,35],"killed_by":"Reptomancer","ascension_level":12}