{"gold_per_floor":[115,126,126,126,155,194,206,218,230,262,307,333,345,113,113,113],"floor_reached":16,"playtime":358,"items_purged":["Strike_B"],"score":171,"play_id":"7511610f-fca8-4f91-9cfa-bc3da3a7d43d","local_time":"20190130193646","is_ascension_mode":true,"campfire_choices":[{"data":"Beam Cell","floor":7,"key":"SMITH"},{"floor":13,"key":"REST"},{"data":"Zap","floor":15,"key":"SMITH"}],"neow_cost":"NONE","seed_source_timestamp":1740486523941712,"circlet_count":0,"master_deck":["AscendersBane","Strike_B","Strike_B","Strike_B","Defend_B","Defend_B","Defend_B+1","Zap+1","Dualcast+1","Gash","Undo","Leap","Beam Cell+1","Gash","Coolheaded+1","Coolheaded+1","Sadistic Nature"],"relics":["Cracked Core","NeowsBlessing","MawBank","PreservedInsect","Toxic Egg 2","War Paint"],"potions_floor_usage":[6,12],"damage_taken":[{"damage":0,"enemies":"Cultist","floor":1,"turns":1},{"damage":0,"enemies":"Jaw Worm","floor":2,"turns":1},{"damage":0,"enemies":"Small Slimes","floor":5,"turns":1},{"damage":8,"enemies":"Gremlin Nob","floor":6,"turns":4},{"damage":8,"enemies":"Looter","floor":10,"turns":3},{"damage":21,"enemies":"3 Sentries","floor":11,"turns":7},{"damage":0,"enemies":"Exordium Wildlife","floor":12,"turns":5},{"damage":29,"enemies":"Slime Boss","floor":16,"turns":3}],"seed_played":"-2196639701682036678","potions_obtained":[{"floor":1,"key":"Energy Potion"},{"floor":5,"key":"AttackPotion"},{"floor":6,"key":"SpeedPotion"},{"floor":11,"key":"Block Potion"}],"is_trial":false,"path_per_floor":["M","M","?","?","M","E","R","?","T","M","E","M","R","$","R","B"],"character_chosen":"DEFECT","items_purchased":["Sadistic Nature"],"campfire_rested":1,"item_purchase_floors":[14],"current_hp_per_floor":[68,68,61,43,43,35,35,35,35,27,6,6,28,28,28,0],"gold":113,"neow_bonus":"THREE_ENEMY_KILL","is_prod":false,"is_daily":false,"chose_seed":false,"campfire_upgraded":2,"win_rate":0,"timestamp":1548877006,"path_taken":["M","M","?","?","M","E","R","?","T","M","E","M","R","?","R","BOSS"],"build_version":"2019-01-23","purchased_purges":1,"victory":false,"max_hp_per_floor":[75,75,75,75,75,75,75,75,75,75,75,75,75,75,75,75],"card_choices":[{"not_picked":["Loop","Go for the Eyes"],"picked":"Gash","floor":1},{"not_picked":["Turbo","Go for the Eyes"],"picked":"Undo","floor":2},{"not_picked":["Loop","Consume"],"picked":"Leap","floor":5},{"not_picked":["Steam","Stack"],"picked":"Beam Cell","floor":6},{"not_picked":["Aggregate+1","Stack+1"],"picked":"Gash","floor":10},{"not_picked":["Compile Driver","Go for the Eyes"],"picked":"Coolheaded+1","floor":11},{"not_picked":["Rebound","Ball Lightning"],"picked":"Coolheaded+1","floor":12}],"player_experience":524614,"relics_obtained":[{"floor":6,"key":"PreservedInsect"},{"floor":9,"key":"Toxic Egg 2"},{"floor":11,"key":"War Paint"}],"event_choices":[{"cards_removed":["Defend_B"],"damage_healed":0,"gold_gain":0,"player_choice":"Card Removal","damage_taken":7,"max_hp_gain":0,"max_hp_loss":0,"event_name":"Golden Wing","floor":3,"gold_loss":0},{"damage_healed":0,"gold_gain":0,"player_choice":"Success","damage_taken":18,"relics_obtained":["MawBank"],"max_hp_gain":0,"max_hp_loss":0,"event_name":"Scrap Ooze","floor":4,"gold_loss":0},{"damage_healed":0,"gold_gain":0,"player_choice":"Ignored","damage_taken":0,"max_hp_gain":0,"max_hp_loss":0,"event_name":"Liars Game","floor":8,"gold_loss":0}],"is_beta":true,"boss_relics":[],"items_purged_floors":[14],"is_endless":false,"potions_floor_spawned":[1,5,6,10,11],"killed_by":"Slime Boss","ascension_level":11}