{"path_per_floor":["M","?","M","?","M","R","E","R","T","M","M","M","M","M","R","B",null,"M","?","$","M","?","R","M","R","T"],"character_chosen":"DEFECT","items_purchased":["Thinking Ahead","Finesse"],"gold_per_floor":[16,16,33,33,48,48,80,80,80,100,114,127,141,161,161,258,258,275,310,22,35,35,35,51,51,74,74],"floor_reached":27,"campfire_rested":4,"playtime":1060,"current_hp_per_floor":[73,73,72,57,57,57,13,35,35,35,35,35,32,31,53,34,75,74,25,25,11,11,33,7,29,29,0],"items_purged":[],"gold":74,"score":260,"play_id":"dac037ef-d90c-4061-ae90-630c67ec340e","local_time":"20180511131908","is_prod":false,"is_daily":false,"chose_seed":false,"is_ascension_mode":true,"campfire_upgraded":1,"timestamp":1526069948,"path_taken":["M","?","M","?","?","R","E","R","T","M","M","M","M","M","R","BOSS","M","?","$","M","?","R","M","R","T","M"],"build_version":"2018-05-10","seed_source_timestamp":136404786737073,"purchased_purges":0,"victory":false,"master_deck":["Strike_B","Strike_B","Strike_B","Strike_B+1","Defend_B","Defend_B+1","Defend_B","Defend_B","White Noise","Rebound+1","Sunder","Thinking Ahead","Finesse"],"max_hp_per_floor":[75,75,75,75,75,75,75,75,75,75,75,75,75,75,75,75,75,75,75,75,75,75,75,75,75,75,75],"relics":["Cracked Core","Sundial","Thread and Needle","White Beast Statue","Red Mask","Juzu Bracelet"],"card_choices":[{"not_picked":["Go for the Eyes","Melter"],"picked":"Sunder","floor":3}],"player_experience":203714,"potions_floor_usage":[10,11,14,16,19,19,19,21,24],"damage_taken":[{"damage":2,"enemies":"2 Louse","floor":1,"turns":3},{"damage":1,"enemies":"Cultist","floor":3,"turns":3},{"damage":0,"enemies":"Jaw Worm","floor":5,"turns":3},{"damage":44,"enemies":"Gremlin Nob","floor":7,"turns":5},{"damage":0,"enemies":"2 Fungi Beasts","floor":10,"turns":3},{"damage":0,"enemies":"Red Slaver","floor":11,"turns":4},{"damage":0,"enemies":"Exordium Wildlife","floor":12,"turns":2},{"damage":3,"enemies":"Blue Slaver","floor":13,"turns":3},{"damage":1,"enemies":"Looter","floor":14,"turns":3},{"damage":23,"enemies":"Slime Boss","floor":16,"turns":9},{"damage":1,"enemies":"Spheric Guardian","floor":18,"turns":3},{"damage":49,"enemies":"Masked Bandits","floor":19,"turns":6},{"damage":14,"enemies":"2 Thieves","floor":21,"turns":4},{"damage":34,"enemies":"Snake Plant","floor":24,"turns":6},{"damage":36,"enemies":"Sentry and Sphere","floor":27,"turns":7}],"event_choices":[{"event_name":"The Cleric","player_choice":"Leave","floor":2,"damage_taken":0},{"event_name":"Shining Light","player_choice":"Entered Light","floor":4,"damage_taken":0},{"event_name":"Masked Bandits","player_choice":"Fought over 275 gold","floor":19,"damage_taken":0},{"event_name":"Beggar","player_choice":"Ignored","floor":22,"damage_taken":0}],"boss_relics":[{"not_picked":["Velvet Choker","Lizard Tail"],"picked":"White Beast Statue"}],"potions_floor_spawned":[3,10,12,13,18,19,21,24],"seed_played":"-7215838515133785181","killed_by":"Sentry and Sphere","ascension_level":4,"is_trial":false}