{"gold_per_floor":[144,144,144,189,234,324,324,369,369,414,459,504,504],"floor_reached":13,"playtime":432,"items_purged":[],"score":89,"play_id":"471f60a5-199b-41ea-8a01-1af510eac6d8","local_time":"20181227202059","daily_mods":["Heirloom","Uncertain Future","Midas"],"is_ascension_mode":false,"campfire_choices":[{"floor":7,"key":"REST"},{"floor":13,"key":"REST"}],"neow_cost":"","seed_source_timestamp":0,"circlet_count":0,"master_deck":["Strike_R","Strike_R","Strike_R+1","Strike_R+1","Strike_R","Defend_R","Defend_R","Defend_R","Defend_R","Bash","Rage+1","Shockwave","Double Tap","Flex","Shockwave","Headbutt","Uppercut"],"special_seed":17892,"relics":["Burning Blood","Charon\u0027s Ashes","Dream Catcher","StoneCalendar"],"potions_floor_usage":[],"damage_taken":[{"damage":8,"enemies":"Jaw Worm","floor":1,"turns":4},{"damage":10,"enemies":"Small Slimes","floor":4,"turns":4},{"damage":0,"enemies":"Cultist","floor":5,"turns":3},{"damage":28,"enemies":"Gremlin Nob","floor":6,"turns":5},{"damage":2,"enemies":"Exordium Wildlife","floor":8,"turns":2},{"damage":0,"enemies":"Large Slime","floor":10,"turns":4},{"damage":1,"enemies":"Exordium Thugs","floor":11,"turns":4},{"damage":0,"enemies":"3 Louse","floor":12,"turns":3}],"seed_played":"-1575734639931517173","potions_obtained":[{"floor":6,"key":"SteroidPotion"},{"floor":8,"key":"Strength Potion"},{"floor":11,"key":"Explosive Potion"}],"is_trial":false,"path_per_floor":["M","?","?","M","M","E","R","M","T","M","M","M","R"],"character_chosen":"IRONCLAD","items_purchased":[],"campfire_rested":2,"item_purchase_floors":[],"current_hp_per_floor":[78,62,62,58,64,42,66,70,70,76,80,80,80],"gold":504,"neow_bonus":"","is_prod":false,"is_daily":true,"chose_seed":false,"campfire_upgraded":0,"win_rate":0,"timestamp":1545942059,"path_taken":["M","?","?","?","M","E","R","M","T","M","M","M","R"],"build_version":"2018-12-25","purchased_purges":0,"victory":false,"max_hp_per_floor":[80,80,80,80,80,80,80,80,80,80,80,80,80],"card_choices":[{"not_picked":["True Grit","Armaments"],"picked":"Rage","floor":1},{"not_picked":["Havoc","Cleave"],"picked":"Shockwave","floor":4},{"not_picked":["Headbutt","Anger"],"picked":"Double Tap","floor":5},{"not_picked":["Fire Breathing","Bloodletting"],"picked":"Flex","floor":6},{"not_picked":["Pommel Strike","Iron Wave"],"picked":"Shockwave","floor":7},{"not_picked":["Shrug It Off","Combust"],"picked":"Headbutt","floor":8},{"not_picked":["Wild Strike","True Grit","Searing Blow"],"picked":"SKIP","floor":10},{"not_picked":["Double Tap","Warcry"],"picked":"Uppercut","floor":11},{"not_picked":["Heavy Blade","True Grit","Cleave"],"picked":"SKIP","floor":12}],"player_experience":353136,"relics_obtained":[{"floor":6,"key":"Dream Catcher"},{"floor":9,"key":"StoneCalendar"}],"event_choices":[{"damage_healed":0,"gold_gain":0,"player_choice":"Entered Light","damage_taken":16,"max_hp_gain":0,"max_hp_loss":0,"event_name":"Shining Light","floor":2,"gold_loss":0,"cards_upgraded":["Strike_R","Strike_R"]},{"damage_healed":0,"gold_gain":0,"player_choice":"Grow","damage_taken":0,"max_hp_gain":0,"max_hp_loss":0,"event_name":"Living Wall","floor":3,"gold_loss":0,"cards_upgraded":["Rage"]}],"is_beta":true,"boss_relics":[],"items_purged_floors":[],"is_endless":false,"potions_floor_spawned":[6,8,11],"ascension_level":0}