{"path_per_floor":["M","$","M","M","M","R","?","?","T","M","M","M","R","T","R","B",null,"M","M"],"character_chosen":"DEFECT","items_purchased":["Capacitor"],"gold_per_floor":[115,65,77,87,105,105,135,85,85,98,109,120,120,120,120,225,225,236,254,254],"floor_reached":20,"campfire_rested":1,"playtime":654,"current_hp_per_floor":[74,74,71,70,70,70,61,61,61,61,59,48,48,48,70,35,75,48,9,0],"items_purged":[],"gold":254,"score":168,"play_id":"9ba5c960-ab19-4857-bd65-eecad4d04f53","local_time":"20180503192618","is_prod":false,"is_daily":false,"chose_seed":false,"is_ascension_mode":false,"campfire_upgraded":2,"timestamp":1525400778,"path_taken":["M","$","M","?","M","R","?","?","T","M","M","M","R","?","R","BOSS","M","M","M"],"build_version":"2018-05-02","seed_source_timestamp":1387417647718125,"purchased_purges":0,"victory":false,"master_deck":["Strike_B","Strike_B","Strike_B","Defend_B","Defend_B","Defend_B","Defend_B","Zap+1","Dualcast","Capacitor","Ball Lightning","Prime+1","Sunder","Storm"],"max_hp_per_floor":[75,75,75,75,75,75,75,75,75,75,75,75,75,75,75,75,75,75,75,75],"relics":["Cracked Core","Odd Mushroom","Thread and Needle","Matryoshka","Philosopher\u0027s Stone"],"card_choices":[{"not_picked":["Hello World","Skim"],"picked":"Ball Lightning","floor":5},{"not_picked":["Conserve Battery","Force Field"],"picked":"Prime","floor":7},{"not_picked":["Cold Snap","Loop"],"picked":"Sunder","floor":11},{"not_picked":["Meteor Strike","Hologram"],"picked":"Storm","floor":12}],"player_experience":147167,"potions_floor_usage":[5,7,16],"damage_taken":[{"damage":1,"enemies":"Cultist","floor":1,"turns":3},{"damage":3,"enemies":"Jaw Worm","floor":3,"turns":4},{"damage":1,"enemies":"2 Louse","floor":4,"turns":2},{"damage":0,"enemies":"2 Fungi Beasts","floor":5,"turns":2},{"damage":9,"enemies":"The Mushroom Lair","floor":7,"turns":4},{"damage":0,"enemies":"Looter","floor":10,"turns":3},{"damage":2,"enemies":"Blue Slaver","floor":11,"turns":3},{"damage":11,"enemies":"Exordium Thugs","floor":12,"turns":4},{"damage":35,"enemies":"Slime Boss","floor":16,"turns":9},{"damage":27,"enemies":"Spheric Guardian","floor":18,"turns":4},{"damage":39,"enemies":"Shell Parasite","floor":19,"turns":6},{"damage":14,"enemies":"3 Cultists","floor":20,"turns":2}],"event_choices":[{"event_name":"Mushrooms","player_choice":"Fought Mushrooms","floor":7,"damage_taken":0},{"event_name":"The Cleric","player_choice":"Card Removal","floor":8,"damage_taken":0}],"boss_relics":[{"not_picked":["Velvet Choker","Calling Bell"],"picked":"Philosopher\u0027s Stone"}],"potions_floor_spawned":[1,4,12,16,18,19],"seed_played":"-5658875136979247064","killed_by":"3 Cultists","ascension_level":0,"is_trial":false}