{"gold_per_floor":[119,119,135,135,145,145,178,189,189,113,113,130,92,109,109,183,183,194,1,13,26,26,26,26],"floor_reached":24,"playtime":1135,"items_purged":["Storm of Steel"],"score":327,"play_id":"bd19474c-eda6-4baf-9e4d-8fdf45aa16f8","local_time":"20190209225021","is_ascension_mode":true,"campfire_choices":[{"data":"Sucker Punch","floor":6,"key":"SMITH"},{"data":"Noxious Fumes","floor":11,"key":"SMITH"},{"data":"Night Terror","floor":15,"key":"SMITH"},{"data":"Burst","floor":23,"key":"SMITH"}],"neow_cost":"NONE","seed_source_timestamp":265589287304237,"circlet_count":0,"master_deck":["AscendersBane","Survivor","Neutralize","Dodge and Roll","Sucker Punch+1","Terror","Caltrops","Finisher","Noxious Fumes+1","PiercingWail","Night Terror+1","Bullet Time","Blur","Infinite Blades","Finisher","Noxious Fumes","Finisher","Bane","Noxious Fumes","Flechettes","Venomology","Dodge and Roll","Burst+1","Dodge and Roll","PiercingWail","Deflect"],"relics":["Coffee Dripper","The Specimen","Vajra","Ornamental Fan","Pandora\u0027s Box"],"potions_floor_usage":[7,18,18,18,18,18,20,20,21,21],"damage_taken":[{"damage":1,"enemies":"Small Slimes","floor":1,"turns":4},{"damage":0,"enemies":"Jaw Worm","floor":3,"turns":5},{"damage":0,"enemies":"2 Louse","floor":5,"turns":3},{"damage":25,"enemies":"Gremlin Nob","floor":7,"turns":5},{"damage":13,"enemies":"Lots of Slimes","floor":8,"turns":5},{"damage":1,"enemies":"Gremlin Gang","floor":12,"turns":4},{"damage":1,"enemies":"Blue Slaver","floor":14,"turns":5},{"damage":5,"enemies":"The Guardian","floor":16,"turns":10},{"damage":16,"enemies":"Spheric Guardian","floor":18,"turns":5},{"damage":9,"enemies":"3 Byrds","floor":20,"turns":5},{"damage":29,"enemies":"Snake Plant","floor":21,"turns":6}],"seed_played":"5860183765371792376","potions_obtained":[{"floor":3,"key":"EssenceOfSteel"},{"floor":7,"key":"FearPotion"},{"floor":14,"key":"GhostInAJar"},{"floor":20,"key":"Block Potion"}],"is_trial":false,"path_per_floor":["M","?","M","T","M","R","E","M","T","$","R","M","?","M","R","B",null,"M","$","M","M","?","R","?"],"character_chosen":"THE_SILENT","items_purchased":["Noxious Fumes","Burst","Dodge and Roll"],"campfire_rested":0,"item_purchase_floors":[10,19,19],"current_hp_per_floor":[62,62,62,62,62,62,37,24,24,24,24,23,23,22,22,17,57,41,41,32,3,3,3,0],"gold":26,"neow_bonus":"BOSS_RELIC","is_prod":false,"is_daily":false,"chose_seed":false,"campfire_upgraded":4,"win_rate":0,"timestamp":1549752621,"path_taken":["M","?","M","?","M","R","E","M","T","$","R","M","?","M","R","BOSS","M","$","M","M","?","R","?"],"build_version":"2019-02-06","purchased_purges":1,"victory":false,"max_hp_per_floor":[70,70,70,70,70,70,70,70,70,70,70,70,70,70,70,70,70,70,70,70,70,70,70,70],"card_choices":[{"not_picked":["Acrobatics","Dagger Throw"],"picked":"Dodge and Roll","floor":1},{"not_picked":["Finisher","Prepared"],"picked":"Sucker Punch","floor":3},{"not_picked":["Poisoned Stab","Acrobatics"],"picked":"Terror","floor":5},{"not_picked":["Blade Dance","Underhanded Strike"],"picked":"Caltrops","floor":7},{"not_picked":["Distraction","Bane"],"picked":"Finisher","floor":8},{"not_picked":["Flying Knee","Prepared"],"picked":"PiercingWail","floor":12},{"not_picked":["Blade Dance","Dagger Throw"],"picked":"Night Terror","floor":14},{"not_picked":["Phantasmal Killer","Doppelganger"],"picked":"Bullet Time","floor":16},{"not_picked":["Caltrops","Dagger Throw"],"picked":"Dodge and Roll","floor":18},{"not_picked":["Masterful Stab","Flying Knee"],"picked":"PiercingWail","floor":20},{"not_picked":["Prepared","Quick Slash"],"picked":"Deflect","floor":21}],"player_experience":584914,"relics_obtained":[{"floor":4,"key":"The Specimen"},{"floor":7,"key":"Vajra"},{"floor":9,"key":"Ornamental Fan"}],"event_choices":[{"damage_healed":0,"gold_gain":0,"player_choice":"Ignored","damage_taken":0,"max_hp_gain":0,"max_hp_loss":0,"event_name":"Shining Light","floor":2,"gold_loss":0},{"damage_healed":0,"gold_gain":0,"player_choice":"Left Gold","damage_taken":0,"max_hp_gain":0,"max_hp_loss":0,"event_name":"World of Goop","floor":13,"gold_loss":38},{"damage_healed":0,"gold_gain":0,"player_choice":"Ignored","damage_taken":0,"max_hp_gain":0,"max_hp_loss":0,"event_name":"Beggar","floor":22,"gold_loss":0}],"is_beta":true,"boss_relics":[{"not_picked":["Runic Dome","Snecko Eye"],"picked":"Pandora\u0027s Box"}],"items_purged_floors":[19],"is_endless":false,"potions_floor_spawned":[3,7,14,16,20],"ascension_level":13}