{"gold_per_floor":[114,134,151,151,161,161,187,218,302,327,339,408,439,481,493,601,663,689,721,588,588],"floor_reached":21,"playtime":1249,"items_purged":["Strike_G"],"score":266,"play_id":"9d738aab-c25e-446f-9286-f9ad691e84ce","local_time":"20181231000353","is_ascension_mode":true,"campfire_choices":[{"data":"Neutralize","floor":6,"key":"SMITH"},{"floor":11,"key":"REST"},{"floor":15,"key":"REST"}],"neow_cost":"NONE","seed_source_timestamp":1566277958622580,"circlet_count":0,"master_deck":["Defend_G","Defend_G+1","Defend_G","Defend_G","Defend_G","Strike_G","Strike_G","Strike_G","Strike_G","Survivor","Neutralize+1","Dagger Throw","Infinite Blades","Cloak And Dagger","Night Terror","Footwork","Noxious Fumes","Escape Plan","Backflip","Catalyst","Corpse Explosion","Catalyst","Well Laid Plans","Noxious Fumes"],"relics":["Ring of the Snake","Dream Catcher","MawBank","Pear","Question Card","Blue Candle","Tiny House"],"potions_floor_usage":[5,7,12,14,14],"damage_taken":[{"damage":5,"enemies":"Cultist","floor":1,"turns":4},{"damage":1,"enemies":"Jaw Worm","floor":2,"turns":5},{"damage":0,"enemies":"Small Slimes","floor":3,"turns":4},{"damage":16,"enemies":"Exordium Thugs","floor":5,"turns":5},{"damage":28,"enemies":"3 Sentries","floor":7,"turns":10},{"damage":0,"enemies":"Blue Slaver","floor":8,"turns":5},{"damage":0,"enemies":"Looter","floor":10,"turns":5},{"damage":16,"enemies":"Gremlin Nob","floor":12,"turns":5},{"damage":28,"enemies":"Exordium Wildlife","floor":13,"turns":7},{"damage":4,"enemies":"Lagavulin","floor":14,"turns":8},{"damage":24,"enemies":"Hexaghost","floor":16,"turns":10},{"damage":3,"enemies":"Spheric Guardian","floor":18,"turns":7},{"damage":22,"enemies":"Shell Parasite","floor":19,"turns":8},{"damage":67,"enemies":"Cultist and Chosen","floor":21,"turns":6}],"seed_played":"-4628478819386256926","potions_obtained":[{"floor":3,"key":"SkillPotion"},{"floor":5,"key":"GamblersBrew"},{"floor":7,"key":"Dexterity Potion"},{"floor":12,"key":"Poison Potion"},{"floor":13,"key":"Block Potion"},{"floor":17,"key":"LiquidBronze"},{"floor":18,"key":"SpeedPotion"}],"is_trial":false,"path_per_floor":["M","M","M","T","M","R","E","M","T","M","R","?","M","E","R","B",null,"M","M","$","M"],"character_chosen":"THE_SILENT","items_purchased":["Noxious Fumes"],"campfire_rested":2,"item_purchase_floors":[20],"current_hp_per_floor":[72,71,71,71,55,55,27,27,37,37,63,47,19,15,41,17,75,72,50,50,0],"gold":588,"neow_bonus":"TEN_PERCENT_HP_BONUS","is_prod":false,"is_daily":false,"chose_seed":false,"campfire_upgraded":1,"win_rate":0,"timestamp":1546214633,"path_taken":["M","M","?","?","M","R","E","M","T","M","R","?","M","E","R","BOSS","M","M","$","M"],"build_version":"2018-12-25","purchased_purges":1,"victory":false,"max_hp_per_floor":[77,77,77,77,77,77,77,77,87,87,87,87,87,87,87,87,92,92,92,92,92],"card_choices":[{"not_picked":["Bane","Sucker Punch"],"picked":"Dagger Throw","floor":1},{"not_picked":["Backflip","Dagger Spray"],"picked":"Infinite Blades","floor":2},{"not_picked":["Endless Agony","Dash"],"picked":"Cloak And Dagger","floor":3},{"not_picked":["Predator","Deadly Poison","Concentrate"],"picked":"SKIP","floor":5},{"not_picked":["Expertise","PiercingWail"],"picked":"Night Terror","floor":7},{"not_picked":["Expertise","Deflect"],"picked":"Footwork","floor":8},{"not_picked":["Dagger Throw","PiercingWail"],"picked":"Noxious Fumes","floor":10},{"not_picked":["Dagger Throw","Dagger Spray"],"picked":"Escape Plan","floor":11},{"not_picked":["Reflex","Skewer","Slice"],"picked":"Backflip","floor":13},{"not_picked":["Outmaneuver","Expertise","Concentrate"],"picked":"Catalyst","floor":14},{"not_picked":["Malaise","Wraith Form v2","Venomology"],"picked":"Corpse Explosion","floor":16},{"not_picked":["Quick Slash","Tactician","Dash"],"picked":"Catalyst","floor":17},{"not_picked":["Dagger Throw+1","Eviscerate","Finisher+1"],"picked":"Well Laid Plans","floor":18},{"not_picked":["PiercingWail+1","Sucker Punch","Dagger Spray","Acrobatics+1"],"picked":"SKIP","floor":19}],"player_experience":359414,"relics_obtained":[{"floor":4,"key":"Dream Catcher"},{"floor":7,"key":"MawBank"},{"floor":9,"key":"Pear"},{"floor":14,"key":"Blue Candle"}],"event_choices":[{"damage_healed":0,"gold_gain":30,"player_choice":"Searched \u00273\u0027 times","damage_taken":0,"relics_obtained":["Question Card"],"max_hp_gain":0,"max_hp_loss":0,"event_name":"Dead Adventurer","floor":12,"gold_loss":0}],"is_beta":true,"boss_relics":[{"not_picked":["WristBlade","Snecko Eye"],"picked":"Tiny House"}],"items_purged_floors":[20],"is_endless":false,"potions_floor_spawned":[3,5,7,12,13,18],"killed_by":"Cultist and Chosen","ascension_level":5}