{"path_per_floor":["M","?","$","?","?","E","R","E","T","M","?","R","E","T","R","B",null,"M","?","?","T","M","R","M","M","T","R","E","R","M","M","R"],"character_chosen":"DEFECT","items_purchased":["Axe Kick"],"gold_per_floor":[112,287,187,137,137,169,169,199,199,213,213,213,244,244,244,340,340,350,350,350,376,394,394,408,423,449,449,483,483,496,506,506,506],"floor_reached":33,"campfire_rested":4,"playtime":1020,"current_hp_per_floor":[75,75,75,75,75,75,75,75,75,75,85,85,65,65,85,42,74,60,85,85,92,92,92,72,35,35,85,64,97,67,23,73,0],"items_purged":["Doubt"],"gold":506,"score":439,"play_id":"195068d9-520c-4554-b339-7a434786446e","local_time":"20180511214545","is_prod":false,"is_daily":false,"chose_seed":false,"is_ascension_mode":true,"campfire_upgraded":3,"timestamp":1526100345,"path_taken":["M","?","$","?","?","E","R","E","T","?","?","R","E","?","R","BOSS","M","?","?","?","?","R","M","?","T","R","E","R","M","M","R","BOSS"],"build_version":"2018-05-10","seed_source_timestamp":166791785969827,"purchased_purges":1,"victory":false,"master_deck":["Strike_B","Strike_B","Strike_B","Defend_B+1","Defend_B","Defend_B","Defend_B","Zap","Dualcast","Go for the Eyes","Axe Kick+1","Decay","FTL","Streamline+1","Chill+1","FTL","Ball Lightning+1","BootSequence+1","Auto Shields","Redo+1"],"max_hp_per_floor":[75,75,75,75,75,75,75,75,75,75,85,85,85,85,85,85,85,85,85,85,92,92,92,97,97,97,97,97,97,97,97,97,97],"relics":["Cracked Core","NeowsBlessing","The Courier","Bottled Lightning","Dodecahedron","Pear","Regal Pillow","Mercury Hourglass","Eternal Feather","Strawberry","Dream Catcher","Kunai"],"card_choices":[{"not_picked":["Consume","Cold Snap"],"picked":"Go for the Eyes","floor":1},{"not_picked":["Capacitor","Darkness"],"picked":"FTL","floor":8},{"not_picked":["White Noise","Axe Kick"],"picked":"Streamline","floor":10},{"not_picked":["Leap","Double Energy"],"picked":"Chill","floor":18},{"not_picked":["Turbo","Coolheaded"],"picked":"Ball Lightning","floor":22},{"not_picked":["Creative AI","Aggregate"],"picked":"BootSequence","floor":24},{"not_picked":["Melter","Blizzard"],"picked":"Auto Shields","floor":31},{"not_picked":["Barrage","Steam"],"picked":"Redo","floor":32}],"player_experience":216302,"potions_floor_usage":[13,13,22,24,24,28],"damage_taken":[{"damage":0,"enemies":"2 Louse","floor":1,"turns":1},{"damage":0,"enemies":"Gremlin Nob","floor":6,"turns":1},{"damage":0,"enemies":"Lagavulin","floor":8,"turns":1},{"damage":0,"enemies":"Small Slimes","floor":10,"turns":2},{"damage":27,"enemies":"3 Sentries","floor":13,"turns":7},{"damage":43,"enemies":"The Guardian","floor":16,"turns":10},{"damage":14,"enemies":"Chosen","floor":18,"turns":4},{"damage":0,"enemies":"3 Byrds","floor":22,"turns":4},{"damage":25,"enemies":"Snecko","floor":24,"turns":4},{"damage":37,"enemies":"Snake Plant","floor":25,"turns":4},{"damage":21,"enemies":"Slavers","floor":28,"turns":6},{"damage":30,"enemies":"Centurion and Healer","floor":30,"turns":6},{"damage":44,"enemies":"Chosen and Byrds","floor":31,"turns":4},{"damage":80,"enemies":"Collector","floor":33,"turns":8}],"event_choices":[{"event_name":"Liars Game","player_choice":"agreed","floor":2,"damage_taken":0},{"event_name":"The Cleric","player_choice":"Card Removal","floor":4,"damage_taken":0},{"event_name":"Wheel of Change","player_choice":"Curse","floor":5,"damage_taken":0},{"event_name":"Dead Adventurer","player_choice":"Searched \u00271\u0027 times","floor":11,"damage_taken":0},{"event_name":"The Library","player_choice":"Heal","floor":19,"damage_taken":0},{"event_name":"Duplicator","player_choice":"One dupe","floor":20,"damage_taken":0}],"boss_relics":[{"not_picked":["Nuclear Battery","Cursed Key"],"picked":"Eternal Feather"}],"potions_floor_spawned":[1,10,13,18,22,24],"seed_played":"9036464162600344614","killed_by":"Collector","ascension_level":5,"is_trial":false}