{"gold_per_floor":[110,25,42,42,7,36,36,111,111,166,166,166,248,268,268,342,342,342,267,267,267,48,48,48,48,48,48,48,48,48,48,48,48,48,48,48,48,48,48,48,48,48,48,48,48,48,48,48,48,48,48],"floor_reached":52,"playtime":1451,"items_purged":["Strike_R"],"score":2128,"play_id":"b2f4aea7-eaea-4906-8a85-50c846413d02","local_time":"20190213222905","is_ascension_mode":true,"campfire_choices":[{"data":"Bash","floor":7.0,"key":"SMITH"},{"data":"Demon Form","floor":12.0,"key":"SMITH"},{"data":"Inflame","floor":15.0,"key":"SMITH"},{"data":"Heavy Blade","floor":23.0,"key":"SMITH"},{"floor":28.0,"key":"REST"},{"data":"Sword Boomerang","floor":32.0,"key":"SMITH"},{"floor":41.0,"key":"REST"},{"floor":47.0,"key":"REST"},{"data":"Defend_R","floor":49.0,"key":"SMITH"}],"neow_cost":"NONE","seed_source_timestamp":18855977795000,"circlet_count":0,"master_deck":["AscendersBane","Strike_R","Strike_R","Strike_R","Strike_R+1","Defend_R+1","Defend_R+1","Defend_R+1","Defend_R+1","Bash+1","Twin Strike","Inflame+1","Twin Strike","Demon Form+1","Sword Boomerang+1","Heavy Blade+1","Warcry+1","Limit Break+1","Reaper","True Grit+1","Limit Break+1","Exhume+1","Headbutt","Impervious+1"],"special_seed":0,"relics":["Burning Blood","NeowsBlessing","Anchor","Pantograph","Tiny Chest","Mercury Hourglass","Ectoplasm","Nloth\u0027s Gift","Brimstone","Bag of Preparation","Ancient Tea Set","Toxic Egg 2","Omamori","Eternal Feather","WingedGreaves","The Courier","War Paint","Bottled Lightning","Red Skull","Old Coin","Lantern"],"potions_floor_usage":[50],"damage_taken":[{"damage":0.0,"enemies":"2 Louse","floor":1.0,"turns":1.0},{"damage":0.0,"enemies":"Small Slimes","floor":3.0,"turns":1.0},{"damage":0.0,"enemies":"Gremlin Nob","floor":6.0,"turns":1.0},{"damage":25.0,"enemies":"Lagavulin","floor":10.0,"turns":6.0},{"damage":6.0,"enemies":"Cultist","floor":14.0,"turns":3.0},{"damage":20.0,"enemies":"Hexaghost","floor":16.0,"turns":7.0},{"damage":18.0,"enemies":"Chosen","floor":18.0,"turns":4.0},{"damage":15.0,"enemies":"3 Byrds","floor":21.0,"turns":4.0},{"damage":6.0,"enemies":"Book of Stabbing","floor":24.0,"turns":2.0},{"damage":0.0,"enemies":"Snecko","floor":25.0,"turns":2.0},{"damage":0.0,"enemies":"Snake Plant","floor":27.0,"turns":2.0},{"damage":10.0,"enemies":"Slavers","floor":29.0,"turns":3.0},{"damage":0.0,"enemies":"Cultist and Chosen","floor":31.0,"turns":3.0},{"damage":74.0,"enemies":"Collector","floor":33.0,"turns":4.0},{"damage":2.0,"enemies":"3 Shapes","floor":35.0,"turns":2.0},{"damage":0.0,"enemies":"Orb Walker","floor":36.0,"turns":2.0},{"damage":0.0,"enemies":"Mind Bloom Boss Battle","floor":37.0,"turns":4.0},{"damage":59.0,"enemies":"Spire Growth","floor":38.0,"turns":4.0},{"damage":25.0,"enemies":"Nemesis","floor":40.0,"turns":3.0},{"damage":19.0,"enemies":"Writhing Mass","floor":42.0,"turns":4.0},{"damage":7.0,"enemies":"Giant Head","floor":44.0,"turns":4.0},{"damage":14.0,"enemies":"Nemesis","floor":45.0,"turns":3.0},{"damage":43.0,"enemies":"2 Orb Walkers","floor":46.0,"turns":3.0},{"damage":0.0,"enemies":"Reptomancer","floor":48.0,"turns":2.0},{"damage":39,"enemies":"Time Eater","floor":50,"turns":6},{"damage":69,"enemies":"Donu and Deca","floor":51,"turns":5}],"seed_played":"-8273372277399684805","potions_obtained":[{"floor":1.0,"key":"Fire Potion"},{"floor":6.0,"key":"Energy Potion"},{"floor":16.0,"key":"SkillPotion"},{"floor":21.0,"key":"SteroidPotion"},{"floor":24.0,"key":"Dexterity Potion"},{"floor":36.0,"key":"SpeedPotion"},{"floor":37.0,"key":"Swift Potion"},{"floor":40.0,"key":"SteroidPotion"},{"floor":48.0,"key":"Weak Potion"}],"is_trial":false,"path_per_floor":["M","$","M","?","?","E","R","?","T","E","?","R","T","M","R","B",null,"M","$","?","M","$","R","E","M","T","M","R","E","T","M","R","B",null,"M","M","?","M","?","E","R","M","T","E","E","?","R","E","R","B","B",null],"character_chosen":"IRONCLAD","items_purchased":["Inflame","Brimstone"],"campfire_rested":3,"item_purchase_floors":[2,22],"current_hp_per_floor":[74,74,75,57,75,75,75,64,64,45,22,22,22,22,22,33,65,53,53,53,44,44,44,44,50,50,56,75,71,71,75,75,7,58,62,68,75,48,48,29,63,66,66,65,57,20,54,75,75,42,48],"gold":48,"neow_bonus":"THREE_ENEMY_KILL","is_prod":false,"is_daily":false,"chose_seed":false,"campfire_upgraded":6,"win_rate":0,"timestamp":1550089745,"path_taken":["M","$","M","?","?","E","R","?","T","E","?","R","?","M","R","BOSS","M","$","?","M","$","R","E","?","T","M","R","E","?","M","R","BOSS","M","M","?","M","?","E","R","?","T","E","E","?","R","E","R","BOSS","BOSS"],"build_version":"2019-01-23","purchased_purges":1,"victory":true,"max_hp_per_floor":[75,75,75,75,75,75,75,75,75,75,75,75,75,75,75,75,75,75,75,75,75,75,75,75,75,75,75,75,75,75,75,75,75,75,75,75,75,75,75,75,75,75,75,75,75,75,75,75,75,75,75],"card_choices":[{"not_picked":["Metallicize","Cleave"],"picked":"Twin Strike","floor":1.0},{"not_picked":["Reckless Charge","Body Slam","Twin Strike"],"picked":"SKIP","floor":3.0},{"not_picked":["Reckless Charge","Body Slam"],"picked":"Twin Strike","floor":3.0},{"not_picked":["Anger","Berserk","Bloodletting"],"picked":"SKIP","floor":6.0},{"not_picked":["Dual Wield","Body Slam"],"picked":"Demon Form","floor":10.0},{"not_picked":["Power Through","Headbutt","Body Slam"],"picked":"SKIP","floor":14.0},{"not_picked":["Body Slam","Armaments"],"picked":"Sword Boomerang","floor":18.0},{"not_picked":["Carnage","Spot Weakness"],"picked":"Heavy Blade","floor":21.0},{"not_picked":["Dropkick","Juggernaut","Bludgeon"],"picked":"SKIP","floor":24.0},{"not_picked":["Heavy Blade","Sword Boomerang","Dual Wield"],"picked":"SKIP","floor":25.0},{"not_picked":["Anger","Havoc","Disarm"],"picked":"SKIP","floor":27.0},{"not_picked":["Cleave+1","Warcry","Body Slam"],"picked":"SKIP","floor":29.0},{"not_picked":["Perfected Strike","Headbutt+1"],"picked":"Warcry+1","floor":31.0},{"not_picked":["Brutality","Immolate"],"picked":"Limit Break+1","floor":33.0},{"not_picked":["Flex+1","Iron Wave","Pommel Strike"],"picked":"SKIP","floor":35.0},{"not_picked":["Headbutt","Cleave","Flex+1"],"picked":"SKIP","floor":36.0},{"not_picked":["Twin Strike","Havoc+1"],"picked":"Reaper","floor":37.0},{"not_picked":["Power Through+1","Twin Strike"],"picked":"True Grit+1","floor":38.0},{"not_picked":["Dark Embrace","Pommel Strike+1"],"picked":"Exhume+1","floor":40.0},{"not_picked":["Sword Boomerang","Cleave+1","Thunderclap"],"picked":"SKIP","floor":42.0},{"not_picked":["Thunderclap","Iron Wave","Demon Form"],"picked":"SKIP","floor":44.0},{"not_picked":["Anger+1","Clothesline"],"picked":"Headbutt","floor":45.0},{"not_picked":["Demon Form","Iron Wave+1"],"picked":"Impervious+1","floor":48.0}],"player_experience":743970,"relics_obtained":[{"floor":6.0,"key":"Peace Pipe"},{"floor":9.0,"key":"Pantograph"},{"floor":10.0,"key":"Tiny Chest"},{"floor":13.0,"key":"Mercury Hourglass"},{"floor":24.0,"key":"Bag of Preparation"},{"floor":26.0,"key":"Ancient Tea Set"},{"floor":29.0,"key":"Toxic Egg 2"},{"floor":30.0,"key":"Omamori"},{"floor":37.0,"key":"WingedGreaves"},{"floor":40.0,"key":"The Courier"},{"floor":43.0,"key":"War Paint"},{"floor":44.0,"key":"Bottled Lightning"},{"floor":45.0,"key":"Red Skull"},{"floor":46.0,"key":"Old Coin"},{"floor":48.0,"key":"Lantern"}],"event_choices":[{"damage_healed":0.0,"max_hp_gain":0.0,"max_hp_loss":0.0,"gold_gain":0.0,"event_name":"Scrap Ooze","player_choice":"Success","floor":4.0,"gold_loss":0.0,"damage_taken":18.0,"relics_obtained":["Anchor"]},{"damage_healed":18.0,"max_hp_gain":0.0,"max_hp_loss":0.0,"gold_gain":0.0,"event_name":"The Cleric","player_choice":"Healed","floor":5.0,"gold_loss":35.0,"damage_taken":0.0},{"damage_healed":0.0,"max_hp_gain":0.0,"max_hp_loss":0.0,"gold_gain":75.0,"event_name":"World of Goop","player_choice":"Gather Gold","floor":8.0,"gold_loss":0.0,"damage_taken":11.0},{"damage_healed":0.0,"max_hp_gain":0.0,"max_hp_loss":0.0,"gold_gain":0.0,"event_name":"Shining Light","player_choice":"Entered Light","floor":11.0,"gold_loss":0.0,"damage_taken":23.0,"cards_upgraded":["Defend_R","Strike_R"]},{"damage_healed":0.0,"max_hp_gain":0.0,"max_hp_loss":0.0,"gold_gain":0.0,"event_name":"N\u0027loth","player_choice":"Traded Relic","floor":20.0,"relics_lost":["Peace Pipe"],"gold_loss":0.0,"damage_taken":0.0,"relics_obtained":["Nloth\u0027s Gift"]},{"damage_healed":0.0,"max_hp_gain":0.0,"max_hp_loss":0.0,"gold_gain":0.0,"event_name":"MindBloom","player_choice":"Fight","floor":37.0,"gold_loss":0.0,"damage_taken":0.0},{"damage_healed":0.0,"max_hp_gain":0.0,"max_hp_loss":0.0,"gold_gain":0.0,"event_name":"Duplicator","player_choice":"Copied","floor":39.0,"gold_loss":0.0,"damage_taken":0.0,"cards_obtained":["Limit Break"]},{"damage_healed":0.0,"max_hp_gain":0.0,"max_hp_loss":0.0,"gold_gain":0.0,"event_name":"Mysterious Sphere","player_choice":"Fight","floor":46.0,"gold_loss":0.0,"damage_taken":0.0}],"is_beta":false,"boss_relics":[{"not_picked":["Runic Pyramid","Black Blood"],"picked":"Ectoplasm"},{"not_picked":["Calling Bell","Tiny House"],"picked":"Eternal Feather"}],"items_purged_floors":[19],"is_endless":false,"potions_floor_spawned":[1,6,16,18,21,24,36,37,40,42,45,48],"ascension_level":20}