{"path_per_floor":["M","?","?","M","M","E","?","R","T","$","E","M","M","M","R"],"character_chosen":"DEFECT","items_purchased":["Blue Candle"],"gold_per_floor":[117,217,217,227,240,267,267,267,267,16,45,59,76,96,96,96],"floor_reached":16,"campfire_rested":1,"playtime":1034,"current_hp_per_floor":[31,31,16,15,15,3,3,25,25,25,20,30,41,45,45,0],"items_purged":[],"gold":96,"score":118,"play_id":"1c6480aa-48b6-41f0-b103-d7a22cb7b50e","local_time":"20180510213102","is_prod":false,"is_daily":false,"chose_seed":false,"is_ascension_mode":true,"campfire_upgraded":1,"timestamp":1525984262,"path_taken":["M","?","?","M","M","E","?","R","T","?","E","M","?","M","R","BOSS"],"build_version":"2018-05-09","seed_source_timestamp":0,"purchased_purges":0,"victory":false,"master_deck":["Strike_B","Strike_B+1","Strike_B","Strike_B","Defend_B","Defend_B","Defend_B","Defend_B","Zap","Dualcast+1","Fusion+1","Skim","Leap","Beam Cell","Auto Shields","Sweeping Beam+1","Impulse","Rebound+1","Skim"],"max_hp_per_floor":[75,75,75,75,75,75,75,75,75,75,80,80,80,80,80,80],"relics":["Cracked Core","Meat on the Bone","Darkstone Periapt","Blue Candle","Molten Egg 2"],"card_choices":[{"not_picked":["Multi-Cast","Thunder Strike"],"picked":"Fusion","floor":0.0},{"not_picked":["Reprogram","Sunder"],"picked":"Skim","floor":1.0},{"not_picked":["Capacitor","Rebound"],"picked":"Leap","floor":4.0},{"not_picked":["Leap","Barrage"],"picked":"Beam Cell","floor":5.0},{"not_picked":["Go for the Eyes","Turbo"],"picked":"Auto Shields","floor":6.0},{"not_picked":["Hologram","Recycle"],"picked":"Sweeping Beam","floor":11.0},{"not_picked":["Barrage","Sweeping Beam"],"picked":"Impulse","floor":12.0},{"not_picked":["Sweeping Beam","Rainbow"],"picked":"Rebound","floor":13.0},{"not_picked":["Static Discharge","Beam Cell"],"picked":"Skim","floor":14.0}],"player_experience":126519,"potions_floor_usage":[],"damage_taken":[{"damage":7.0,"enemies":"Small Slimes","floor":1.0,"turns":4.0},{"damage":1.0,"enemies":"Cultist","floor":4.0,"turns":3.0},{"damage":0.0,"enemies":"Jaw Worm","floor":5.0,"turns":5.0},{"damage":12.0,"enemies":"3 Sentries","floor":6.0,"turns":7.0},{"damage":22.0,"enemies":"Lagavulin","floor":11.0,"turns":8.0},{"damage":2.0,"enemies":"3 Louse","floor":12.0,"turns":4.0},{"damage":1.0,"enemies":"2 Fungi Beasts","floor":13.0,"turns":2.0},{"damage":8.0,"enemies":"Lots of Slimes","floor":14.0,"turns":4.0},{"damage":62,"enemies":"The Guardian","floor":16,"turns":15}],"event_choices":[{"event_name":"Golden Shrine","player_choice":"Pray","floor":2.0,"damage_taken":0.0},{"event_name":"Shining Light","player_choice":"Entered Light","floor":3.0,"damage_taken":0.0},{"event_name":"The Lab","player_choice":"Got Potions","floor":7.0,"damage_taken":0.0}],"boss_relics":[],"potions_floor_spawned":[4,5,6,13],"seed_played":"-1777046968410843723","killed_by":"The Guardian","ascension_level":1,"is_trial":false}