{"gold_per_floor":[115,115,290,290,240,240,265,265,265,265,265,286,286,300,300,429,429,454,454,454,193,228,228],"floor_reached":23,"playtime":629,"items_purged":["Doubt"],"score":231,"play_id":"2764d30c-0a68-42b7-bf26-0580c4e838d1","local_time":"20181224214217","is_ascension_mode":true,"campfire_choices":[{"data":"Neutralize","floor":6.0,"key":"SMITH"},{"floor":8.0,"key":"REST"},{"data":"Backstab","floor":10.0,"key":"SMITH"},{"data":"Deadly Poison","floor":13.0,"key":"SMITH"},{"floor":15.0,"key":"REST"}],"neow_cost":"NONE","seed_source_timestamp":0,"circlet_count":0,"master_deck":["Defend_G+1","Defend_G","Defend_G","Defend_G","Defend_G","Strike_G+1","Strike_G","Strike_G","Strike_G","Survivor","Neutralize+1","Skewer+1","Backstab+1","Deadly Poison+1","Adrenaline+1","Pain","Writhe","Deflect","HandOfGreed","Backstab"],"special_seed":0,"relics":["Runic Dome","Bag of Marbles","Snake Skull","Bloody Idol","Calling Bell","War Paint","Pear","Unceasing Top"],"potions_floor_usage":[23],"damage_taken":[{"damage":0.0,"enemies":"2 Louse","floor":1.0,"turns":3.0},{"damage":12.0,"enemies":"Gremlin Nob","floor":7.0,"turns":3.0},{"damage":0.0,"enemies":"Small Slimes","floor":12.0,"turns":2.0},{"damage":0.0,"enemies":"Jaw Worm","floor":14.0,"turns":2.0},{"damage":24.0,"enemies":"The Guardian","floor":16.0,"turns":11.0},{"damage":14.0,"enemies":"Spheric Guardian","floor":18.0,"turns":4.0},{"damage":18,"enemies":"Colosseum Slavers","floor":19,"turns":4},{"damage":19,"enemies":"3 Byrds","floor":22,"turns":4},{"damage":38,"enemies":"Gremlin Leader","floor":23,"turns":6}],"seed_played":"8422608017175291290","potions_obtained":[{"floor":1.0,"key":"FearPotion"},{"floor":14.0,"key":"Energy Potion"},{"floor":16.0,"key":"Energy Potion"},{"floor":22,"key":"AttackPotion"}],"is_trial":false,"path_per_floor":["M","?","?","?","?","R","E","R","T","R","?","M","R","M","R","B",null,"M","?","?","$","M","E"],"character_chosen":"THE_SILENT","items_purchased":["HandOfGreed"],"campfire_rested":2,"item_purchase_floors":[21],"current_hp_per_floor":[70,56,56,56,56,56,44,65,65,65,48,48,48,48,69,45,74,60,42,42,42,33,0],"gold":228,"neow_bonus":"BOSS_RELIC","is_prod":false,"is_daily":false,"chose_seed":false,"campfire_upgraded":3,"win_rate":0,"timestamp":1545687737,"path_taken":["M","?","?","?","?","R","E","R","T","R","?","?","R","M","R","BOSS","M","?","?","$","M","E"],"build_version":"2018-12-20","purchased_purges":1,"victory":false,"max_hp_per_floor":[70,70,70,70,70,70,70,70,70,70,70,70,70,70,70,70,80,80,80,80,80,80,80],"card_choices":[{"not_picked":["Flechettes","Prepared"],"picked":"Skewer","floor":1.0},{"not_picked":["Choke","Cloak And Dagger"],"picked":"Backstab","floor":7.0},{"not_picked":["Blade Dance","Underhanded Strike"],"picked":"Deadly Poison","floor":12.0},{"not_picked":["Dagger Throw","Bane","Riddle With Holes"],"picked":"SKIP","floor":14.0},{"not_picked":["Phantasmal Killer","Doppelganger"],"picked":"Adrenaline","floor":16.0},{"not_picked":["Blade Dance","Quick Slash+1"],"picked":"Deflect","floor":18.0},{"not_picked":["Concentrate+1","Skewer"],"picked":"Backstab","floor":22}],"player_experience":351462,"relics_obtained":[{"floor":7.0,"key":"Bag of Marbles"},{"floor":9.0,"key":"Snake Skull"},{"floor":17.0,"key":"War Paint"},{"floor":17.0,"key":"Pear"},{"floor":17.0,"key":"Unceasing Top"}],"event_choices":[{"damage_healed":0.0,"max_hp_gain":0.0,"max_hp_loss":0.0,"gold_gain":0.0,"event_name":"Shining Light","player_choice":"Entered Light","floor":2.0,"gold_loss":0.0,"damage_taken":14.0,"cards_upgraded":["Strike_G","Skewer"]},{"damage_healed":0.0,"max_hp_gain":0.0,"max_hp_loss":0.0,"gold_gain":175.0,"event_name":"Liars Game","player_choice":"AGREE","floor":3.0,"gold_loss":0.0,"damage_taken":0.0,"cards_obtained":["Doubt"]},{"cards_removed":["Doubt"],"damage_healed":0.0,"max_hp_gain":0.0,"max_hp_loss":0.0,"gold_gain":0.0,"event_name":"Living Wall","player_choice":"Forget","floor":4.0,"gold_loss":0.0,"damage_taken":0.0},{"cards_removed":["Strike_G"],"damage_healed":0.0,"max_hp_gain":0.0,"max_hp_loss":0.0,"gold_gain":0.0,"event_name":"The Cleric","player_choice":"Card Removal","floor":5.0,"gold_loss":50.0,"damage_taken":0.0},{"damage_healed":0.0,"max_hp_gain":0.0,"max_hp_loss":0.0,"gold_gain":0.0,"event_name":"Golden Idol","player_choice":"Take Damage","floor":11.0,"gold_loss":0.0,"damage_taken":17.0,"relics_obtained":["Golden Idol"]},{"damage_healed":0,"gold_gain":0,"player_choice":"Fight","damage_taken":0,"max_hp_gain":0,"max_hp_loss":0,"event_name":"Colosseum","floor":19,"gold_loss":0},{"damage_healed":0,"gold_gain":0,"player_choice":"Fled From Nobs","damage_taken":0,"max_hp_gain":0,"max_hp_loss":0,"event_name":"Colosseum","floor":19,"gold_loss":0},{"damage_healed":0,"gold_gain":0,"player_choice":"Gave Idol","damage_taken":0,"relics_obtained":["Bloody Idol"],"max_hp_gain":0,"max_hp_loss":0,"event_name":"Forgotten Altar","floor":20,"relics_lost":["Golden Idol"],"gold_loss":0}],"is_beta":true,"boss_relics":[{"not_picked":["Snecko Eye","Fusion Hammer"],"picked":"Calling Bell"}],"items_purged_floors":[21],"is_endless":false,"potions_floor_spawned":[1,14,16,19,22],"killed_by":"Gremlin Leader","ascension_level":5}