{"gold_per_floor":[110,128,128,143,0,0,25,96,96,96,116,216,248,262,262,339,339,353,365,365,381,399,399,107,0,0,0,0,17,17,17,17,96,96,109,209,209,209,224,224,241,241,241,241],"floor_reached":44,"playtime":1899,"items_purged":["Strike_G"],"score":732,"play_id":"090893dc-5e6a-4ec7-b27e-650b6f92bcd1","local_time":"20181217014732","is_ascension_mode":true,"campfire_choices":[{"data":"Glass Knife","floor":6,"key":"SMITH"},{"floor":10,"key":"REST"},{"floor":15,"key":"DIG"},{"floor":23,"key":"DIG"},{"floor":28,"key":"DIG"},{"floor":30,"key":"DIG"},{"floor":32,"key":"DIG"},{"floor":40,"key":"DIG"},{"floor":42,"key":"REST"}],"neow_cost":"NONE","seed_source_timestamp":10523418403542,"circlet_count":0,"master_deck":["AscendersBane","Defend_G","Defend_G","Defend_G","Defend_G","Strike_G","Strike_G","Survivor","Neutralize+1","Purity","Dagger Throw","Endless Agony","Noxious Fumes+1","Glass Knife+1","Poisoned Stab","Calculated Gamble","PiercingWail","Malaise","Dash","Dodge and Roll+1","Acrobatics","Dagger Spray","A Thousand Cuts+1","Flying Knee+1","Well Laid Plans+1","Dodge and Roll+1","Crippling Poison","Noxious Fumes+1","Backstab"],"relics":["Ring of the Snake","Pantograph","Ancient Tea Set","Shovel","Singing Bowl","Fusion Hammer","Bronze Scales","Lee\u0027s Waffle","Frozen Egg 2","Anchor","Blood Vial","Ginger","Astrolabe","Unceasing Top","Calipers","PreservedInsect"],"potions_floor_usage":[33,33,41],"damage_taken":[{"damage":3,"enemies":"Jaw Worm","floor":1,"turns":7},{"damage":4,"enemies":"Small Slimes","floor":2,"turns":4},{"damage":0,"enemies":"Cultist","floor":4,"turns":3},{"damage":34,"enemies":"Gremlin Nob","floor":7,"turns":5},{"damage":0,"enemies":"Exordium Wildlife","floor":11,"turns":2},{"damage":15,"enemies":"3 Sentries","floor":13,"turns":8},{"damage":1,"enemies":"Red Slaver","floor":14,"turns":3},{"damage":30,"enemies":"The Guardian","floor":16,"turns":13},{"damage":3,"enemies":"Shell Parasite","floor":18,"turns":6},{"damage":18,"enemies":"Spheric Guardian","floor":19,"turns":5},{"damage":2,"enemies":"Cultist and Chosen","floor":21,"turns":8},{"damage":25,"enemies":"3 Cultists","floor":22,"turns":7},{"damage":4,"enemies":"Centurion and Healer","floor":29,"turns":6},{"damage":65,"enemies":"Champ","floor":33,"turns":17},{"damage":9,"enemies":"3 Shapes","floor":35,"turns":7},{"damage":6,"enemies":"Mind Bloom Boss Battle","floor":36,"turns":9},{"damage":15,"enemies":"3 Darklings","floor":39,"turns":3},{"damage":58,"enemies":"Spire Growth","floor":41,"turns":6},{"damage":49,"enemies":"Transient","floor":44,"turns":5}],"seed_played":"-4089957640755597130","potions_obtained":[{"floor":11,"key":"Dexterity Potion"},{"floor":14,"key":"SteroidPotion"},{"floor":19,"key":"Fire Potion"},{"floor":39,"key":"Poison Potion"}],"is_trial":false,"path_per_floor":["M","M","?","M","$","R","E","?","T","R","M","?","E","M","R","B",null,"M","M","?","M","M","R","$","?","T","$","R","M","R","?","R","B",null,"M","?","?","?","M","R","M","R","T","M"],"character_chosen":"THE_SILENT","items_purchased":["Noxious Fumes","Glass Knife","Lee\u0027s Waffle","Acrobatics"],"campfire_rested":2,"item_purchase_floors":[5,5,24,24],"current_hp_per_floor":[56,52,52,52,52,52,18,18,18,37,37,37,22,21,21,16,54,51,35,35,35,10,10,77,77,77,77,77,73,73,59,59,17,66,59,78,78,78,65,65,11,36,36,0],"gold":241,"neow_bonus":"RANDOM_COLORLESS","is_prod":false,"is_daily":false,"chose_seed":false,"campfire_upgraded":1,"win_rate":0,"timestamp":1545040052,"path_taken":["M","M","?","M","$","R","E","?","T","R","M","?","E","?","R","BOSS","M","M","?","M","?","R","?","?","T","$","R","M","R","?","R","BOSS","M","?","?","?","M","R","?","R","T","M"],"build_version":"2018-12-13","purchased_purges":1,"victory":false,"max_hp_per_floor":[66,66,66,66,66,66,66,66,66,66,66,66,66,66,66,66,66,66,68,68,70,70,70,77,77,77,77,77,77,77,82,82,82,82,82,84,84,84,84,84,86,86,86,86],"card_choices":[{"not_picked":["Underhanded Strike","Acrobatics"],"picked":"Dagger Throw","floor":1},{"not_picked":["Quick Slash","Concentrate"],"picked":"Endless Agony","floor":2},{"not_picked":["Outmaneuver","Blade Dance","Acrobatics"],"picked":"SKIP","floor":4},{"not_picked":["Acrobatics","Poisoned Stab","Deflect"],"picked":"SKIP","floor":7},{"not_picked":["Acrobatics","Deflect"],"picked":"Poisoned Stab","floor":7},{"not_picked":["Blade Dance","Eviscerate"],"picked":"Calculated Gamble","floor":11},{"not_picked":["Endless Agony","Slice","Outmaneuver"],"picked":"SKIP","floor":13},{"not_picked":["Unload","Underhanded Strike"],"picked":"PiercingWail","floor":14},{"not_picked":["Tools of the Trade","Phantasmal Killer"],"picked":"Malaise","floor":16},{"not_picked":["Infinite Blades","Bane"],"picked":"Dash","floor":18},{"not_picked":["Dagger Throw+1","Slice","Underhanded Strike"],"picked":"Singing Bowl","floor":19},{"not_picked":["Escape Plan","Acrobatics","Deadly Poison+1"],"picked":"Singing Bowl","floor":21},{"not_picked":["Sucker Punch","Dagger Spray"],"picked":"Dodge and Roll+1","floor":22},{"not_picked":["Dagger Throw","Prepared"],"picked":"Dagger Spray","floor":29},{"not_picked":["Grand Finale","Glass Knife"],"picked":"A Thousand Cuts+1","floor":33},{"not_picked":["Slice","Bane"],"picked":"Crippling Poison","floor":35},{"not_picked":["Slice","Dodge and Roll","Poisoned Stab"],"picked":"Singing Bowl","floor":36},{"not_picked":["Outmaneuver+1","Underhanded Strike"],"picked":"Backstab","floor":39},{"not_picked":["Bane","Dash","All Out Attack"],"picked":"Singing Bowl","floor":41}],"player_experience":392741,"relics_obtained":[{"floor":7,"key":"Pantograph"},{"floor":9,"key":"Ancient Tea Set"},{"floor":13,"key":"Shovel"},{"floor":15,"key":"Singing Bowl"},{"floor":23,"key":"Bronze Scales"},{"floor":26,"key":"Frozen Egg 2"},{"floor":28,"key":"Anchor"},{"floor":30,"key":"Blood Vial"},{"floor":32,"key":"Ginger"},{"floor":36,"key":"Unceasing Top"},{"floor":40,"key":"Calipers"},{"floor":43,"key":"PreservedInsect"}],"event_choices":[{"damage_healed":0,"gold_gain":0,"player_choice":"Grow","damage_taken":0,"max_hp_gain":0,"max_hp_loss":0,"event_name":"Living Wall","floor":3,"gold_loss":0,"cards_upgraded":["Neutralize"]},{"damage_healed":0,"gold_gain":71,"player_choice":"Gained Gold","damage_taken":0,"max_hp_gain":0,"max_hp_loss":0,"event_name":"Golden Wing","floor":8,"gold_loss":0},{"damage_healed":0,"gold_gain":100,"player_choice":"Pray","damage_taken":0,"max_hp_gain":0,"max_hp_loss":0,"event_name":"Golden Shrine","floor":12,"gold_loss":0},{"damage_healed":0,"gold_gain":0,"player_choice":"Forge","damage_taken":0,"max_hp_gain":0,"max_hp_loss":0,"event_name":"Accursed Blacksmith","floor":20,"gold_loss":0,"cards_upgraded":["Noxious Fumes"]},{"damage_healed":0,"gold_gain":0,"player_choice":"Paid Fearfully","damage_taken":0,"max_hp_gain":0,"max_hp_loss":0,"event_name":"Masked Bandits","floor":25,"gold_loss":107},{"damage_healed":0,"gold_gain":0,"player_choice":"Shed Blood","damage_taken":19,"max_hp_gain":5,"max_hp_loss":0,"event_name":"Forgotten Altar","floor":31,"gold_loss":0},{"damage_healed":0,"gold_gain":0,"player_choice":"Fight","damage_taken":0,"max_hp_gain":0,"max_hp_loss":0,"event_name":"MindBloom","floor":36,"gold_loss":0},{"damage_healed":0,"gold_gain":0,"player_choice":"Ignored","damage_taken":0,"max_hp_gain":0,"max_hp_loss":0,"event_name":"Tomb of Lord Red Mask","floor":37,"gold_loss":0},{"damage_healed":0,"gold_gain":0,"player_choice":"Copied","damage_taken":0,"max_hp_gain":0,"max_hp_loss":0,"event_name":"Duplicator","floor":38,"gold_loss":0,"cards_obtained":["Noxious Fumes"]}],"is_beta":false,"boss_relics":[{"not_picked":["Tiny House","HoveringKite"],"picked":"Fusion Hammer"},{"not_picked":["Lizard Tail","Busted Crown"],"picked":"Astrolabe"}],"items_purged_floors":[24],"is_endless":false,"potions_floor_spawned":[11,14,19,21,39],"killed_by":"Transient","ascension_level":14}