{"gold_per_floor":[117,117,117,117,127,159,177,177,202,227,239,269,281,355,367,484,496,527,464,486,498,526,538,550,562,651,683,730,742,754,791,803,815],"floor_reached":33,"playtime":2383,"items_purged":[],"score":308,"play_id":"f385ec65-9393-4155-8a33-86dbd41e0e8c","local_time":"20181127200911","is_ascension_mode":false,"campfire_choices":[{"data":"Flex","floor":11.0,"key":"SMITH"},{"data":"Bash","floor":15.0,"key":"SMITH"},{"data":"Strike_R","floor":23.0,"key":"SMITH"},{"data":"Twin Strike","floor":25.0,"key":"SMITH"},{"data":"Perfected Strike","floor":29.0,"key":"SMITH"},{"floor":32.0,"key":"REST"}],"neow_cost":"NONE","seed_source_timestamp":0,"circlet_count":0,"master_deck":["Strike_R+1","Strike_R+1","Strike_R+1","Strike_R+1","Strike_R","Defend_R","Defend_R+1","Defend_R","Bash+1","Wild Strike+1","Shrug It Off","Flex+1","Twin Strike+1","Shrug It Off+1","Headbutt+1","Perfected Strike+1"],"special_seed":0,"relics":["Burning Blood","Whetstone","Bag of Marbles","Kunai","Thread and Needle","MawBank","Art of War","Black Star","Mango","Self Forming Clay","Singing Bowl","Matryoshka","Gremlin Horn","Meat on the Bone","The Courier"],"potions_floor_usage":[33,33],"damage_taken":[{"damage":8.0,"enemies":"Jaw Worm","floor":1.0,"turns":4.0},{"damage":0.0,"enemies":"2 Louse","floor":5.0,"turns":1.0},{"damage":28.0,"enemies":"Lagavulin","floor":6.0,"turns":5.0},{"damage":0.0,"enemies":"Small Slimes","floor":7.0,"turns":3.0},{"damage":0.0,"enemies":"Blue Slaver","floor":10.0,"turns":3.0},{"damage":2.0,"enemies":"Exordium Wildlife","floor":12.0,"turns":4.0},{"damage":0.0,"enemies":"3 Sentries","floor":14.0,"turns":6.0},{"damage":16.0,"enemies":"The Guardian","floor":16.0,"turns":13.0},{"damage":1.0,"enemies":"Chosen","floor":18.0,"turns":3.0},{"damage":6.0,"enemies":"Shell Parasite","floor":20.0,"turns":5.0},{"damage":0.0,"enemies":"Cultist and Chosen","floor":22.0,"turns":4.0},{"damage":5.0,"enemies":"3 Cultists","floor":27.0,"turns":6.0},{"damage":37.0,"enemies":"Slavers","floor":28.0,"turns":5.0},{"damage":23.0,"enemies":"Gremlin Leader","floor":31.0,"turns":7.0},{"damage":119,"enemies":"Champ","floor":33,"turns":13}],"seed_played":"71859702436173745","potions_obtained":[{"floor":1.0,"key":"FairyPotion"},{"floor":7.0,"key":"SpeedPotion"},{"floor":14.0,"key":"Weak Potion"},{"floor":18.0,"key":"Weak Potion"},{"floor":31.0,"key":"Swift Potion"}],"is_trial":false,"path_per_floor":["M","?","?","?","M","E","M","?","T","M","R","M","$","?","R","B",null,"M","?","M","T","M","R","?","R","T","M","E","R","?","E","R","B"],"character_chosen":"IRONCLAD","items_purchased":[],"campfire_rested":1,"item_purchase_floors":[],"current_hp_per_floor":[78,78,62,55,61,39,45,45,45,51,51,55,55,61,61,51,80,80,80,80,94,94,94,94,94,94,94,65,65,65,50,79,0],"gold":815,"neow_bonus":"RANDOM_COMMON_RELIC","is_prod":false,"is_daily":false,"chose_seed":false,"campfire_upgraded":5,"win_rate":0,"timestamp":1543349351,"path_taken":["M","?","?","?","M","E","M","?","T","?","R","M","$","?","R","BOSS","M","?","M","?","?","R","?","R","T","M","E","R","?","E","R","BOSS"],"build_version":"2018-11-15","purchased_purges":0,"victory":false,"max_hp_per_floor":[80,80,80,80,80,80,80,80,80,80,80,80,80,80,80,80,80,80,80,80,94,94,94,94,94,94,94,96,96,96,98,98,98],"card_choices":[{"not_picked":["Sever Soul","Rage"],"picked":"Wild Strike","floor":1.0},{"not_picked":["Havoc","Wild Strike","Pommel Strike"],"picked":"SKIP","floor":5.0},{"not_picked":["Second Wind","Intimidate"],"picked":"Shrug It Off","floor":6.0},{"not_picked":["Sword Boomerang","Searing Blow"],"picked":"Flex","floor":7.0},{"not_picked":["Sentinel","Intimidate"],"picked":"Twin Strike","floor":10.0},{"not_picked":["Hemokinesis","Iron Wave","Armaments"],"picked":"SKIP","floor":12.0},{"not_picked":["True Grit","Feel No Pain+1"],"picked":"Shrug It Off+1","floor":18.0},{"not_picked":["Searing Blow","Power Through"],"picked":"Headbutt+1","floor":20.0},{"not_picked":["Pommel Strike","Immolate","Iron Wave"],"picked":"SKIP","floor":22.0},{"not_picked":["Seeing Red","Pummel+1"],"picked":"Perfected Strike","floor":27.0},{"not_picked":["Evolve","Sever Soul","Pommel Strike"],"picked":"Singing Bowl","floor":28.0},{"not_picked":["Berserk","Clothesline","Inflame"],"picked":"Singing Bowl","floor":31.0}],"player_experience":332027,"relics_obtained":[{"floor":6.0,"key":"Kunai"},{"floor":8.0,"key":"Thread and Needle"},{"floor":9.0,"key":"MawBank"},{"floor":21.0,"key":"Mango"},{"floor":26.0,"key":"Singing Bowl"},{"floor":28.0,"key":"Matryoshka"},{"floor":28.0,"key":"Gremlin Horn"},{"floor":31.0,"key":"Meat on the Bone"},{"floor":31.0,"key":"The Courier"}],"event_choices":[{"damage_healed":0.0,"max_hp_gain":0.0,"max_hp_loss":0.0,"gold_gain":0.0,"event_name":"Living Wall","player_choice":"Grow","floor":2.0,"gold_loss":0.0,"damage_taken":0.0,"cards_upgraded":["Wild Strike"]},{"damage_healed":0.0,"max_hp_gain":0.0,"max_hp_loss":0.0,"gold_gain":0.0,"event_name":"Shining Light","player_choice":"Entered Light","floor":3.0,"gold_loss":0.0,"damage_taken":16.0,"cards_upgraded":["Defend_R","Strike_R"]},{"damage_healed":0.0,"max_hp_gain":0.0,"max_hp_loss":0.0,"gold_gain":0.0,"event_name":"Scrap Ooze","player_choice":"Success","floor":4.0,"gold_loss":0.0,"damage_taken":7.0,"relics_obtained":["Bag of Marbles"]},{"damage_healed":0.0,"max_hp_gain":0.0,"max_hp_loss":0.0,"gold_gain":0.0,"event_name":"Wheel of Change","player_choice":"Relic","floor":8.0,"gold_loss":0.0,"damage_taken":0.0},{"damage_healed":0.0,"max_hp_gain":0.0,"max_hp_loss":0.0,"gold_gain":0.0,"event_name":"Dead Adventurer","player_choice":"Searched \u00272\u0027 times","floor":14.0,"gold_loss":0.0,"damage_taken":0.0,"relics_obtained":["Art of War"]},{"cards_removed":["Defend_R"],"damage_healed":0.0,"max_hp_gain":0.0,"max_hp_loss":0.0,"gold_gain":0.0,"event_name":"Beggar","player_choice":"Gave Gold","floor":19.0,"gold_loss":75.0,"damage_taken":0.0},{"damage_healed":0.0,"max_hp_gain":0.0,"max_hp_loss":0.0,"gold_gain":0.0,"event_name":"The Mausoleum","player_choice":"Opened","floor":24.0,"gold_loss":0.0,"damage_taken":0.0,"relics_obtained":["Self Forming Clay"]},{"damage_healed":0.0,"max_hp_gain":0.0,"max_hp_loss":0.0,"gold_gain":0.0,"event_name":"Vampires","player_choice":"Ignored","floor":30.0,"gold_loss":0.0,"damage_taken":0.0}],"is_beta":true,"boss_relics":[{"not_picked":["Empty Cage","Philosopher\u0027s Stone"],"picked":"Black Star"}],"items_purged_floors":[],"is_endless":false,"potions_floor_spawned":[1,7,14,18,31],"killed_by":"Champ","ascension_level":0}