{"gold_per_floor":[111,111,126,137,16,16,49,49,105,105,105],"floor_reached":11,"playtime":454,"items_purged":["Defend_G"],"score":117,"play_id":"e307035a-e3ef-4782-8051-c462194db4db","local_time":"20190202213321","is_ascension_mode":true,"campfire_choices":[{"data":"Well Laid Plans","floor":6,"key":"SMITH"},{"data":"Concentrate","floor":8,"key":"SMITH"}],"neow_cost":"NONE","seed_source_timestamp":109697484834613,"circlet_count":0,"master_deck":["AscendersBane","Defend_G","Defend_G","Defend_G","Defend_G","Strike_G","Strike_G","Strike_G","Strike_G","Strike_G","Survivor+1","Neutralize","Well Laid Plans+1","Phantasmal Killer","Madness+1","Concentrate+1","Tactician","Backflip","Underhanded Strike"],"relics":["Philosopher\u0027s Stone","War Paint","Tiny Chest","Frozen Egg 2"],"potions_floor_usage":[7,7,11],"damage_taken":[{"damage":0,"enemies":"Cultist","floor":1,"turns":4},{"damage":6,"enemies":"2 Louse","floor":3,"turns":4},{"damage":2,"enemies":"Small Slimes","floor":4,"turns":4},{"damage":20,"enemies":"Lagavulin","floor":7,"turns":9},{"damage":17,"enemies":"Gremlin Nob","floor":11,"turns":3}],"seed_played":"4475265817291824309","potions_obtained":[{"floor":3,"key":"SpeedPotion"},{"floor":4,"key":"Weak Potion"},{"floor":7,"key":"Swift Potion"}],"is_trial":false,"path_per_floor":["M","?","M","M","$","R","E","R","T","?","E"],"character_chosen":"THE_SILENT","items_purchased":["Backflip"],"campfire_rested":0,"item_purchase_floors":[5],"current_hp_per_floor":[63,63,57,55,55,55,35,35,35,35,18],"gold":105,"neow_bonus":"BOSS_RELIC","is_prod":false,"is_daily":false,"chose_seed":false,"campfire_upgraded":2,"win_rate":0,"timestamp":1549143201,"path_taken":["M","?","M","?","?","R","E","R","T","?","E"],"build_version":"2019-01-23","purchased_purges":1,"victory":false,"max_hp_per_floor":[70,70,70,70,70,70,70,70,70,70,70],"card_choices":[{"not_picked":["Outmaneuver","Deflect"],"picked":"Well Laid Plans","floor":1},{"not_picked":["Slice","Infinite Blades"],"picked":"Concentrate","floor":3},{"not_picked":["Noxious Fumes","Dodge and Roll"],"picked":"Tactician","floor":4},{"not_picked":["Terror","Heel Hook"],"picked":"Underhanded Strike","floor":7}],"player_experience":551400,"relics_obtained":[{"floor":7,"key":"War Paint"},{"floor":9,"key":"Tiny Chest"},{"floor":10,"key":"Frozen Egg 2"}],"event_choices":[{"damage_healed":0,"gold_gain":0,"player_choice":"2 cards matched","damage_taken":0,"max_hp_gain":0,"max_hp_loss":0,"event_name":"Match and Keep!","floor":2,"gold_loss":0,"cards_obtained":["Phantasmal Killer","Madness"]},{"damage_healed":0,"gold_gain":0,"player_choice":"Relic","damage_taken":0,"max_hp_gain":0,"max_hp_loss":0,"event_name":"Wheel of Change","floor":10,"gold_loss":0}],"is_beta":true,"boss_relics":[],"items_purged_floors":[5],"is_endless":false,"potions_floor_spawned":[3,4,7],"killed_by":"Gremlin Nob","ascension_level":13}