{"gold_per_floor":[119,79,96,96,46,80,80,80,80,80,94,112,123,123,123,228,228,242,242,242,242,10,10,28,28],"floor_reached":25,"playtime":793,"items_purged":["Decay"],"score":314,"play_id":"4b35510b-e9fb-4e58-9d1b-13e1e97b10f1","local_time":"20190127025626","is_ascension_mode":true,"campfire_choices":[{"data":"Dualcast","floor":8,"key":"SMITH"},{"data":"Zap","floor":10,"key":"SMITH"},{"data":"Go for the Eyes","floor":15,"key":"SMITH"},{"floor":23,"key":"REST"}],"neow_cost":"NONE","seed_source_timestamp":1420815049250056,"circlet_count":0,"master_deck":["Strike_B","Strike_B","Strike_B","Defend_B","Defend_B","Defend_B","Defend_B","Zap+1","Dualcast+1","Leap","Darkness+1","Rebound","Cold Snap","Machine Learning","Go for the Eyes+1","Rainbow","Defragment","Flash of Steel","Recycle+1"],"relics":["Cracked Core","NeowsBlessing","Boot","NlothsMask","Inserter","Nilry\u0027s Codex"],"potions_floor_usage":[20,20],"damage_taken":[{"damage":0,"enemies":"Cultist","floor":1,"turns":1},{"damage":0,"enemies":"Small Slimes","floor":3,"turns":1},{"damage":0,"enemies":"Gremlin Nob","floor":6,"turns":1},{"damage":0,"enemies":"2 Louse","floor":11,"turns":2},{"damage":0,"enemies":"Lots of Slimes","floor":12,"turns":5},{"damage":16,"enemies":"Large Slime","floor":13,"turns":6},{"damage":9,"enemies":"The Guardian","floor":16,"turns":8},{"damage":11,"enemies":"Shell Parasite","floor":18,"turns":7},{"damage":22,"enemies":"Colosseum Slavers","floor":20,"turns":5},{"damage":18,"enemies":"2 Thieves","floor":24,"turns":4},{"damage":14,"enemies":"Sentry and Sphere","floor":25,"turns":3}],"seed_played":"-9092647210781506159","potions_obtained":[{"floor":2,"key":"Block Potion"},{"floor":2,"key":"Weak Potion"},{"floor":2,"key":"SpeedPotion"},{"floor":6,"key":"SkillPotion"},{"floor":24,"key":"Dexterity Potion"}],"is_trial":false,"path_per_floor":["M","?","M","?","?","E","?","R","T","R","M","M","M","?","R","B",null,"M","?","?","?","$","R","M","M"],"character_chosen":"DEFECT","items_purchased":["Defragment","Flash of Steel"],"campfire_rested":1,"item_purchase_floors":[22,22],"current_hp_per_floor":[68,68,68,68,68,68,68,68,68,68,68,68,52,52,52,43,67,56,40,18,18,18,40,22,8],"gold":28,"neow_bonus":"THREE_ENEMY_KILL","is_prod":false,"is_daily":false,"chose_seed":false,"campfire_upgraded":3,"win_rate":0,"timestamp":1548557786,"path_taken":["M","?","?","?","?","E","?","R","T","R","M","M","?","?","R","BOSS","M","?","?","?","$","R","M","?"],"build_version":"2019-01-23","purchased_purges":1,"victory":false,"max_hp_per_floor":[75,75,75,75,75,75,75,75,75,75,75,75,75,75,75,75,75,75,75,75,75,75,75,75,75],"card_choices":[{"not_picked":["Hologram","Reprogram"],"picked":"Leap","floor":1},{"not_picked":["Leap","Stack"],"picked":"Darkness","floor":3},{"not_picked":["All For One","Beam Cell"],"picked":"Rebound","floor":6},{"not_picked":["Stack","Hologram"],"picked":"Cold Snap","floor":11},{"not_picked":["Steam","Rip and Tear"],"picked":"Machine Learning","floor":12},{"not_picked":["Hologram","Self Repair"],"picked":"Go for the Eyes","floor":13},{"not_picked":["Thunder Strike","Seek"],"picked":"Rainbow","floor":16},{"not_picked":["Go for the Eyes","Chaos","Steam"],"picked":"SKIP","floor":18},{"not_picked":["Steam+1","Go for the Eyes"],"picked":"Recycle+1","floor":24}],"player_experience":485523,"relics_obtained":[{"floor":6,"key":"Boot"},{"floor":19,"key":"Nilry\u0027s Codex"}],"event_choices":[{"damage_healed":0,"gold_gain":0,"player_choice":"Bought 3 Potions","damage_taken":0,"max_hp_gain":0,"max_hp_loss":0,"event_name":"The Woman in Blue","floor":2,"gold_loss":0},{"damage_healed":0,"gold_gain":0,"player_choice":"Grow","damage_taken":0,"max_hp_gain":0,"max_hp_loss":0,"event_name":"Living Wall","floor":4,"gold_loss":0,"cards_upgraded":["Darkness"]},{"cards_removed":["Strike_B"],"damage_healed":0,"gold_gain":0,"player_choice":"Card Removal","damage_taken":0,"max_hp_gain":0,"max_hp_loss":0,"event_name":"The Cleric","floor":5,"gold_loss":50},{"damage_healed":0,"gold_gain":0,"player_choice":"Trade","damage_taken":0,"relics_obtained":["NlothsMask"],"max_hp_gain":0,"max_hp_loss":0,"event_name":"FaceTrader","floor":7,"gold_loss":0},{"damage_healed":0,"gold_gain":0,"player_choice":"Ignored","damage_taken":0,"max_hp_gain":0,"max_hp_loss":0,"event_name":"Liars Game","floor":14,"gold_loss":0},{"damage_healed":0,"gold_gain":0,"player_choice":"Obtained Book","damage_taken":16,"max_hp_gain":0,"max_hp_loss":0,"event_name":"Cursed Tome","floor":19,"gold_loss":0},{"damage_healed":0,"gold_gain":0,"player_choice":"Fight","damage_taken":0,"max_hp_gain":0,"max_hp_loss":0,"event_name":"Colosseum","floor":20,"gold_loss":0},{"damage_healed":0,"gold_gain":0,"player_choice":"Fled From Nobs","damage_taken":0,"max_hp_gain":0,"max_hp_loss":0,"event_name":"Colosseum","floor":20,"gold_loss":0},{"damage_healed":0,"gold_gain":0,"player_choice":"Smashed Altar","damage_taken":0,"max_hp_gain":0,"max_hp_loss":0,"event_name":"Forgotten Altar","floor":21,"gold_loss":0,"cards_obtained":["Decay"]}],"is_beta":true,"boss_relics":[{"not_picked":["Runic Dome","Ectoplasm"],"picked":"Inserter"}],"items_purged_floors":[22],"is_endless":false,"potions_floor_spawned":[6,11,12,13,18,24],"killed_by":"Sentry and Sphere","ascension_level":8}