{"path_per_floor":["M","M","?","?","M","R","E","?","T","M","$","R","M","M","R","B",null,"M","?","M","?","?","R","$","R","T","M","R","M","?","M","R"],"character_chosen":"DEFECT","items_purchased":["FTL"],"gold_per_floor":[116,126,126,301,313,313,338,338,338,352,204,204,224,236,236,331,331,342,342,358,358,0,0,0,0,51,69,69,86,86,99,99,99],"floor_reached":33,"campfire_rested":3,"playtime":884,"current_hp_per_floor":[71,69,54,54,52,52,28,28,38,25,25,50,50,50,75,51,85,85,85,74,74,74,74,74,74,74,50,50,12,12,40,65,0],"items_purged":["Pain"],"gold":99,"score":296,"play_id":"436caef8-99f6-493f-8594-d4a0e23a8087","local_time":"20180510153620","is_prod":false,"is_daily":false,"chose_seed":false,"is_ascension_mode":true,"campfire_upgraded":4,"timestamp":1525991780,"path_taken":["M","?","?","?","M","R","E","?","T","?","$","R","M","M","R","BOSS","M","?","?","?","?","R","$","R","T","M","R","M","?","M","R","BOSS"],"build_version":"2018-05-10","seed_source_timestamp":58402236923315,"purchased_purges":1,"victory":false,"master_deck":["Strike_B+1","Strike_B+1","Strike_B+1","Strike_B+1","Defend_B+1","Defend_B","Defend_B","Defend_B+1","Zap","Dualcast","Hyperbeam+1","Doubt","Echo Form","FTL","Reboot+1","Decay","Sweeping Beam+1"],"max_hp_per_floor":[75,75,75,75,75,75,75,75,85,85,85,85,85,85,85,85,85,85,85,85,85,85,85,85,85,85,85,85,85,85,85,85,85],"relics":["Cracked Core","Whetstone","Pear","Lizard Tail","Happy Flower"],"card_choices":[{"not_picked":["Fission","Buffer"],"picked":"Hyperbeam","floor":0},{"not_picked":["Impulse","Aggregate"],"picked":"Echo Form","floor":7},{"not_picked":["Echo Form","Fission"],"picked":"Reboot","floor":16},{"not_picked":["Chill","Turbo"],"picked":"Sweeping Beam","floor":31}],"player_experience":200131,"potions_floor_usage":[7,7,16,20,27,33,33],"damage_taken":[{"damage":4,"enemies":"Cultist","floor":1,"turns":3},{"damage":2,"enemies":"Jaw Worm","floor":2,"turns":2},{"damage":2,"enemies":"Small Slimes","floor":5,"turns":1},{"damage":24,"enemies":"Lagavulin","floor":7,"turns":5},{"damage":13,"enemies":"3 Louse","floor":10,"turns":3},{"damage":0,"enemies":"Blue Slaver","floor":13,"turns":2},{"damage":0,"enemies":"Exordium Wildlife","floor":14,"turns":2},{"damage":24,"enemies":"Slime Boss","floor":16,"turns":8},{"damage":0,"enemies":"Chosen","floor":18,"turns":3},{"damage":11,"enemies":"2 Thieves","floor":20,"turns":2},{"damage":24,"enemies":"Snake Plant","floor":27,"turns":3},{"damage":38,"enemies":"Sentry and Sphere","floor":29,"turns":5},{"damage":22,"enemies":"Snecko","floor":31,"turns":5},{"damage":82,"enemies":"Collector","floor":33,"turns":8}],"event_choices":[{"event_name":"Shining Light","player_choice":"Entered Light","floor":3,"damage_taken":0},{"event_name":"Liars Game","player_choice":"agreed","floor":4,"damage_taken":0},{"event_name":"Scrap Ooze","player_choice":"unsuccessful","floor":8,"damage_taken":0},{"event_name":"Vampires","player_choice":"Ignored","floor":19,"damage_taken":0},{"event_name":"Ghosts","player_choice":"Ignored","floor":21,"damage_taken":0},{"event_name":"Masked Bandits","player_choice":"Paid Bandits 358 gold","floor":22,"damage_taken":0},{"event_name":"Forgotten Altar","player_choice":"Smashed Altar","floor":30,"damage_taken":0}],"boss_relics":[{"not_picked":["Pandora\u0027s Box","Astrolabe"],"picked":"Lizard Tail"}],"potions_floor_spawned":[1,5,14,16,18,20,31],"seed_played":"7911550496698541617","killed_by":"Collector","ascension_level":4,"is_trial":false}