{"gold_per_floor":[119,119,119,145,161,161,188,188,188,188,202,202,202,13,13,115,115,127,227,5,5,5,5,34,50,50,50,50,65,80,97,97,199,199,214,234,234,234,88,88,88,88,88,106,133,148,148,158,158,158],"floor_reached":51,"playtime":3392,"items_purged":["Pain"],"score":755,"play_id":"bce53aa4-ab43-4639-b2b9-43cfdb81f891","local_time":"20190212233533","is_ascension_mode":true,"campfire_choices":[{"data":"Neutralize","floor":6,"key":"SMITH"},{"floor":8,"key":"REST"},{"data":"Poisoned Stab","floor":10,"key":"SMITH"},{"data":"Noxious Fumes","floor":12,"key":"SMITH"},{"data":"Apotheosis","floor":15,"key":"SMITH"},{"floor":23,"key":"REST"},{"floor":28,"key":"REST"},{"floor":32,"key":"REST"},{"data":"1","floor":40,"key":"LIFT"},{"data":"2","floor":42,"key":"LIFT"},{"data":"3","floor":47,"key":"LIFT"},{"floor":49,"key":"REST"}],"neow_cost":"NONE","seed_source_timestamp":746580526287,"circlet_count":0,"master_deck":["Defend_G+1","Defend_G+1","Defend_G+1","Defend_G+1","Defend_G+1","Strike_G+1","Strike_G+1","Strike_G+1","Survivor","Neutralize+1","Backflip","Poisoned Stab+1","Terror","Noxious Fumes+1","Acrobatics","Apotheosis+1","Slice","Envenom","Bane+1","Quick Slash","Noxious Fumes","After Image","Catalyst","Infinite Blades+1","Finisher","Adrenaline","Escape Plan","Footwork"],"relics":["Ring of the Snake","Juzu Bracelet","Question Card","Ninja Scroll","WristBlade","Girya","Bottled Lightning","Regal Pillow","Letter Opener","Philosopher\u0027s Stone","WarpedTongs","Paper Crane","Kunai"],"potions_floor_usage":[19,31,33,50,50,50],"damage_taken":[{"damage":3,"enemies":"Jaw Worm","floor":1,"turns":5},{"damage":5,"enemies":"2 Louse","floor":5,"turns":3},{"damage":24,"enemies":"Gremlin Nob","floor":7,"turns":5},{"damage":0,"enemies":"Cultist","floor":11,"turns":2},{"damage":22,"enemies":"Hexaghost","floor":16,"turns":7},{"damage":21,"enemies":"3 Byrds","floor":18,"turns":6},{"damage":31,"enemies":"Colosseum Slavers","floor":19,"turns":5},{"damage":26,"enemies":"Colosseum Nobs","floor":19,"turns":5},{"damage":24,"enemies":"Gremlin Leader","floor":24,"turns":5},{"damage":10,"enemies":"Shell Parasite","floor":25,"turns":4},{"damage":29,"enemies":"Centurion and Healer","floor":29,"turns":5},{"damage":2,"enemies":"3 Cultists","floor":30,"turns":5},{"damage":0,"enemies":"Snecko","floor":31,"turns":2},{"damage":45,"enemies":"Automaton","floor":33,"turns":8},{"damage":13,"enemies":"3 Darklings","floor":35,"turns":5},{"damage":0,"enemies":"Orb Walker","floor":36,"turns":2},{"damage":1,"enemies":"Jaw Worm Horde","floor":44,"turns":4},{"damage":6,"enemies":"Reptomancer","floor":45,"turns":5},{"damage":4,"enemies":"4 Shapes","floor":46,"turns":4},{"damage":0,"enemies":"Spire Growth","floor":48,"turns":3},{"damage":29,"enemies":"Donu and Deca","floor":50,"turns":8}],"seed_played":"5367510626182609658","potions_obtained":[{"floor":5,"key":"FearPotion"},{"floor":16,"key":"GhostInAJar"},{"floor":19,"key":"EssenceOfSteel"},{"floor":25,"key":"SkillPotion"},{"floor":31,"key":"Fruit Juice"},{"floor":35,"key":"Fire Potion"},{"floor":45,"key":"GamblersBrew"},{"floor":48,"key":"PowerPotion"}],"is_trial":false,"path_per_floor":["M","?","?","T","M","R","E","R","T","R","M","R","?","$","R","B",null,"M","?","$","?","?","R","E","M","T","?","R","M","M","M","R","B",null,"M","M","?","?","$","R","?","R","T","M","E","M","R","M","R","B",null],"character_chosen":"THE_SILENT","items_purchased":["Apotheosis","Slice","Regal Pillow","Noxious Fumes","Footwork"],"campfire_rested":5,"item_purchase_floors":[14,14,20,20,39],"current_hp_per_floor":[74,74,79,79,74,74,50,74,74,74,74,74,74,74,74,52,82,61,4,4,4,4,43,19,9,9,9,48,19,17,22,63,18,87,74,74,74,74,74,74,74,74,74,73,67,63,63,63,87,58],"gold":158,"neow_bonus":"TEN_PERCENT_HP_BONUS","is_prod":false,"is_daily":false,"chose_seed":false,"campfire_upgraded":4,"win_rate":0,"timestamp":1550036133,"path_taken":["M","?","?","?","M","R","E","R","T","R","M","R","?","$","R","BOSS","M","?","$","?","?","R","E","M","T","?","R","M","M","M","R","BOSS","M","M","?","?","$","R","?","R","T","M","E","M","R","M","R","BOSS"],"build_version":"2019-01-23","purchased_purges":1,"victory":true,"max_hp_per_floor":[77,77,82,82,82,82,82,82,82,82,82,82,82,82,82,82,82,82,82,82,82,82,82,82,82,82,82,82,82,82,87,87,87,87,87,87,87,87,87,87,87,87,87,87,87,87,87,87,87,87],"card_choices":[{"not_picked":["Dagger Spray","Acrobatics"],"picked":"Backflip","floor":1},{"not_picked":["Backflip","Flying Knee"],"picked":"Poisoned Stab","floor":5},{"not_picked":["Eviscerate","Deflect"],"picked":"Terror","floor":7},{"not_picked":["Endless Agony","Adrenaline","Poisoned Stab"],"picked":"Noxious Fumes","floor":11},{"not_picked":["Wraith Form v2","Night Terror","Tools of the Trade"],"picked":"Envenom","floor":16},{"not_picked":["Noxious Fumes","Dodge and Roll","Outmaneuver+1"],"picked":"Bane+1","floor":18},{"not_picked":["Cloak And Dagger","Heel Hook+1","Slice"],"picked":"Quick Slash","floor":19},{"not_picked":["Setup","Finisher","Acrobatics+1","Distraction"],"picked":"SKIP","floor":24},{"not_picked":["Blade Dance","Bane+1","Wraith Form v2"],"picked":"Catalyst","floor":25},{"not_picked":["Poisoned Stab","Dagger Throw","Endless Agony","Sucker Punch"],"picked":"SKIP","floor":29},{"not_picked":["Deadly Poison+1","Skewer","Poisoned Stab"],"picked":"Infinite Blades+1","floor":30},{"not_picked":["Expertise","Dodge and Roll","Poisoned Stab"],"picked":"Finisher","floor":31},{"not_picked":["Grand Finale","Bullet Time","Phantasmal Killer"],"picked":"Adrenaline","floor":33},{"not_picked":["Masterful Stab","Flechettes","Backflip+1","Eviscerate"],"picked":"SKIP","floor":35},{"not_picked":["Prepared","Dagger Throw","Underhanded Strike+1"],"picked":"Escape Plan","floor":36},{"not_picked":["Outmaneuver","Quick Slash+1","Calculated Gamble","Infinite Blades"],"picked":"SKIP","floor":44},{"not_picked":["Finisher+1","All Out Attack+1","Wraith Form v2","Underhanded Strike"],"picked":"SKIP","floor":45},{"not_picked":["Heel Hook+1","Blade Dance+1","Flying Knee","Eviscerate"],"picked":"SKIP","floor":46},{"not_picked":["Flying Knee+1","Dagger Throw","Backstab","Cloak And Dagger+1"],"picked":"SKIP","floor":48}],"player_experience":114219,"relics_obtained":[{"floor":4,"key":"Juzu Bracelet"},{"floor":7,"key":"Question Card"},{"floor":9,"key":"Ninja Scroll"},{"floor":19,"key":"Girya"},{"floor":19,"key":"Bottled Lightning"},{"floor":24,"key":"Letter Opener"},{"floor":43,"key":"Paper Crane"},{"floor":45,"key":"Kunai"}],"event_choices":[{"damage_healed":0,"gold_gain":0,"player_choice":"Ignored","damage_taken":0,"max_hp_gain":0,"max_hp_loss":0,"event_name":"Golden Wing","floor":2,"gold_loss":0},{"damage_healed":0,"gold_gain":0,"player_choice":"Donut","damage_taken":0,"max_hp_gain":5,"max_hp_loss":0,"event_name":"Big Fish","floor":3,"gold_loss":0},{"damage_healed":0,"gold_gain":0,"cards_transformed":["Strike_G"],"player_choice":"Transformed","damage_taken":0,"max_hp_gain":0,"max_hp_loss":0,"event_name":"Transmorgrifier","floor":13,"gold_loss":0,"cards_obtained":["Acrobatics"]},{"damage_healed":0,"gold_gain":0,"player_choice":"Fight","damage_taken":0,"max_hp_gain":0,"max_hp_loss":0,"event_name":"Colosseum","floor":19,"gold_loss":0},{"damage_healed":0,"gold_gain":0,"player_choice":"Fought Nobs","damage_taken":0,"max_hp_gain":0,"max_hp_loss":0,"event_name":"Colosseum","floor":19,"gold_loss":0},{"damage_healed":0,"gold_gain":0,"player_choice":"1 cards matched","damage_taken":0,"max_hp_gain":0,"max_hp_loss":0,"event_name":"Match and Keep!","floor":21,"gold_loss":0,"cards_obtained":["After Image"]},{"damage_healed":0,"gold_gain":0,"player_choice":"Simplicity","damage_taken":0,"max_hp_gain":0,"max_hp_loss":0,"event_name":"Back to Basics","floor":22,"gold_loss":0,"cards_upgraded":["Defend_G","Defend_G","Defend_G","Defend_G","Defend_G","Strike_G","Strike_G","Strike_G","Strike_G"]},{"damage_healed":0,"gold_gain":0,"player_choice":"Ignored","damage_taken":0,"max_hp_gain":0,"max_hp_loss":0,"event_name":"Cursed Tome","floor":27,"gold_loss":0},{"damage_healed":0,"gold_gain":0,"player_choice":"Memory 1","damage_taken":0,"max_hp_gain":0,"max_hp_loss":0,"event_name":"SensoryStone","floor":37,"gold_loss":0},{"damage_healed":0,"gold_gain":0,"player_choice":"Rummage","damage_taken":0,"relics_obtained":["WarpedTongs"],"max_hp_gain":0,"max_hp_loss":0,"event_name":"Accursed Blacksmith","floor":38,"gold_loss":0,"cards_obtained":["Pain"]},{"cards_removed":["Strike_G"],"damage_healed":0,"gold_gain":0,"player_choice":"Purged","damage_taken":0,"max_hp_gain":0,"max_hp_loss":0,"event_name":"Purifier","floor":41,"gold_loss":0}],"is_beta":false,"boss_relics":[{"not_picked":["HoveringKite","Runic Pyramid"],"picked":"WristBlade"},{"not_picked":["Empty Cage","Orrery"],"picked":"Philosopher\u0027s Stone"}],"items_purged_floors":[39],"is_endless":false,"potions_floor_spawned":[5,16,19,25,29,30,31,35,45,48],"ascension_level":2}