{"gold_per_floor":[369,387,387,562,562,597,607,635,708,187,187,205,238,251,251,353,353,367,367,384,110,121,121,156,156,156,156],"floor_reached":27,"playtime":1944,"items_purged":["Doubt"],"score":289,"play_id":"ba24f3ae-b3ad-43f5-ab2b-5fc404fe9446","local_time":"20190131192344","is_ascension_mode":true,"campfire_choices":[{"data":"Metallicize","floor":15,"key":"SMITH"},{"data":"Metallicize","floor":23,"key":"SMITH"},{"floor":25,"key":"REST"}],"neow_cost":"TEN_PERCENT_HP_LOSS","seed_source_timestamp":16653039323487,"circlet_count":0,"master_deck":["Strike_R","Strike_R","Strike_R","Strike_R","Strike_R","Defend_R","Defend_R","Defend_R","Defend_R","Bash","Infernal Blade","Metallicize+1","Metallicize+1","Reckless Charge","Anger","Demon Form","Twin Strike","Heavy Blade+1"],"relics":["Burning Blood","Shuriken","Paper Frog","Smiling Mask","Bottled Flame","Meat on the Bone","Bag of Preparation","Prayer Wheel","Busted Crown","Membership Card","Lantern","Regal Pillow","Matryoshka"],"potions_floor_usage":[8,12,13,16,16,20,22],"damage_taken":[{"damage":1,"enemies":"Cultist","floor":1,"turns":3},{"damage":0,"enemies":"2 Louse","floor":2,"turns":2},{"damage":23,"enemies":"Gremlin Nob","floor":6,"turns":4},{"damage":4,"enemies":"Jaw Worm","floor":7,"turns":3},{"damage":40,"enemies":"3 Sentries","floor":8,"turns":12},{"damage":18,"enemies":"Large Slime","floor":12,"turns":9},{"damage":32,"enemies":"Lagavulin","floor":13,"turns":9},{"damage":6,"enemies":"Red Slaver","floor":14,"turns":6},{"damage":19,"enemies":"Hexaghost","floor":16,"turns":8},{"damage":21,"enemies":"2 Thieves","floor":18,"turns":4},{"damage":19,"enemies":"Shell Parasite","floor":20,"turns":5},{"damage":8,"enemies":"Snake Plant","floor":22,"turns":4},{"damage":49,"enemies":"Gremlin Leader","floor":24,"turns":7},{"damage":66,"enemies":"Book of Stabbing","floor":27,"turns":6}],"seed_played":"-54978599846147039","potions_obtained":[{"floor":1,"key":"AttackPotion"},{"floor":8,"key":"Regen Potion"},{"floor":11,"key":"Poison Potion"},{"floor":11,"key":"Explosive Potion"},{"floor":12,"key":"Ancient Potion"},{"floor":13,"key":"FearPotion"},{"floor":16,"key":"AttackPotion"},{"floor":20,"key":"LiquidBronze"}],"is_trial":false,"path_per_floor":["M","M","?","?","T","E","M","E","T","$","?","M","E","M","R","B",null,"M","?","M","$","M","R","E","R","T","E"],"character_chosen":"IRONCLAD","items_purchased":["Metallicize","Meat on the Bone","Bag of Preparation","Membership Card","Lantern"],"campfire_rested":1,"item_purchase_floors":[10,10,10,21,21],"current_hp_per_floor":[72,72,72,72,72,55,57,23,23,23,23,38,24,36,36,35,72,57,57,44,44,54,54,23,59,59,0],"gold":156,"neow_bonus":"TWO_FIFTY_GOLD","is_prod":false,"is_daily":false,"chose_seed":false,"campfire_upgraded":2,"win_rate":0,"timestamp":1548959024,"path_taken":["M","?","?","?","?","E","M","E","T","$","?","?","E","M","R","BOSS","M","?","?","$","M","R","E","R","T","E"],"build_version":"2019-01-23","purchased_purges":1,"victory":false,"max_hp_per_floor":[72,72,72,72,72,72,72,72,72,72,72,72,72,72,72,72,72,72,72,72,72,72,72,72,72,72,72],"card_choices":[{"not_picked":["Anger","Flex"],"picked":"Infernal Blade","floor":1},{"not_picked":["Body Slam","True Grit","Twin Strike"],"picked":"SKIP","floor":2},{"not_picked":["Pommel Strike","Havoc","Reaper"],"picked":"SKIP","floor":6},{"not_picked":["Thunderclap","Inflame"],"picked":"Metallicize","floor":7},{"not_picked":["Flex","Brutality","Twin Strike"],"picked":"SKIP","floor":8},{"not_picked":["Clothesline","True Grit","Twin Strike"],"picked":"SKIP","floor":12},{"not_picked":["Havoc","Sentinel"],"picked":"Reckless Charge","floor":13},{"not_picked":["Clothesline","Sever Soul"],"picked":"Anger","floor":14},{"not_picked":["Feel No Pain","Clothesline","Dual Wield"],"picked":"SKIP","floor":14},{"not_picked":["Offering","Impervious"],"picked":"Demon Form","floor":16},{"not_picked":[],"picked":"Armaments","floor":18},{"not_picked":["Heavy Blade"],"picked":"SKIP","floor":18},{"not_picked":[],"picked":"Twin Strike","floor":20},{"not_picked":["Body Slam+1"],"picked":"SKIP","floor":20},{"not_picked":[],"picked":"Heavy Blade+1","floor":22},{"not_picked":["Combust"],"picked":"SKIP","floor":22},{"not_picked":["Bloodletting"],"picked":"SKIP","floor":24}],"player_experience":135679,"relics_obtained":[{"floor":5,"key":"Shuriken"},{"floor":6,"key":"Paper Frog"},{"floor":8,"key":"Smiling Mask"},{"floor":9,"key":"Bottled Flame"},{"floor":13,"key":"Prayer Wheel"},{"floor":24,"key":"Regal Pillow"},{"floor":26,"key":"Matryoshka"}],"event_choices":[{"damage_healed":0,"gold_gain":0,"player_choice":"Leave","damage_taken":0,"max_hp_gain":0,"max_hp_loss":0,"event_name":"The Cleric","floor":3,"gold_loss":0},{"damage_healed":0,"gold_gain":175,"player_choice":"AGREE","damage_taken":0,"max_hp_gain":0,"max_hp_loss":0,"event_name":"Liars Game","floor":4,"gold_loss":0,"cards_obtained":["Doubt"]},{"damage_healed":0,"gold_gain":0,"player_choice":"Got Potions","damage_taken":0,"max_hp_gain":0,"max_hp_loss":0,"event_name":"Lab","floor":11,"gold_loss":0},{"cards_removed":["Armaments"],"damage_healed":0,"gold_gain":0,"player_choice":"Purged","damage_taken":0,"max_hp_gain":0,"max_hp_loss":0,"event_name":"Purifier","floor":19,"gold_loss":0}],"is_beta":false,"boss_relics":[{"not_picked":["Cursed Key","Philosopher\u0027s Stone"],"picked":"Busted Crown"}],"items_purged_floors":[10],"is_endless":false,"potions_floor_spawned":[1,8,12,13,16,20],"killed_by":"Book of Stabbing","ascension_level":3}