{"path_per_floor":["M","M","M","M","?","E","M","E","T","R","?","R","M","E","R","B",null],"character_chosen":"DEFECT","items_purchased":[],"gold_per_floor":[114,129,144,159,259,289,304,634,659,659,659,659,674,704,704,804,804,804],"floor_reached":18,"campfire_rested":2,"playtime":1093,"item_purchase_floors":[],"current_hp_per_floor":[74,73,73,67,67,53,40,26,26,48,41,41,41,33,55,21,75,52],"items_purged":[],"gold":804,"score":232,"play_id":"f615bd37-7d6e-4eb1-ba7c-eb674b71e916","local_time":"20180607210023","daily_mods":["Brewmaster","Elite Swarm","Hoarder"],"is_prod":false,"is_daily":true,"chose_seed":false,"is_ascension_mode":false,"campfire_upgraded":1,"win_rate":0,"timestamp":1528401623,"campfire_choices":[{"floor":10,"key":"REST"},{"data":"Recycle","floor":12,"key":"SMITH"},{"floor":15,"key":"REST"}],"path_taken":["M","M","?","M","?","E","?","E","T","R","?","R","?","E","R","BOSS","M"],"build_version":"2018-06-06","seed_source_timestamp":0,"purchased_purges":0,"victory":false,"master_deck":["Strike_B","Strike_B","Strike_B","Defend_B","Defend_B","Defend_B","Defend_B","Zap","Dualcast","Venomology","Venomology","Venomology","Venomology","Venomology","Venomology","Venomology","Venomology","Venomology","Venomology","Venomology","Venomology","Venomology","Venomology","Venomology","Recycle+1","Recycle","Recycle","Redo","Redo","Redo","Fusion","Fusion","Fusion","Electrodynamics","Electrodynamics","Electrodynamics","Ball Lightning","Ball Lightning","Ball Lightning","Machine Learning","Machine Learning","Machine Learning","Seek","Seek","Seek","Thunder Strike","Thunder Strike","Thunder Strike"],"max_hp_per_floor":[75,75,75,75,75,75,75,75,75,75,75,75,75,75,75,75,75,75],"relics":["Cracked Core","White Beast Statue","Bronze Scales","Old Coin","Boot","Kunai","Ectoplasm"],"card_choices":[{"not_picked":["Static Discharge","Rebound","Streamline"],"picked":"SKIP","floor":1},{"not_picked":["Beam Cell","Steam"],"picked":"Recycle","floor":2},{"not_picked":["Rebound","Gash"],"picked":"Redo","floor":3},{"not_picked":["Leap","Machine Learning"],"picked":"Fusion","floor":4},{"not_picked":["Seek","Echo Form"],"picked":"Electrodynamics","floor":6},{"not_picked":["Recycle","Barrage"],"picked":"Ball Lightning","floor":7},{"not_picked":["Core Surge","Multi-Cast"],"picked":"Machine Learning","floor":8},{"not_picked":["Beam Cell","Loop","Darkness"],"picked":"SKIP","floor":13},{"not_picked":["Reboot","Buffer"],"picked":"Seek","floor":14},{"not_picked":["Buffer","Electrodynamics"],"picked":"Thunder Strike","floor":16}],"player_experience":241699,"potions_floor_usage":[1,1,1,1,1,1,2,2,2,2,2,3,3,3,3,4,4,4,4,4,4,6,6,6,6,6,6,6,6,6,6,6,6,6,7,7,7,7,8,8,8,13,14,14,14,14,14,14,16,16,16,16,16,16,16,16,16,16,16,16,16,16,18,18,18,18,18,18,18],"damage_taken":[{"damage":1,"enemies":"Cultist","floor":1,"turns":3},{"damage":1,"enemies":"Jaw Worm","floor":2,"turns":2},{"damage":0,"enemies":"2 Louse","floor":3,"turns":2},{"damage":6,"enemies":"Lots of Slimes","floor":4,"turns":2},{"damage":29,"enemies":"3 Sentries","floor":6,"turns":8},{"damage":13,"enemies":"2 Fungi Beasts","floor":7,"turns":3},{"damage":14,"enemies":"Gremlin Nob","floor":8,"turns":3},{"damage":0,"enemies":"3 Louse","floor":13,"turns":2},{"damage":8,"enemies":"3 Sentries","floor":14,"turns":5},{"damage":34,"enemies":"Hexaghost","floor":16,"turns":9},{"damage":23,"enemies":"Shell Parasite","floor":18,"turns":4}],"relics_obtained":[{"floor":6,"key":"Bronze Scales"},{"floor":8,"key":"Old Coin"},{"floor":9,"key":"Boot"},{"floor":14,"key":"Kunai"}],"event_choices":[{"event_name":"Golden Shrine","player_choice":"Pray","floor":5,"damage_taken":0},{"event_name":"Golden Wing","player_choice":"Card Removal","floor":11,"damage_taken":0}],"boss_relics":[{"not_picked":["Philosopher\u0027s Stone","Runic Dome"],"picked":"Ectoplasm"}],"items_purged_floors":[],"potions_floor_spawned":[1,2,3,4,6,7,8,13,14,16],"seed_played":"780914286428211859","killed_by":"Shell Parasite","ascension_level":0,"potions_obtained":[{"floor":2,"key":"Poison Potion"},{"floor":3,"key":"Energy Potion"},{"floor":4,"key":"Weak Potion"},{"floor":8,"key":"SkillPotion"},{"floor":16,"key":"Block Potion"}],"is_trial":false}