{"path_per_floor":["M","?","M","?","M","R","?","R","T","M","M","R","M","$","R","B",null,"M","M","M","$","?"],"character_chosen":"THE_SILENT","items_purchased":["Mummified Hand","Noxious Fumes","Terror+1"],"gold_per_floor":[116,146,160,160,180,180,255,255,255,269,289,289,309,58,58,182,182,197,220,244,20,20,20],"floor_reached":23,"campfire_rested":2,"playtime":1057,"item_purchase_floors":[],"current_hp_per_floor":[61,49,46,29,29,29,18,39,39,39,33,33,28,28,49,7,70,70,61,50,50,50,0],"items_purged":["Defend_G"],"gold":20,"score":220,"play_id":"103d47cc-e660-4a68-be38-94a156fb0dc4","local_time":"20180531201800","is_prod":false,"is_daily":false,"chose_seed":false,"is_ascension_mode":true,"campfire_upgraded":2,"win_rate":0,"timestamp":1527794280,"campfire_choices":[{"data":"Envenom","floor":6.0,"key":"SMITH"},{"floor":8.0,"key":"REST"},{"data":"Crippling Poison","floor":12.0,"key":"SMITH"},{"floor":15.0,"key":"REST"}],"path_taken":["M","?","M","?","?","R","?","R","T","M","M","R","M","$","R","BOSS","M","?","M","?","?","E"],"build_version":"2018-05-30v2","seed_source_timestamp":0,"purchased_purges":1,"victory":false,"master_deck":["Defend_G","Defend_G","Defend_G","Defend_G","Strike_G","Strike_G","Strike_G","Strike_G","Strike_G","Survivor","Neutralize","Envenom+1","Crippling Poison+1","Poisoned Stab","Bane","Distraction+1","Deadly Poison+1","PiercingWail+1","Storm of Steel+1","PiercingWail+1","Escape Plan+1","Escape Plan+1","Noxious Fumes","Terror+1"],"max_hp_per_floor":[70,70,70,70,70,70,70,70,70,70,70,70,70,70,70,70,70,70,70,70,70,70,70],"relics":["Ring of the Snake","Tiny Chest","Golden Idol","Toxic Egg 2","Mummified Hand","Eternal Feather"],"card_choices":[{"not_picked":["Slice","Dodge and Roll"],"picked":"Crippling Poison","floor":1.0},{"not_picked":["Prepared","Dagger Throw"],"picked":"Poisoned Stab","floor":3.0},{"not_picked":["Underhanded Strike","Quick Slash"],"picked":"Bane","floor":5.0},{"not_picked":["Flying Knee","Blur+1"],"picked":"Distraction+1","floor":10.0},{"not_picked":["Outmaneuver+1","Choke"],"picked":"Deadly Poison+1","floor":11.0},{"not_picked":["Deadly Poison+1","Caltrops"],"picked":"PiercingWail+1","floor":13.0},{"not_picked":["Die Die Die","Grand Finale"],"picked":"Storm of Steel+1","floor":16.0},{"not_picked":["Bane","Deadly Poison+1"],"picked":"PiercingWail+1","floor":18.0},{"not_picked":["Backflip+1","Quick Slash+1"],"picked":"Escape Plan+1","floor":19.0},{"not_picked":["Endless Agony","Bane+1"],"picked":"Escape Plan+1","floor":20.0}],"player_experience":223689,"potions_floor_usage":[23],"damage_taken":[{"damage":9.0,"enemies":"Jaw Worm","floor":1.0,"turns":5.0},{"damage":3.0,"enemies":"2 Louse","floor":3.0,"turns":3.0},{"damage":0.0,"enemies":"Small Slimes","floor":5.0,"turns":3.0},{"damage":0.0,"enemies":"Gremlin Gang","floor":10.0,"turns":6.0},{"damage":6.0,"enemies":"2 Fungi Beasts","floor":11.0,"turns":3.0},{"damage":5.0,"enemies":"Large Slime","floor":13.0,"turns":4.0},{"damage":42.0,"enemies":"Slime Boss","floor":16.0,"turns":10.0},{"damage":0.0,"enemies":"3 Byrds","floor":18.0,"turns":4.0},{"damage":9.0,"enemies":"Chosen","floor":19.0,"turns":5.0},{"damage":11.0,"enemies":"Snake Plant","floor":20.0,"turns":5.0},{"damage":55,"enemies":"Gremlin Leader","floor":23,"turns":8}],"relics_obtained":[{"floor":9.0,"key":"Toxic Egg 2"}],"event_choices":[{"event_name":"Scrap Ooze","player_choice":"success","floor":2.0,"damage_taken":12.0},{"event_name":"Golden Idol","player_choice":"Take Damage","floor":4.0,"damage_taken":0.0},{"event_name":"World of Goop","player_choice":"Gather Gold","floor":7.0,"damage_taken":0.0},{"event_name":"Drug Dealer","player_choice":"Ignored","floor":22.0,"damage_taken":0.0}],"boss_relics":[],"items_purged_floors":[],"potions_floor_spawned":[1,10,18,19],"seed_played":"-727704701960776642","killed_by":"Gremlin Leader","ascension_level":4,"potions_obtained":[{"floor":1.0,"key":"AttackPotion"},{"floor":10.0,"key":"SpeedPotion"},{"floor":18.0,"key":"GamblersBrew"},{"floor":19.0,"key":"GamblersBrew"}],"is_trial":false}