{"gold_per_floor":[114,114,114,124,144,144,174,29,29,63,78,98,48,48,48,151,181,198,5,18,18,18,18,18],"floor_reached":24,"playtime":986,"items_purged":["Regret","Pain"],"score":300,"play_id":"6f85d1ae-a895-421b-ba43-fa5a328c68a8","local_time":"20190116210335","is_ascension_mode":true,"campfire_choices":[{"data":"Uppercut","floor":6,"key":"SMITH"},{"data":"Dual Wield","floor":15,"key":"SMITH"},{"data":"Armaments","floor":23,"key":"SMITH"}],"neow_cost":"NONE","seed_source_timestamp":535475895138830,"circlet_count":0,"master_deck":["Strike_R","Strike_R","Strike_R","Strike_R","Defend_R","Defend_R","Defend_R","Defend_R","Bash","Feel No Pain","Enlightenment+1","Battle Trance","Uppercut+1","Offering","Dual Wield+1","Feel No Pain","Metallicize","Bludgeon","Juggernaut","Regret","Decay","True Grit","Armaments+1","Burning Pact"],"relics":["Burning Blood","NeowsBlessing","Bird Faced Urn","Mummified Hand","Torii","Dream Catcher","Calling Bell","Tiny Chest","Pear","Mango"],"potions_floor_usage":[7,10,20],"damage_taken":[{"damage":0,"enemies":"Small Slimes","floor":1,"turns":1},{"damage":1,"enemies":"2 Louse","floor":4,"turns":2},{"damage":0,"enemies":"Cultist","floor":5,"turns":1},{"damage":34,"enemies":"Gremlin Nob","floor":7,"turns":5},{"damage":17,"enemies":"Lagavulin","floor":10,"turns":4},{"damage":13,"enemies":"Exordium Thugs","floor":11,"turns":4},{"damage":20,"enemies":"3 Louse","floor":12,"turns":3},{"damage":24,"enemies":"The Guardian","floor":16,"turns":11},{"damage":21,"enemies":"3 Byrds","floor":18,"turns":5},{"damage":10,"enemies":"Shell Parasite","floor":20,"turns":6},{"damage":20,"enemies":"Colosseum Slavers","floor":24,"turns":5},{"damage":109,"enemies":"Colosseum Nobs","floor":24,"turns":4}],"seed_played":"6457885218063960192","potions_obtained":[{"floor":5,"key":"BloodPotion"},{"floor":7,"key":"PowerPotion"},{"floor":12,"key":"Regen Potion"}],"is_trial":false,"path_per_floor":["M","?","?","M","M","R","E","$","T","E","M","M","?","?","R","B",null,"M","$","M","?","?","R","?"],"character_chosen":"IRONCLAD","items_purchased":["Dual Wield","True Grit","Armaments"],"campfire_rested":0,"item_purchase_floors":[8,19,19],"current_hp_per_floor":[78,78,78,80,80,80,57,57,57,50,49,41,41,41,41,29,91,84,84,103,103,103,103,0],"gold":18,"neow_bonus":"THREE_ENEMY_KILL","is_prod":false,"is_daily":false,"chose_seed":false,"campfire_upgraded":3,"win_rate":0,"timestamp":1547672615,"path_taken":["M","?","?","M","?","R","E","?","T","E","M","M","?","?","R","BOSS","M","$","M","?","?","R","?"],"build_version":"2019-01-14v2","purchased_purges":2,"victory":false,"max_hp_per_floor":[80,80,80,80,80,80,80,80,80,80,80,80,80,80,80,80,104,104,104,104,104,104,104,104],"card_choices":[{"not_picked":["Twin Strike","True Grit"],"picked":"Feel No Pain","floor":1},{"not_picked":["Bloodletting","Iron Wave"],"picked":"Battle Trance","floor":4},{"not_picked":["Twin Strike","Perfected Strike"],"picked":"Uppercut","floor":5},{"not_picked":["Twin Strike","Pommel Strike"],"picked":"Offering","floor":7},{"not_picked":["Carnage","True Grit"],"picked":"Feel No Pain","floor":10},{"not_picked":["Thunderclap","Fire Breathing"],"picked":"Metallicize","floor":11},{"not_picked":["Armaments","Perfected Strike"],"picked":"Bludgeon","floor":12},{"not_picked":["Double Tap","Feed"],"picked":"Juggernaut","floor":16},{"not_picked":["Blood for Blood","Wild Strike+1","Warcry"],"picked":"SKIP","floor":18},{"not_picked":["Wild Strike","Reckless Charge","Rampage"],"picked":"SKIP","floor":20}],"player_experience":422904,"relics_obtained":[{"floor":7,"key":"Mummified Hand"},{"floor":9,"key":"Torii"},{"floor":10,"key":"Dream Catcher"},{"floor":17,"key":"Tiny Chest"},{"floor":17,"key":"Pear"},{"floor":17,"key":"Mango"}],"event_choices":[{"damage_healed":0,"gold_gain":0,"player_choice":"Box","damage_taken":0,"relics_obtained":["Bird Faced Urn"],"max_hp_gain":0,"max_hp_loss":0,"event_name":"Big Fish","floor":2,"gold_loss":0,"cards_obtained":["Regret"]},{"damage_healed":0,"gold_gain":0,"player_choice":"1 cards matched","damage_taken":0,"max_hp_gain":0,"max_hp_loss":0,"event_name":"Match and Keep!","floor":3,"gold_loss":0,"cards_obtained":["Enlightenment"]},{"cards_removed":["Strike_R"],"damage_healed":0,"gold_gain":0,"player_choice":"Card Removal","damage_taken":0,"max_hp_gain":0,"max_hp_loss":0,"event_name":"The Cleric","floor":13,"gold_loss":50},{"damage_healed":0,"gold_gain":0,"player_choice":"Grow","damage_taken":0,"max_hp_gain":0,"max_hp_loss":0,"event_name":"Living Wall","floor":14,"gold_loss":0,"cards_upgraded":["Enlightenment"]},{"damage_healed":0,"gold_gain":0,"player_choice":"Read","damage_taken":0,"max_hp_gain":0,"max_hp_loss":0,"event_name":"The Library","floor":21,"gold_loss":0,"cards_obtained":["Burning Pact"]},{"damage_healed":0,"gold_gain":0,"player_choice":"Ignored","damage_taken":0,"max_hp_gain":0,"max_hp_loss":0,"event_name":"Ghosts","floor":22,"gold_loss":0},{"damage_healed":0,"gold_gain":0,"player_choice":"Fight","damage_taken":0,"max_hp_gain":0,"max_hp_loss":0,"event_name":"Colosseum","floor":24,"gold_loss":0},{"damage_healed":0,"gold_gain":0,"player_choice":"Fought Nobs","damage_taken":0,"max_hp_gain":0,"max_hp_loss":0,"event_name":"Colosseum","floor":24,"gold_loss":0}],"is_beta":true,"boss_relics":[{"not_picked":["Mark of Pain","Lizard Tail"],"picked":"Calling Bell"}],"items_purged_floors":[8,19],"is_endless":false,"potions_floor_spawned":[5,7,12],"killed_by":"Colosseum Nobs","ascension_level":7}