{"path_per_floor":["M","M","M","$","?","R","M","R","T","M","E","M","R","E","R","B",null,"M","M","?","?","?","R","?","R","T","R","E","$","?","M","R","B",null,"M","M","?","$","?","R"],"character_chosen":"DEFECT","items_purchased":["Purity","Lee\u0027s Waffle","Recycle+1","Trip+1","Stack+1"],"gold_per_floor":[115,131,149,51,51,51,76,76,76,101,142,157,157,193,193,312,312,325,340,340,340,255,255,205,205,252,252,287,22,0,11,11,112,112,123,138,190,40,40,40,40],"floor_reached":41,"campfire_rested":2,"playtime":2279,"item_purchase_floors":[4,29,29,38,38],"current_hp_per_floor":[73,71,71,71,53,53,42,42,42,40,26,26,26,24,46,39,75,58,51,51,51,51,73,73,73,82,82,62,89,89,66,66,13,89,89,70,60,60,60,60,0],"items_purged":[],"gold":40,"score":480,"play_id":"47ed15c3-9d30-418a-ba6b-daea079508dc","local_time":"20180527213812","is_prod":false,"is_daily":false,"chose_seed":false,"is_ascension_mode":true,"campfire_upgraded":7,"win_rate":0,"timestamp":1527453492,"campfire_choices":[{"data":"Hello World","floor":6,"key":"SMITH"},{"data":"Static Discharge","floor":8,"key":"SMITH"},{"data":"Steam Power","floor":13,"key":"SMITH"},{"floor":15,"key":"REST"},{"floor":23,"key":"REST"},{"data":"Glacier","floor":25,"key":"SMITH"},{"data":"Zap","floor":27,"key":"SMITH"},{"data":"Barrage","floor":32,"key":"SMITH"},{"data":"Rebound","floor":40,"key":"SMITH"}],"path_taken":["M","M","M","$","?","R","M","R","T","?","E","M","R","E","R","BOSS","M","M","?","?","?","R","?","R","T","R","E","$","?","?","R","BOSS","M","M","?","$","?","R","E"],"build_version":"2018-05-25","seed_source_timestamp":1247669449557487,"purchased_purges":0,"victory":false,"master_deck":["Zap+1","Dualcast+1","Turbo","Glacier+1","Steam Power+1","Hello World+1","Purity","Static Discharge+1","Chaos+1","Reprogram+1","Tempest+1","Creative AI+1","Rainbow+1","Sweeping Beam+1","Stack+1","Recycle+1","Barrage+1","Creative AI+1","Rebound+1","Leap+1","Heatsinks+1","Redo+1","Steam+1","Chill+1","Leap+1","Hologram+1","Double Energy+1","Trip+1","Stack+1"],"max_hp_per_floor":[75,75,75,75,75,75,75,75,75,75,75,75,75,75,75,75,75,75,75,75,75,75,75,75,75,82,82,82,89,89,89,89,89,89,89,89,89,89,89,89,89],"relics":["Cracked Core","Bloody Idol","Toxic Egg 2","Frozen Egg 2","Anchor","Inserter","DataDisk","Strawberry","Pantograph","Lee\u0027s Waffle","Pandora\u0027s Box","Calipers"],"card_choices":[{"not_picked":["Steam","Rebound"],"picked":"Turbo","floor":0},{"not_picked":["Melter","Leap"],"picked":"Glacier","floor":1},{"not_picked":["Rebound","Undo"],"picked":"Steam Power","floor":2},{"not_picked":["Redo","Auto Shields"],"picked":"Hello World","floor":3},{"not_picked":["Coolheaded","Cold Snap"],"picked":"Static Discharge","floor":7},{"not_picked":["Leap+1","Cold Snap"],"picked":"Chaos+1","floor":10},{"not_picked":["Loop","Steam+1"],"picked":"Reprogram+1","floor":11},{"not_picked":["Beam Cell","Capacitor+1"],"picked":"Tempest+1","floor":12},{"not_picked":["Redo+1","Leap+1"],"picked":"Creative AI+1","floor":14},{"not_picked":["Creative AI+1","Seek+1"],"picked":"Rainbow+1","floor":16},{"not_picked":["Go for the Eyes","Streamline"],"picked":"Sweeping Beam+1","floor":18},{"not_picked":["Ball Lightning","Turbo+1","Sweeping Beam"],"picked":"SKIP","floor":19},{"not_picked":["Steam Power+1","Amplify+1"],"picked":"Stack+1","floor":28},{"not_picked":["Turbo+1","Rebound"],"picked":"Barrage","floor":31},{"not_picked":["Fission+1","Amplify+1"],"picked":"Creative AI+1","floor":33},{"not_picked":["Rebound","Melter+1","Compile Driver"],"picked":"SKIP","floor":35},{"not_picked":["Steam+1","Coolheaded+1"],"picked":"Hologram+1","floor":36},{"not_picked":["Go for the Eyes+1","Auto Shields+1"],"picked":"Double Energy+1","floor":37}],"player_experience":204417,"potions_floor_usage":[10,10,14,16,28,33],"damage_taken":[{"damage":2,"enemies":"Small Slimes","floor":1,"turns":3},{"damage":2,"enemies":"Jaw Worm","floor":2,"turns":3},{"damage":0,"enemies":"Cultist","floor":3,"turns":4},{"damage":11,"enemies":"Blue Slaver","floor":7,"turns":4},{"damage":2,"enemies":"Looter","floor":10,"turns":4},{"damage":14,"enemies":"Lagavulin","floor":11,"turns":7},{"damage":0,"enemies":"2 Fungi Beasts","floor":12,"turns":4},{"damage":2,"enemies":"Gremlin Nob","floor":14,"turns":3},{"damage":7,"enemies":"Hexaghost","floor":16,"turns":10},{"damage":17,"enemies":"Chosen","floor":18,"turns":7},{"damage":7,"enemies":"Spheric Guardian","floor":19,"turns":4},{"damage":25,"enemies":"Slavers","floor":28,"turns":4},{"damage":28,"enemies":"3 Cultists","floor":31,"turns":5},{"damage":86,"enemies":"Collector","floor":33,"turns":9},{"damage":4,"enemies":"Orb Walker","floor":35,"turns":4},{"damage":24,"enemies":"3 Darklings","floor":36,"turns":6},{"damage":15,"enemies":"Mysterious Sphere","floor":37,"turns":6},{"damage":64,"enemies":"2 Orb Walkers","floor":41,"turns":6}],"relics_obtained":[{"floor":9,"key":"Toxic Egg 2"},{"floor":11,"key":"Frozen Egg 2"},{"floor":14,"key":"Anchor"},{"floor":26,"key":"Strawberry"},{"floor":28,"key":"Pantograph"},{"floor":37,"key":"Calipers"}],"event_choices":[{"event_name":"Golden Idol","player_choice":"Take Damage","floor":5,"damage_taken":0},{"event_name":"Forgotten Altar","player_choice":"Gave Idol","floor":20,"damage_taken":0},{"event_name":"Upgrade Shrine","player_choice":"Upgraded","floor":21,"damage_taken":0},{"event_name":"Addict","player_choice":"Obtained Relic","floor":22,"damage_taken":0},{"event_name":"The Joust","player_choice":"Bet on Murderer","floor":24,"damage_taken":0},{"event_name":"Masked Bandits","player_choice":"Paid Bandits 22 gold","floor":30,"damage_taken":0},{"event_name":"Mysterious Sphere","player_choice":"Fight","floor":37,"damage_taken":0}],"boss_relics":[{"not_picked":["Snecko Eye","Runic Pyramid"],"picked":"Inserter"},{"not_picked":["Black Star","Sozu"],"picked":"Pandora\u0027s Box"}],"items_purged_floors":[],"potions_floor_spawned":[1,7,10,11,14,18,28,31,35,36,37],"seed_played":"2761248198851612995","killed_by":"2 Orb Walkers","ascension_level":3,"potions_obtained":[{"floor":1,"key":"Explosive Potion"},{"floor":7,"key":"Explosive Potion"},{"floor":10,"key":"Block Potion"},{"floor":11,"key":"FearPotion"},{"floor":14,"key":"Ancient Potion"},{"floor":18,"key":"AttackPotion"},{"floor":28,"key":"GamblersBrew"},{"floor":31,"key":"Regen Potion"},{"floor":35,"key":"SteroidPotion"}],"is_trial":false}