{"path_per_floor":["M","?","?","M","?","R","E","R","T","E","M","E","?","$","R","B",null,"M","M","M","?","?"],"character_chosen":"DEFECT","items_purchased":["Frozen Egg 2"],"gold_per_floor":[114,114,64,79,79,79,109,109,109,139,154,184,259,9,9,109,109,124,139,154,0,0,0],"floor_reached":23,"campfire_rested":1,"playtime":960,"item_purchase_floors":[14],"current_hp_per_floor":[70,70,70,70,63,63,39,39,39,18,20,17,6,6,76,42,76,76,51,21,21,21,0],"items_purged":[],"gold":0,"score":207,"play_id":"fb73835f-bb37-4d7f-a8e4-84f253ae64fa","local_time":"20180602195936","daily_mods":["Diverse","Elite Swarm","Night Terrors"],"is_prod":false,"is_daily":true,"chose_seed":false,"is_ascension_mode":false,"campfire_upgraded":2,"win_rate":0,"timestamp":1527965976,"campfire_choices":[{"data":"Zap","floor":6,"key":"SMITH"},{"data":"Hologram","floor":8,"key":"SMITH"},{"floor":15,"key":"REST"}],"path_taken":["M","?","?","M","?","R","E","R","T","E","M","E","?","$","R","BOSS","M","?","M","?","?","E"],"build_version":"2018-05-30v2","seed_source_timestamp":1761498649957592,"purchased_purges":0,"victory":false,"master_deck":["Strike_B","Strike_B","Defend_B","Defend_B","Defend_B","Zap+1","Dualcast","Headbutt","Hologram+1","Tools of the Trade","Feed","Sucker Punch","Immolate","Meteor Strike","Tempest+1","Warcry+1","Caltrops+1"],"max_hp_per_floor":[75,75,75,75,75,75,75,75,75,75,78,81,81,81,76,76,76,76,79,79,79,79,79],"relics":["Cracked Core","Bag of Marbles","Question Card","Calipers","Regal Pillow","Frozen Egg 2","Sozu"],"card_choices":[{"not_picked":["Hologram","Combust"],"picked":"Headbutt","floor":1},{"not_picked":["Cleave","Heavy Blade"],"picked":"Hologram","floor":4},{"not_picked":["Double Tap","A Thousand Cuts"],"picked":"Tools of the Trade","floor":7},{"not_picked":["Limit Break","Amplify","Tactician"],"picked":"Feed","floor":10},{"not_picked":["Searing Blow","Thunderclap","Underhanded Strike"],"picked":"Sucker Punch","floor":11},{"not_picked":["Grand Finale","Demon Form","Amplify"],"picked":"Immolate","floor":12},{"not_picked":["Biased Cognition+1","Envenom+1","Grand Finale"],"picked":"Meteor Strike","floor":16},{"not_picked":["Doom and Gloom","Power Through","Dodge and Roll"],"picked":"Tempest+1","floor":18},{"not_picked":["Leg Sweep","Dodge and Roll","Wild Strike+1"],"picked":"Warcry+1","floor":19},{"not_picked":["Deadly Poison","FTL","Deflect"],"picked":"Caltrops+1","floor":20}],"player_experience":233290,"potions_floor_usage":[7,12,12,20],"damage_taken":[{"damage":5,"enemies":"Small Slimes","floor":1,"turns":3},{"damage":0,"enemies":"2 Louse","floor":4,"turns":2},{"damage":24,"enemies":"Gremlin Nob","floor":7,"turns":4},{"damage":21,"enemies":"Lagavulin","floor":10,"turns":6},{"damage":1,"enemies":"Cultist","floor":11,"turns":3},{"damage":6,"enemies":"Gremlin Nob","floor":12,"turns":3},{"damage":34,"enemies":"The Guardian","floor":16,"turns":11},{"damage":0,"enemies":"Chosen","floor":18,"turns":3},{"damage":28,"enemies":"2 Thieves","floor":19,"turns":4},{"damage":30,"enemies":"Snake Plant","floor":20,"turns":5},{"damage":23,"enemies":"Book of Stabbing","floor":23,"turns":3}],"relics_obtained":[{"floor":7,"key":"Bag of Marbles"},{"floor":9,"key":"Question Card"},{"floor":10,"key":"Calipers"},{"floor":12,"key":"Regal Pillow"}],"event_choices":[{"event_name":"Living Wall","player_choice":"Forget","floor":2,"damage_taken":0},{"event_name":"The Cleric","player_choice":"Card Removal","floor":3,"damage_taken":0},{"event_name":"Golden Wing","player_choice":"Card Removal","floor":5,"damage_taken":0},{"event_name":"World of Goop","player_choice":"Gather Gold","floor":13,"damage_taken":0},{"event_name":"Masked Bandits","player_choice":"Paid Bandits 154 gold","floor":21,"damage_taken":0},{"event_name":"Vampires","player_choice":"Ignored","floor":22,"damage_taken":0}],"boss_relics":[{"not_picked":["Tiny House","Calling Bell"],"picked":"Sozu"}],"items_purged_floors":[],"potions_floor_spawned":[4,7,11,16,18,19],"seed_played":"8928587464129514231","killed_by":"Book of Stabbing","ascension_level":0,"potions_obtained":[{"floor":4,"key":"PowerPotion"},{"floor":7,"key":"Swift Potion"},{"floor":11,"key":"Fire Potion"},{"floor":16,"key":"GamblersBrew"}],"is_trial":false}