{"path_per_floor":["M","?","?","M","?","E","?","R","T","R","M","$","M","?","R","B",null,"M","?","M","?","?","R","M","R","T","E","$","R","M","M","R","B",null,"M","?","$","?","?","R","E","M","T","M","M","R","M"],"character_chosen":"THE_SILENT","items_purchased":["Well Laid Plans","Outmaneuver","Enlightenment","Flechettes"],"gold_per_floor":[119,119,119,134,134,159,159,159,184,184,204,27,37,37,37,132,132,146,146,162,0,0,0,15,15,15,350,160,160,171,182,182,281,281,301,301,161,161,161,161,187,197,197,209,224,224,238,238],"floor_reached":48,"campfire_rested":6,"playtime":3793,"current_hp_per_floor":[69,69,36,36,36,15,1,22,22,43,43,43,39,39,39,19,70,42,42,7,7,7,28,10,31,31,11,11,32,25,25,46,7,70,62,62,62,62,62,62,46,17,17,16,19,19,25,0],"items_purged":["Strike_G","Strike_G"],"gold":238,"score":478,"play_id":"0af23d1f-1eeb-4aa2-bece-8c99765cd6bb","local_time":"20180321164740","is_prod":false,"is_daily":false,"is_ascension_mode":false,"campfire_upgraded":2,"timestamp":1521650860,"path_taken":["M","?","?","M","?","E","?","R","T","R","M","?","M","?","R","BOSS","M","?","M","?","?","R","M","R","T","E","?","R","M","M","R","BOSS","M","?","$","?","?","R","E","M","T","M","M","R","M","M"],"build_version":"2018-03-20","purchased_purges":3,"victory":false,"master_deck":["Defend_G","Defend_G","Defend_G","Survivor","Neutralize+1","PiercingWail","Night Terror","Predator+1","Dagger Throw","Well Laid Plans+1","Outmaneuver","Leg Sweep","Burst","Quick Slash+1","Outmaneuver+1","Bullet Time+1","Skewer","Backflip+1","Choke+1","Enlightenment+1","Acrobatics","Tools of the Trade","Flying Knee+1","Bullet Time+1","Dagger Spray+1","Footwork+1","Blur+1","Malaise+1"],"max_hp_per_floor":[70,70,70,70,70,70,70,70,70,70,70,70,70,70,70,70,70,70,70,70,70,70,70,70,70,70,70,70,70,70,70,70,70,70,70,70,70,70,70,70,70,70,70,70,70,70,70,70],"relics":["Philosopher\u0027s Stone","Juzu Bracelet","Shuriken","Bronze Scales","Astrolabe","Ginger","Old Coin","Snecko Eye","Shovel","Paper Crane","Bird Faced Urn"],"card_choices":[{"not_picked":["Corpse Explosion","Poisoned Stab"],"picked":"PiercingWail","floor":1.0},{"not_picked":["Dagger Spray","Infinite Blades"],"picked":"Predator","floor":4.0},{"not_picked":["Distraction","Deadly Poison"],"picked":"Dagger Throw","floor":6},{"not_picked":["Bane","Poisoned Stab"],"picked":"Leg Sweep","floor":13},{"not_picked":["Die Die Die","Doppelganger"],"picked":"Burst","floor":16},{"not_picked":["Quick Slash","Bane"],"picked":"Backflip","floor":24},{"not_picked":["Tactician","Well Laid Plans"],"picked":"Choke","floor":27},{"not_picked":["Crippling Poison","Dagger Throw"],"picked":"Acrobatics","floor":30},{"not_picked":["Burst","Bullet Time"],"picked":"Tools of the Trade","floor":33},{"not_picked":["Deadly Poison","PiercingWail"],"picked":"Flying Knee","floor":35},{"not_picked":["Crippling Poison","Slice"],"picked":"Dagger Spray","floor":41},{"not_picked":["Infinite Blades","Flying Knee"],"picked":"Footwork","floor":42},{"not_picked":["Outmaneuver","Predator"],"picked":"Blur","floor":45},{"not_picked":["Flechettes","Outmaneuver"],"picked":"Malaise","floor":47}],"player_experience":32392,"potions_floor_usage":[33,33,45,48],"damage_taken":[{"damage":1.0,"enemies":"Cultist","floor":1.0,"turns":4.0},{"damage":0.0,"enemies":"2 Louse","floor":4.0,"turns":3.0},{"damage":21,"enemies":"Gremlin Nob","floor":6,"turns":4},{"damage":0,"enemies":"Jaw Worm","floor":11,"turns":2},{"damage":4,"enemies":"3 Louse","floor":13,"turns":3},{"damage":20,"enemies":"The Guardian","floor":16,"turns":11},{"damage":28,"enemies":"2 Thieves","floor":18,"turns":4},{"damage":35,"enemies":"3 Byrds","floor":20,"turns":4},{"damage":18,"enemies":"Snake Plant","floor":24,"turns":3},{"damage":20,"enemies":"Gremlin Leader","floor":27,"turns":5},{"damage":7,"enemies":"Snecko","floor":30,"turns":5},{"damage":0,"enemies":"Cultist and Chosen","floor":31,"turns":3},{"damage":39,"enemies":"Automaton","floor":33,"turns":10},{"damage":8,"enemies":"Orb Walker","floor":35,"turns":4},{"damage":16,"enemies":"Giant Head","floor":41,"turns":6},{"damage":29,"enemies":"Flame Bruiser 1 Orb","floor":42,"turns":4},{"damage":1,"enemies":"4 Shapes","floor":44,"turns":2},{"damage":6,"enemies":"Spire Growth","floor":45,"turns":4},{"damage":0,"enemies":"3 Darklings","floor":47,"turns":4},{"damage":61,"enemies":"4 Shapes","floor":48,"turns":3}],"event_choices":[{"event_name":"Transmorgrifier","player_choice":"Transform","floor":2.0,"damage_taken":0.0},{"event_name":"Scrap Ooze","player_choice":"success","floor":3.0,"damage_taken":33.0},{"event_name":"Upgrade Shrine","player_choice":"Upgraded","floor":5,"damage_taken":0},{"event_name":"Shining Light","player_choice":"Entered Light","floor":7,"damage_taken":0},{"event_name":"Bonfire Elementals","player_choice":"BASIC","floor":14,"damage_taken":0},{"event_name":"The Library","player_choice":"Read","floor":19,"damage_taken":0},{"event_name":"Masked Bandits","player_choice":"Paid Bandits 162 gold","floor":21,"damage_taken":0},{"event_name":"Vampires","player_choice":"Ignored","floor":22,"damage_taken":0},{"event_name":"Tomb of Lord Red Mask","player_choice":"Ignored","floor":36,"damage_taken":0},{"event_name":"Duplicator","player_choice":"One dupe","floor":39,"damage_taken":0}],"boss_relics":[{"not_picked":["Ectoplasm","The Specimen"],"picked":"Astrolabe"},{"not_picked":["Lizard Tail","Calling Bell"],"picked":"Snecko Eye"}],"potions_floor_spawned":[1,20,24,30,41,45,47],"seed_played":"-3181498710563490210","killed_by":"4 Shapes","ascension_level":0,"is_trial":false}