{"gold_per_floor":[110,110,110,110,10,10,41,41,41,80,101,1,22,63,63,182,182,200,57,57,57,78,78,101,101,126,54,97,97,136,261,261,384,384,399,399,524,548,548,589,612,612,612,633,653,674,194,214,214,214],"floor_reached":51,"playtime":3073,"items_purged":["Injury","Strike_B","Hologram"],"score":1074,"play_id":"b3a0a78f-40a6-438b-8998-443e764ce269","local_time":"20190131225934","is_ascension_mode":true,"campfire_choices":[{"data":"Dualcast","floor":6.0,"key":"SMITH"},{"floor":8.0,"key":"REST"},{"data":"Streamline","floor":15.0,"key":"SMITH"},{"floor":23.0,"key":"REST"},{"data":"White Noise","floor":25.0,"key":"SMITH"},{"data":"Capacitor","floor":29.0,"key":"SMITH"},{"floor":32.0,"key":"REST"},{"floor":42,"key":"REST"},{"floor":49,"key":"REST"}],"neow_cost":"NONE","seed_source_timestamp":0,"circlet_count":0,"master_deck":["Defend_B","Defend_B","Defend_B","Zap","Dualcast+1","Leap","Coolheaded","Conserve Battery+1","Streamline+1","Coolheaded","FTL","Sweeping Beam","Seek+1","Sunder+1","Capacitor+1","White Noise+1","Go for the Eyes","Echo Form","Barrage","Ball Lightning+1","Blind+1"],"special_seed":0,"relics":["Cracked Core","Golden Idol","Art of War","Symbiotic Virus","Juzu Bracelet","Letter Opener","Nuclear Battery","War Paint","Bag of Preparation","Strawberry","Turnip","Ornamental Fan","Sozu","Ginger","Dodecahedron","Kunai","Lantern","PrismaticShard"],"potions_floor_usage":[50],"damage_taken":[{"damage":8.0,"enemies":"Jaw Worm","floor":1.0,"turns":4.0},{"damage":15.0,"enemies":"Lagavulin","floor":7.0,"turns":9.0},{"damage":24.0,"enemies":"3 Sentries","floor":10.0,"turns":8.0},{"damage":0.0,"enemies":"Small Slimes","floor":11.0,"turns":2.0},{"damage":0.0,"enemies":"2 Louse","floor":13.0,"turns":2.0},{"damage":6.0,"enemies":"Gremlin Nob","floor":14.0,"turns":4.0},{"damage":8.0,"enemies":"The Guardian","floor":16.0,"turns":11.0},{"damage":3.0,"enemies":"Chosen","floor":18.0,"turns":3.0},{"damage":8.0,"enemies":"2 Thieves","floor":22.0,"turns":3.0},{"damage":9.0,"enemies":"Centurion and Healer","floor":24.0,"turns":5.0},{"damage":0.0,"enemies":"Book of Stabbing","floor":28.0,"turns":7.0},{"damage":39.0,"enemies":"Gremlin Leader","floor":30.0,"turns":7.0},{"damage":0.0,"enemies":"Colosseum Slavers","floor":31.0,"turns":3.0},{"damage":0.0,"enemies":"Colosseum Nobs","floor":31.0,"turns":3.0},{"damage":60.0,"enemies":"Champ","floor":33.0,"turns":16.0},{"damage":7,"enemies":"3 Shapes","floor":35,"turns":4},{"damage":0,"enemies":"Mind Bloom Boss Battle","floor":37,"turns":7},{"damage":0,"enemies":"3 Darklings","floor":38,"turns":5},{"damage":9,"enemies":"Reptomancer","floor":40,"turns":4},{"damage":4,"enemies":"Transient","floor":41,"turns":5},{"damage":8,"enemies":"Jaw Worm Horde","floor":44,"turns":4},{"damage":15,"enemies":"Maw","floor":45,"turns":6},{"damage":12,"enemies":"Sphere and 2 Shapes","floor":46,"turns":4},{"damage":8,"enemies":"Spire Growth","floor":48,"turns":4},{"damage":57,"enemies":"Donu and Deca","floor":50,"turns":14}],"seed_played":"412323767659943548","potions_obtained":[{"floor":1.0,"key":"LiquidBronze"},{"floor":10.0,"key":"Weak Potion"},{"floor":11.0,"key":"FearPotion"},{"floor":13.0,"key":"EntropicBrew"},{"floor":16.0,"key":"Regen Potion"},{"floor":24.0,"key":"Dexterity Potion"},{"floor":28.0,"key":"Fire Potion"},{"floor":31.0,"key":"EssenceOfSteel"}],"is_trial":false,"path_per_floor":["M","?","?","?","$","R","E","R","T","E","M","$","M","E","R","B",null,"M","$","?","?","M","R","M","R","T","$","E","R","E","?","R","B",null,"M","?","?","M","?","E","M","R","T","M","M","M","$","M","R","B",null],"character_chosen":"DEFECT","items_purchased":["Conserve Battery","Sunder","Capacitor","Go for the Eyes","Hologram","Lantern","PrismaticShard"],"campfire_rested":5,"item_purchase_floors":[5,19,19,27,27,47,47],"current_hp_per_floor":[67,60,60,60,60,60,45,69,69,45,45,45,45,39,39,31,69,66,66,66,66,58,82,73,73,73,73,73,73,50,50,76,16,71,64,64,64,64,64,55,51,77,77,69,54,42,42,34,60,3],"gold":214,"neow_bonus":"TEN_PERCENT_HP_BONUS","is_prod":false,"is_daily":false,"chose_seed":false,"campfire_upgraded":4,"win_rate":0,"timestamp":1548993574,"path_taken":["M","?","?","?","$","R","E","R","T","E","M","$","M","E","R","BOSS","M","$","?","?","M","R","M","R","T","?","E","R","E","?","R","BOSS","M","?","?","M","?","E","M","R","T","M","M","M","$","M","R","BOSS"],"build_version":"2019-01-23","purchased_purges":3,"victory":true,"max_hp_per_floor":[82,82,82,82,82,82,82,82,82,82,82,82,82,82,82,82,82,82,82,82,82,82,82,82,82,82,82,82,82,89,89,89,89,89,89,89,89,89,89,89,89,89,89,89,89,89,89,89,89,89],"card_choices":[{"not_picked":["Gash","Recycle"],"picked":"Leap","floor":1.0},{"not_picked":["Steam","Cold Snap"],"picked":"Streamline","floor":7.0},{"not_picked":["Barrage","Rip and Tear","Meteor Strike"],"picked":"SKIP","floor":10.0},{"not_picked":["Force Field","Self Repair"],"picked":"Coolheaded","floor":11.0},{"not_picked":["Capacitor","Streamline"],"picked":"FTL","floor":13.0},{"not_picked":["Stack","Genetic Algorithm"],"picked":"Sweeping Beam","floor":14.0},{"not_picked":["Buffer","Fission"],"picked":"Seek","floor":16.0},{"not_picked":["Beam Cell","Steam","Redo+1"],"picked":"SKIP","floor":18.0},{"not_picked":["Sweeping Beam","Chaos","Streamline+1"],"picked":"SKIP","floor":22.0},{"not_picked":["Sunder+1","Ball Lightning"],"picked":"White Noise","floor":24.0},{"not_picked":["Ball Lightning","Blizzard","Scrape"],"picked":"SKIP","floor":28.0},{"not_picked":["Leap","Reboot","Sweeping Beam+1"],"picked":"SKIP","floor":30.0},{"not_picked":["Multi-Cast","Rainbow"],"picked":"Echo Form","floor":33.0},{"not_picked":["Recycle","Capacitor"],"picked":"Barrage","floor":35},{"not_picked":["Sweeping Beam+1","Hologram"],"picked":"Ball Lightning+1","floor":37},{"not_picked":["Force Field","Coolheaded","Stack+1"],"picked":"SKIP","floor":38},{"not_picked":["Meteor Strike","Coolheaded+1","Heatsinks+1"],"picked":"SKIP","floor":40},{"not_picked":["Go for the Eyes+1","Rebound+1","Cold Snap"],"picked":"SKIP","floor":41},{"not_picked":["Ball Lightning","Sweeping Beam+1","Force Field+1"],"picked":"SKIP","floor":44},{"not_picked":["Go for the Eyes+1","Core Surge","Conserve Battery"],"picked":"SKIP","floor":45},{"not_picked":["Chill+1","Hello World+1","Stack"],"picked":"SKIP","floor":46},{"not_picked":["Flex","Sweeping Beam+1"],"picked":"Blind+1","floor":48}],"player_experience":191968,"relics_obtained":[{"floor":7.0,"key":"Art of War"},{"floor":9.0,"key":"Symbiotic Virus"},{"floor":10.0,"key":"Juzu Bracelet"},{"floor":14.0,"key":"Letter Opener"},{"floor":26.0,"key":"War Paint"},{"floor":28.0,"key":"Bag of Preparation"},{"floor":30.0,"key":"Strawberry"},{"floor":31.0,"key":"Turnip"},{"floor":31.0,"key":"Ornamental Fan"},{"floor":37,"key":"Ginger"},{"floor":40,"key":"Dodecahedron"},{"floor":43,"key":"Kunai"}],"event_choices":[{"cards_removed":["Strike_B"],"damage_healed":0.0,"max_hp_gain":0.0,"max_hp_loss":0.0,"gold_gain":0.0,"event_name":"Golden Wing","player_choice":"Card Removal","floor":2.0,"gold_loss":0.0,"damage_taken":7.0},{"damage_healed":0.0,"max_hp_gain":0.0,"max_hp_loss":0.0,"gold_gain":0.0,"event_name":"Golden Idol","player_choice":"Take Wound","floor":3.0,"gold_loss":0.0,"damage_taken":0.0,"relics_obtained":["Golden Idol"],"cards_obtained":["Injury"]},{"damage_healed":0.0,"max_hp_gain":0.0,"max_hp_loss":0.0,"gold_gain":0.0,"cards_transformed":["Strike_B"],"event_name":"Living Wall","player_choice":"Change","floor":4.0,"gold_loss":0.0,"damage_taken":0.0,"cards_obtained":["Coolheaded"]},{"damage_healed":0.0,"max_hp_gain":0.0,"max_hp_loss":0.0,"gold_gain":0.0,"event_name":"Accursed Blacksmith","player_choice":"Forge","floor":20.0,"gold_loss":0.0,"damage_taken":0.0,"cards_upgraded":["Sunder"]},{"cards_removed":["Strike_B"],"damage_healed":0.0,"max_hp_gain":0.0,"max_hp_loss":0.0,"gold_gain":0.0,"event_name":"Bonfire Elementals","player_choice":"Offered Basic","floor":21.0,"gold_loss":0.0,"damage_taken":0.0},{"damage_healed":0.0,"max_hp_gain":0.0,"max_hp_loss":0.0,"gold_gain":0.0,"event_name":"Colosseum","player_choice":"Fight","floor":31.0,"gold_loss":0.0,"damage_taken":0.0},{"damage_healed":0.0,"max_hp_gain":0.0,"max_hp_loss":0.0,"gold_gain":0.0,"event_name":"Colosseum","player_choice":"Fought Nobs","floor":31.0,"gold_loss":0.0,"damage_taken":0.0},{"damage_healed":0,"gold_gain":0,"player_choice":"Bought 0 Potions","damage_taken":0,"max_hp_gain":0,"max_hp_loss":0,"event_name":"The Woman in Blue","floor":36,"gold_loss":0},{"damage_healed":0,"gold_gain":0,"player_choice":"Fight","damage_taken":0,"max_hp_gain":0,"max_hp_loss":0,"event_name":"MindBloom","floor":37,"gold_loss":0},{"cards_removed":["Defend_B"],"damage_healed":0,"gold_gain":0,"player_choice":"Removed Skill","damage_taken":0,"max_hp_gain":0,"max_hp_loss":0,"event_name":"Falling","floor":39,"gold_loss":0}],"is_beta":false,"boss_relics":[{"not_picked":["Runic Dome","White Beast Statue"],"picked":"Nuclear Battery"},{"not_picked":["Astrolabe","Coffee Dripper"],"picked":"Sozu"}],"items_purged_floors":[5,12,47],"is_endless":false,"potions_floor_spawned":[1,10,11,13,16,24,28,31,31,40,41,44,45,46],"ascension_level":9}