{"gold_per_floor":[115,190,190,190,42,67,67,67,113,123,87,99,99,130,130,234,234,246,259,259,259,271,271],"floor_reached":23,"playtime":869,"items_purged":[],"score":236,"play_id":"06c07e6e-ce47-4c19-a6ad-5048804336cb","local_time":"20190208015348","is_ascension_mode":true,"campfire_choices":[{"floor":7,"key":"REST"},{"data":"Infinite Blades","floor":13,"key":"SMITH"},{"data":"Neutralize","floor":15,"key":"SMITH"}],"neow_cost":"NONE","seed_source_timestamp":37683914564007,"circlet_count":0,"master_deck":["Defend_G","Defend_G+1","Defend_G","Defend_G","Defend_G","Strike_G+1","Strike_G","Strike_G","Strike_G+1","Strike_G+1","Survivor","Neutralize+1","Poisoned Stab","Cloak And Dagger","Deflect","Poisoned Stab","Infinite Blades+1","Cloak And Dagger","Blade Dance+1","Catalyst"],"relics":["Ring of the Serpent","Dream Catcher","Happy Flower","Whetstone","Boot","Matryoshka","FaceOfCleric"],"potions_floor_usage":[6],"damage_taken":[{"damage":0,"enemies":"Jaw Worm","floor":1,"turns":6},{"damage":51,"enemies":"Lagavulin","floor":6,"turns":8},{"damage":0,"enemies":"Small Slimes","floor":10,"turns":2},{"damage":0,"enemies":"Cultist","floor":12,"turns":3},{"damage":15,"enemies":"3 Sentries","floor":14,"turns":7},{"damage":13,"enemies":"Hexaghost","floor":16,"turns":10},{"damage":7,"enemies":"Shell Parasite","floor":18,"turns":6},{"damage":7,"enemies":"3 Byrds","floor":19,"turns":5},{"damage":27,"enemies":"Shelled Parasite and Fungi","floor":22,"turns":6},{"damage":31,"enemies":"Gremlin Leader","floor":23,"turns":4}],"seed_played":"2538119818181949105","potions_obtained":[{"floor":1,"key":"Regen Potion"},{"floor":10,"key":"SpeedPotion"},{"floor":12,"key":"Dexterity Potion"},{"floor":19,"key":"Weak Potion"}],"is_trial":false,"path_per_floor":["M","?","?","?","$","E","R","$","T","M","$","M","R","E","R","B",null,"M","M","$","?","M","E"],"character_chosen":"THE_SILENT","items_purchased":["Happy Flower","Infinite Blades"],"campfire_rested":1,"item_purchase_floors":[5,11],"current_hp_per_floor":[70,59,45,68,68,29,50,50,50,50,50,50,50,35,35,22,70,63,56,56,56,30,0],"gold":271,"neow_bonus":"RANDOM_COMMON_RELIC","is_prod":false,"is_daily":false,"chose_seed":false,"campfire_upgraded":2,"win_rate":0,"timestamp":1549587228,"path_taken":["M","?","?","?","$","E","R","$","T","?","?","M","R","E","R","BOSS","M","M","$","?","M","E"],"build_version":"2019-01-23","purchased_purges":0,"victory":false,"max_hp_per_floor":[70,70,70,70,70,70,70,70,70,70,70,70,70,70,70,70,70,70,70,70,70,71,71],"card_choices":[{"not_picked":["Sucker Punch","Skewer"],"picked":"Poisoned Stab","floor":1},{"not_picked":["Distraction","Phantasmal Killer"],"picked":"Cloak And Dagger","floor":6},{"not_picked":["Slice","Riddle With Holes"],"picked":"Deflect","floor":7},{"not_picked":["Endless Agony","Flechettes"],"picked":"Poisoned Stab","floor":10},{"not_picked":["Deflect","Acrobatics","Dagger Spray"],"picked":"SKIP","floor":12},{"not_picked":["Wraith Form v2","Prepared"],"picked":"Cloak And Dagger","floor":14},{"not_picked":["Dodge and Roll","Outmaneuver","Bouncing Flask"],"picked":"SKIP","floor":18},{"not_picked":["Sucker Punch","Poisoned Stab"],"picked":"Blade Dance+1","floor":19},{"not_picked":["PiercingWail","Deflect"],"picked":"Catalyst","floor":22}],"player_experience":245910,"relics_obtained":[{"floor":6,"key":"Whetstone"},{"floor":9,"key":"Boot"},{"floor":14,"key":"Matryoshka"}],"event_choices":[{"damage_healed":0,"gold_gain":75,"player_choice":"Gather Gold","damage_taken":11,"max_hp_gain":0,"max_hp_loss":0,"event_name":"World of Goop","floor":2,"gold_loss":0},{"damage_healed":0,"gold_gain":0,"player_choice":"Entered Light","damage_taken":14,"max_hp_gain":0,"max_hp_loss":0,"event_name":"Shining Light","floor":3,"gold_loss":0,"cards_upgraded":["Strike_G","Defend_G"]},{"damage_healed":23,"gold_gain":0,"player_choice":"Banana","damage_taken":0,"max_hp_gain":0,"max_hp_loss":0,"event_name":"Big Fish","floor":4,"gold_loss":0},{"damage_healed":0,"gold_gain":0,"player_choice":"Trade","damage_taken":0,"relics_obtained":["FaceOfCleric"],"max_hp_gain":0,"max_hp_loss":0,"event_name":"FaceTrader","floor":21,"gold_loss":0}],"is_beta":false,"boss_relics":[{"not_picked":["Philosopher\u0027s Stone","Snecko Eye"],"picked":"Ring of the Serpent"}],"items_purged_floors":[],"is_endless":false,"potions_floor_spawned":[1,10,12,19,22],"killed_by":"Gremlin Leader","ascension_level":4}