{"gold_per_floor":[118,48,59,59,134,165,1,1,1,1,30,40,40,40,40,168,168,187,187,187,210,235,235,251,251,251,176,176,176,200,218,218,348,348,362,430,181,196,249,249,284,302,325,46,46,171,192,212,212,212],"floor_reached":51,"playtime":2545,"items_purged":["Strike_B","Defend_B"],"score":1197,"play_id":"58c0404a-897e-4f48-8c71-c5910483293d","local_time":"20190129211441","is_ascension_mode":true,"campfire_choices":[{"data":"Zap","floor":8,"key":"SMITH"},{"data":"Tempest","floor":15,"key":"SMITH"},{"floor":23,"key":"REST"},{"floor":28,"key":"REST"},{"data":"Ghostly","floor":32,"key":"SMITH"},{"data":"Tempest","floor":40,"key":"SMITH"},{"floor":49,"key":"REST"}],"neow_cost":"NONE","seed_source_timestamp":1657761516124529,"circlet_count":0,"master_deck":["AscendersBane","Strike_B","Strike_B","Zap+1","Dualcast","Conserve Battery","Tempest+1","Tempest+1","Cold Snap","Defragment+1","Coolheaded","Coolheaded","Go for the Eyes+1","Machine Learning+1","Coolheaded+1","Ghostly","Ghostly","Ghostly","Ghostly","Ghostly+1","Defragment+1","Steam","Core Surge+1","Undo+1","Gash+1","Chill+1","Capacitor+1","Blizzard+1","White Noise+1","Fusion","Panache+1","Jack Of All Trades","Mayhem+1","Discovery","Aggregate+1","Barrage+1"],"relics":["Cracked Core","NeowsBlessing","Frozen Egg 2","Darkstone Periapt","Molten Egg 2","Cables","Juzu Bracelet","Golden Idol","Sozu","Nilry\u0027s Codex","Pen Nib","Bottled Lightning","Astrolabe","Emotion Chip","Vajra","Strawberry","Bag of Marbles","Calipers"],"potions_floor_usage":[11],"damage_taken":[{"damage":0,"enemies":"Jaw Worm","floor":1,"turns":1},{"damage":0,"enemies":"Cultist","floor":3,"turns":1},{"damage":0,"enemies":"Lagavulin","floor":6,"turns":1},{"damage":1,"enemies":"3 Sentries","floor":11,"turns":6},{"damage":3,"enemies":"2 Louse","floor":12,"turns":2},{"damage":20,"enemies":"Slime Boss","floor":16,"turns":14},{"damage":7,"enemies":"Chosen","floor":18,"turns":3},{"damage":22,"enemies":"Colosseum Slavers","floor":20,"turns":3},{"damage":0,"enemies":"Spheric Guardian","floor":22,"turns":3},{"damage":27,"enemies":"Snake Plant","floor":24,"turns":5},{"damage":0,"enemies":"Snecko","floor":30,"turns":4},{"damage":0,"enemies":"3 Cultists","floor":31,"turns":5},{"damage":0,"enemies":"Collector","floor":33,"turns":15},{"damage":6,"enemies":"3 Darklings","floor":35,"turns":5},{"damage":3,"enemies":"2 Orb Walkers","floor":36,"turns":5},{"damage":0,"enemies":"Orb Walker","floor":38,"turns":4},{"damage":0,"enemies":"Giant Head","floor":41,"turns":9},{"damage":0,"enemies":"Sphere and 2 Shapes","floor":42,"turns":4},{"damage":0,"enemies":"Mind Bloom Boss Battle","floor":46,"turns":4},{"damage":0,"enemies":"Transient","floor":47,"turns":5},{"damage":0,"enemies":"Maw","floor":48,"turns":6},{"damage":17,"enemies":"Donu and Deca","floor":50,"turns":9}],"seed_played":"-4173446678843406793","potions_obtained":[{"floor":6,"key":"Block Potion"},{"floor":11,"key":"EssenceOfSteel"}],"is_trial":false,"path_per_floor":["M","$","M","$","?","E","$","R","T","T","E","M","?","?","R","B",null,"M","?","?","T","M","R","M","?","T","?","R","?","M","M","R","B",null,"M","?","$","M","T","R","E","M","T","$","?","?","M","M","R","B",null],"character_chosen":"DEFECT","items_purchased":["Tempest","Defragment+1","Coolheaded","Capacitor+1","Blizzard+1","Panache+1","Jack Of All Trades"],"campfire_rested":3,"item_purchase_floors":[2,7,7,37,37,44,44],"current_hp_per_floor":[68,68,68,68,57,57,57,57,57,57,56,53,53,53,53,33,60,53,37,15,15,15,35,8,8,8,8,18,18,18,18,18,18,30,24,21,21,21,21,21,28,28,28,28,18,18,18,18,30,13],"gold":212,"neow_bonus":"THREE_ENEMY_KILL","is_prod":false,"is_daily":false,"chose_seed":false,"campfire_upgraded":4,"win_rate":0,"timestamp":1548796481,"path_taken":["M","$","M","$","?","E","$","R","T","?","E","M","?","?","R","BOSS","M","?","?","?","M","R","M","?","T","?","R","?","M","M","R","BOSS","M","?","$","M","?","R","E","M","T","$","?","?","M","M","R","BOSS"],"build_version":"2019-01-23","purchased_purges":2,"victory":true,"max_hp_per_floor":[75,75,75,75,75,75,75,75,75,75,75,75,75,69,69,69,69,69,69,69,69,69,69,69,34,34,34,34,34,34,34,34,34,34,34,34,34,34,34,34,41,41,41,41,41,41,41,41,41,41],"card_choices":[{"not_picked":["Streamline","Steam"],"picked":"Conserve Battery","floor":1},{"not_picked":["Sweeping Beam","Lockon"],"picked":"Tempest","floor":3},{"not_picked":["Go for the Eyes","Sweeping Beam"],"picked":"Cold Snap","floor":6},{"not_picked":["Reprogram","Seek"],"picked":"Coolheaded","floor":11},{"not_picked":["Beam Cell+1","Redo"],"picked":"Go for the Eyes+1","floor":12},{"not_picked":["Hyperbeam+1","Fission"],"picked":"Machine Learning+1","floor":16},{"not_picked":["Stack","Streamline+1","Redo"],"picked":"SKIP","floor":18},{"not_picked":["Glacier","Leap+1"],"picked":"Coolheaded+1","floor":22},{"not_picked":["Force Field","Storm+1","Sunder+1"],"picked":"SKIP","floor":24},{"not_picked":["Reboot","Rebound+1"],"picked":"Steam","floor":30},{"not_picked":["Barrage+1","Self Repair+1","Cold Snap+1"],"picked":"SKIP","floor":31},{"not_picked":["Hologram","Turbo"],"picked":"Chill+1","floor":35},{"not_picked":["Cold Snap+1","Sweeping Beam+1"],"picked":"White Noise+1","floor":38},{"not_picked":["Static Discharge+1","Fission","Hyperbeam+1"],"picked":"SKIP","floor":41},{"not_picked":["Blizzard+1","Ball Lightning+1"],"picked":"Fusion","floor":42},{"not_picked":["Secret Weapon","Panacea"],"picked":"Mayhem+1","floor":45},{"not_picked":["Enlightenment","Panacea"],"picked":"Discovery","floor":45},{"not_picked":["BootSequence","Ball Lightning+1"],"picked":"Aggregate+1","floor":46},{"not_picked":["Genetic Algorithm","Leap"],"picked":"Barrage+1","floor":47},{"not_picked":["Auto Shields","Leap+1","Steam Power"],"picked":"SKIP","floor":48}],"player_experience":518573,"relics_obtained":[{"floor":6,"key":"Frozen Egg 2"},{"floor":9,"key":"Darkstone Periapt"},{"floor":10,"key":"Molten Egg 2"},{"floor":11,"key":"Cables"},{"floor":19,"key":"Nilry\u0027s Codex"},{"floor":21,"key":"Pen Nib"},{"floor":26,"key":"Bottled Lightning"},{"floor":36,"key":"Emotion Chip"},{"floor":39,"key":"Vajra"},{"floor":41,"key":"Strawberry"},{"floor":43,"key":"Bag of Marbles"},{"floor":46,"key":"Calipers"}],"event_choices":[{"damage_healed":0,"gold_gain":75,"player_choice":"Gather Gold","damage_taken":11,"max_hp_gain":0,"max_hp_loss":0,"event_name":"World of Goop","floor":5,"gold_loss":0},{"damage_healed":0,"gold_gain":0,"player_choice":"Gave Potion","damage_taken":0,"relics_obtained":["Juzu Bracelet"],"max_hp_gain":0,"max_hp_loss":0,"event_name":"WeMeetAgain","floor":13,"gold_loss":0},{"damage_healed":0,"gold_gain":0,"player_choice":"Lose Max HP","damage_taken":0,"relics_obtained":["Golden Idol"],"max_hp_gain":0,"max_hp_loss":6,"event_name":"Golden Idol","floor":14,"gold_loss":0},{"damage_healed":0,"gold_gain":0,"player_choice":"Obtained Book","damage_taken":16,"max_hp_gain":0,"max_hp_loss":0,"event_name":"Cursed Tome","floor":19,"gold_loss":0},{"damage_healed":0,"gold_gain":0,"player_choice":"Fight","damage_taken":0,"max_hp_gain":0,"max_hp_loss":0,"event_name":"Colosseum","floor":20,"gold_loss":0},{"damage_healed":0,"gold_gain":0,"player_choice":"Fled From Nobs","damage_taken":0,"max_hp_gain":0,"max_hp_loss":0,"event_name":"Colosseum","floor":20,"gold_loss":0},{"damage_healed":0,"gold_gain":0,"player_choice":"Became a Ghost","damage_taken":0,"max_hp_gain":0,"max_hp_loss":35,"event_name":"Ghosts","floor":25,"gold_loss":0,"cards_obtained":["Ghostly","Ghostly","Ghostly","Ghostly","Ghostly"]},{"cards_removed":["Defend_B"],"damage_healed":0,"gold_gain":0,"player_choice":"Gave Gold","damage_taken":0,"max_hp_gain":0,"max_hp_loss":0,"event_name":"Beggar","floor":27,"gold_loss":75},{"damage_healed":0,"gold_gain":0,"player_choice":"Read","damage_taken":0,"max_hp_gain":0,"max_hp_loss":0,"event_name":"The Library","floor":29,"gold_loss":0,"cards_obtained":["Defragment"]},{"damage_healed":0,"gold_gain":0,"player_choice":"Fight","damage_taken":0,"max_hp_gain":0,"max_hp_loss":0,"event_name":"Mysterious Sphere","floor":36,"gold_loss":0},{"damage_healed":0,"gold_gain":0,"player_choice":"Memory 3","damage_taken":10,"max_hp_gain":0,"max_hp_loss":0,"event_name":"SensoryStone","floor":45,"gold_loss":0},{"damage_healed":0,"gold_gain":0,"player_choice":"Fight","damage_taken":0,"max_hp_gain":0,"max_hp_loss":0,"event_name":"MindBloom","floor":46,"gold_loss":0}],"is_beta":true,"boss_relics":[{"not_picked":["Nuclear Battery","Runic Pyramid"],"picked":"Sozu"},{"not_picked":["Calling Bell","Fusion Hammer"],"picked":"Astrolabe"}],"items_purged_floors":[7,37],"is_endless":false,"potions_floor_spawned":[6,11,20,22,24,30,36,38,47,48],"ascension_level":10}