{"gold_per_floor":[119,119,130,150,165,195,206,206,206,219,219,236,236,236,236,338,338,358,372,322,119,137,137,137],"floor_reached":24,"playtime":4676,"items_purged":[],"score":230,"play_id":"e4c7ccc0-2dae-49d6-98ec-776cef8cb51b","local_time":"20190201213541","is_ascension_mode":true,"campfire_choices":[{"data":"Cleave","floor":8.0,"key":"SMITH"},{"data":"Rampage","floor":11.0,"key":"SMITH"},{"data":"Bash","floor":13.0,"key":"SMITH"},{"floor":15.0,"key":"REST"},{"data":"Heavy Blade","floor":23,"key":"SMITH"}],"neow_cost":"NONE","seed_source_timestamp":0,"circlet_count":0,"master_deck":["Strike_R+1","Strike_R","Strike_R","Strike_R","Strike_R","Defend_R","Defend_R","Defend_R","Defend_R","Bash+1","Cleave+1","Heavy Blade","Cleave+1","Heavy Blade+1","Rampage+1","Anger","Reaper","Shrug It Off","Headbutt+1"],"special_seed":0,"relics":["Burning Blood","Sundial","Shuriken","Sozu","Toolbox"],"potions_floor_usage":[16,24],"damage_taken":[{"damage":12.0,"enemies":"Small Slimes","floor":1.0,"turns":3.0},{"damage":7.0,"enemies":"Jaw Worm","floor":3.0,"turns":3.0},{"damage":2.0,"enemies":"2 Louse","floor":4.0,"turns":2.0},{"damage":6.0,"enemies":"Exordium Thugs","floor":5.0,"turns":3.0},{"damage":45.0,"enemies":"3 Sentries","floor":6.0,"turns":8.0},{"damage":11.0,"enemies":"2 Fungi Beasts","floor":7.0,"turns":4.0},{"damage":14.0,"enemies":"Blue Slaver","floor":10.0,"turns":4.0},{"damage":14.0,"enemies":"Red Slaver","floor":12.0,"turns":3.0},{"damage":28,"enemies":"Hexaghost","floor":16,"turns":9},{"damage":7,"enemies":"Chosen","floor":18,"turns":3},{"damage":23,"enemies":"Shell Parasite","floor":19,"turns":4},{"damage":17,"enemies":"Snecko","floor":22,"turns":5},{"damage":69,"enemies":"Book of Stabbing","floor":24,"turns":4}],"seed_played":"839786669494445148","potions_obtained":[{"floor":3.0,"key":"FearPotion"},{"floor":7.0,"key":"Weak Potion"},{"floor":16,"key":"SkillPotion"}],"is_trial":false,"path_per_floor":["M","?","M","M","M","E","M","R","T","M","R","M","R","?","R","B",null,"M","M","?","$","M","R","E"],"character_chosen":"IRONCLAD","items_purchased":["Toolbox"],"campfire_rested":1,"item_purchase_floors":[21],"current_hp_per_floor":[82,82,81,85,85,46,41,41,41,33,33,25,25,7,33,11,88,87,70,70,70,59,59,0],"gold":137,"neow_bonus":"TEN_PERCENT_HP_BONUS","is_prod":false,"is_daily":false,"chose_seed":false,"campfire_upgraded":4,"win_rate":0,"timestamp":1549053341,"path_taken":["M","?","M","M","M","E","M","R","T","M","R","M","R","?","R","BOSS","M","M","?","?","M","R","E"],"build_version":"2019-01-23","purchased_purges":0,"victory":false,"max_hp_per_floor":[88,88,88,88,88,88,88,88,88,88,88,88,88,88,88,88,88,88,88,88,88,88,88,88],"card_choices":[{"not_picked":["Thunderclap","Dual Wield"],"picked":"Cleave","floor":1.0},{"not_picked":["Perfected Strike","Twin Strike"],"picked":"Heavy Blade","floor":3.0},{"not_picked":["Sword Boomerang","Heavy Blade"],"picked":"Cleave","floor":4.0},{"not_picked":["Warcry","Havoc"],"picked":"Heavy Blade","floor":5.0},{"not_picked":["True Grit","Brutality","Feel No Pain"],"picked":"SKIP","floor":6.0},{"not_picked":["Sword Boomerang","Anger","Dropkick"],"picked":"SKIP","floor":7.0},{"not_picked":["Wild Strike","Headbutt"],"picked":"Rampage","floor":10.0},{"not_picked":["Intimidate","Spot Weakness"],"picked":"Anger","floor":12.0},{"not_picked":["Dark Embrace","Limit Break"],"picked":"Reaper","floor":16},{"not_picked":["Blood for Blood","Thunderclap"],"picked":"Shrug It Off","floor":18},{"not_picked":["Flame Barrier","Dual Wield","Cleave"],"picked":"SKIP","floor":19},{"not_picked":["Seeing Red+1","Shrug It Off"],"picked":"Headbutt+1","floor":22}],"player_experience":153749,"relics_obtained":[{"floor":6.0,"key":"Sundial"},{"floor":9.0,"key":"Shuriken"}],"event_choices":[{"damage_healed":0.0,"max_hp_gain":0.0,"max_hp_loss":0.0,"gold_gain":0.0,"event_name":"The Cleric","player_choice":"Leave","floor":2.0,"gold_loss":0.0,"damage_taken":0.0},{"damage_healed":0.0,"max_hp_gain":0.0,"max_hp_loss":0.0,"gold_gain":0.0,"event_name":"Shining Light","player_choice":"Entered Light","floor":14.0,"gold_loss":0.0,"damage_taken":18.0,"cards_upgraded":["Strike_R","Cleave"]},{"damage_healed":0,"gold_gain":0,"player_choice":"Bet on Owner","damage_taken":0,"max_hp_gain":0,"max_hp_loss":0,"event_name":"The Joust","floor":20,"gold_loss":50}],"is_beta":false,"boss_relics":[{"not_picked":["Astrolabe","Tiny House"],"picked":"Sozu"}],"items_purged_floors":[],"is_endless":false,"potions_floor_spawned":[3,7,16,18],"killed_by":"Book of Stabbing","ascension_level":3}