{"gold_per_floor":[116,136,411,431,445,445,477,477,501,534,80,80,113,125,137,226,238],"floor_reached":17,"playtime":339,"items_purged":["Regret"],"score":346,"play_id":"e0b6d425-7f82-443e-a3cb-03f6607452a0","local_time":"20190202121700","is_ascension_mode":true,"campfire_choices":[{"data":"Streamline","floor":6,"key":"SMITH"},{"data":"Rainbow","floor":8,"key":"SMITH"},{"data":"Zap","floor":12,"key":"SMITH"},{"data":"Self Repair","floor":15,"key":"SMITH"}],"neow_cost":"NONE","seed_source_timestamp":35271965688094,"circlet_count":0,"master_deck":["AscendersBane","Strike_B","Strike_B","Strike_B","Strike_B","Defend_B","Defend_B","Defend_B","Defend_B","Zap+1","Dualcast+1","Self Repair+1","Gash","Streamline+1","Cold Snap","Rainbow+1","Doom and Gloom","Conserve Battery","Meteor Strike"],"relics":["Cracked Core","NeowsBlessing","Blood Vial","Bag of Preparation","Boot","Oddly Smooth Stone","PreservedInsect","MawBank","Fusion Hammer"],"potions_floor_usage":[5,10,10,16],"damage_taken":[{"damage":0,"enemies":"Jaw Worm","floor":1,"turns":1},{"damage":0,"enemies":"Cultist","floor":2,"turns":1},{"damage":0,"enemies":"Small Slimes","floor":4,"turns":1},{"damage":8,"enemies":"Looter","floor":5,"turns":2},{"damage":29,"enemies":"Lagavulin","floor":7,"turns":7},{"damage":14,"enemies":"Gremlin Nob","floor":10,"turns":5},{"damage":14,"enemies":"Lagavulin","floor":13,"turns":4},{"damage":13,"enemies":"The Guardian","floor":16,"turns":8}],"seed_played":"-4112837110765435486","potions_obtained":[{"floor":1,"key":"Ancient Potion"},{"floor":4,"key":"Fire Potion"},{"floor":7,"key":"Block Potion"},{"floor":10,"key":"AttackPotion"},{"floor":16,"key":"Explosive Potion"}],"is_trial":false,"path_per_floor":["M","M","?","M","M","R","E","R","T","E","$","R","E","?","R","B",null],"character_chosen":"DEFECT","items_purchased":["Conserve Battery","Oddly Smooth Stone","PreservedInsect"],"campfire_rested":0,"item_purchase_floors":[11,11,11],"current_hp_per_floor":[64,64,64,64,56,56,34,34,34,29,29,29,17,17,17,16,16],"gold":238,"neow_bonus":"THREE_ENEMY_KILL","is_prod":false,"is_daily":false,"chose_seed":false,"campfire_upgraded":4,"win_rate":0,"timestamp":1549138620,"path_taken":["M","M","?","?","M","R","E","R","T","E","$","R","E","?","R","BOSS"],"build_version":"2019-01-23","purchased_purges":1,"victory":false,"max_hp_per_floor":[71,71,71,71,71,71,71,71,71,71,71,71,71,71,71,71,71],"card_choices":[{"not_picked":["Scrape","Stack"],"picked":"Self Repair","floor":1},{"not_picked":["Heatsinks","Storm"],"picked":"Gash","floor":2},{"not_picked":["Lockon","Self Repair"],"picked":"Streamline","floor":4},{"not_picked":["Turbo","Rebound"],"picked":"Cold Snap","floor":5},{"not_picked":["Static Discharge","Conserve Battery"],"picked":"Rainbow","floor":7},{"not_picked":["Double Energy","Steam Power"],"picked":"Doom and Gloom","floor":10},{"not_picked":["Hyperbeam","Machine Learning"],"picked":"Meteor Strike","floor":16}],"player_experience":1097622,"relics_obtained":[{"floor":7,"key":"Blood Vial"},{"floor":9,"key":"Bag of Preparation"},{"floor":10,"key":"Boot"},{"floor":13,"key":"MawBank"}],"event_choices":[{"damage_healed":0,"gold_gain":275,"player_choice":"Desecrate","damage_taken":0,"max_hp_gain":0,"max_hp_loss":0,"event_name":"Golden Shrine","floor":3,"gold_loss":0,"cards_obtained":["Regret"]},{"damage_healed":0,"gold_gain":0,"player_choice":"Grow","damage_taken":0,"max_hp_gain":0,"max_hp_loss":0,"event_name":"Living Wall","floor":14,"gold_loss":0,"cards_upgraded":["Dualcast"]}],"is_beta":true,"boss_relics":[{"not_picked":["Eternal Feather","Ectoplasm"],"picked":"Fusion Hammer"}],"items_purged_floors":[11],"is_endless":false,"potions_floor_spawned":[1,4,7,10,16],"ascension_level":20}