{"gold_per_floor":[112,112,132,132,145,186,186,225,225,300,300,300,325,36,36,160,160,183,203,203,218,218,264,289,301,338,350,362],"floor_reached":28,"playtime":802,"items_purged":["Defend_G"],"score":296,"play_id":"6c9f96f0-ca4f-4ea5-b55d-ec7d19648ea0","local_time":"20181222223405","is_ascension_mode":false,"campfire_choices":[{"floor":7,"key":"REST"},{"floor":11,"key":"REST"},{"floor":15,"key":"REST"},{"floor":25,"key":"REST"},{"data":"Calculated Gamble","floor":27,"key":"SMITH"}],"neow_cost":"NONE","seed_source_timestamp":0,"circlet_count":0,"master_deck":["Defend_G","Defend_G","Defend_G","Defend_G","Strike_G","Strike_G","Strike_G","Strike_G","Survivor","Neutralize","Calculated Gamble+1","Infinite Blades","Noxious Fumes","Backstab","Dash","Noxious Fumes","Corpse Explosion","Prepared+1","Deadly Poison","Bane+1","Pain"],"special_seed":0,"relics":["Ring of the Snake","Golden Idol","Anchor","Smiling Mask","Question Card","Pear","TwistedFunnel","Cursed Key","Nilry\u0027s Codex","MawBank","Calipers","Ancient Tea Set"],"potions_floor_usage":[6,16,23,23,23,24],"damage_taken":[{"damage":0.0,"enemies":"2 Louse","floor":1.0,"turns":2.0},{"damage":0.0,"enemies":"Jaw Worm","floor":3.0,"turns":5.0},{"damage":0,"enemies":"Small Slimes","floor":5,"turns":3},{"damage":18,"enemies":"Lagavulin","floor":6,"turns":6},{"damage":26,"enemies":"Gremlin Nob","floor":8,"turns":5},{"damage":5,"enemies":"Looter","floor":13,"turns":4},{"damage":42,"enemies":"The Guardian","floor":16,"turns":10},{"damage":0,"enemies":"2 Thieves","floor":18,"turns":2},{"damage":0,"enemies":"Chosen","floor":19,"turns":4},{"damage":11,"enemies":"Sentry and Sphere","floor":21,"turns":4},{"damage":0,"enemies":"Slavers","floor":23,"turns":2},{"damage":12,"enemies":"Shelled Parasite and Fungi","floor":24,"turns":4},{"damage":0,"enemies":"Colosseum Slavers","floor":28,"turns":1}],"seed_played":"5844668362419618096","potions_obtained":[{"floor":1.0,"key":"Fire Potion"},{"floor":8,"key":"LiquidBronze"},{"floor":16,"key":"FearPotion"},{"floor":18,"key":"PowerPotion"},{"floor":19,"key":"EssenceOfSteel"},{"floor":23,"key":"AttackPotion"}],"is_trial":false,"path_per_floor":["M","?","M","M","T","M","E","R","E","T","?","R","?","M","$","R","B",null,"M","M","?","M","?","E","M","R","T","R","?"],"character_chosen":"THE_SILENT","items_purchased":["TwistedFunnel","Noxious Fumes"],"campfire_rested":4,"item_purchase_floors":[14,14],"current_hp_per_floor":[77,58,58,58,58,40,63,37,47,36,62,55,50,50,76,34,87,87,87,71,60,60,60,48,74,74,74,74],"gold":362,"neow_bonus":"TEN_PERCENT_HP_BONUS","is_prod":false,"is_daily":false,"chose_seed":false,"campfire_upgraded":1,"win_rate":0,"timestamp":1545518045,"path_taken":["M","?","M","?","M","E","R","E","T","?","R","?","M","$","R","BOSS","M","M","?","M","?","E","M","R","T","R","?"],"build_version":"2018-12-20","purchased_purges":1,"victory":false,"max_hp_per_floor":[77,77,77,77,77,77,77,77,87,87,87,87,87,87,87,87,87,87,87,87,87,87,87,87,87,87,87,87],"card_choices":[{"not_picked":["Quick Slash","Poisoned Stab"],"picked":"Calculated Gamble","floor":1.0},{"not_picked":["Deflect","Backflip"],"picked":"Infinite Blades","floor":3},{"not_picked":["Sucker Punch","Outmaneuver"],"picked":"Noxious Fumes","floor":5},{"not_picked":["Underhanded Strike","Expertise","Prepared"],"picked":"SKIP","floor":6},{"not_picked":["Reflex","Flechettes"],"picked":"Backstab","floor":8},{"not_picked":["Acrobatics","Unload","Quick Slash"],"picked":"Dash","floor":13},{"not_picked":["Grand Finale","Burst","Glass Knife"],"picked":"Corpse Explosion","floor":16},{"not_picked":["Poisoned Stab","Endless Agony","Caltrops+1"],"picked":"Prepared+1","floor":18},{"not_picked":["Backflip","Dagger Throw","Acrobatics+1"],"picked":"Deadly Poison","floor":19},{"not_picked":["Tactician","Concentrate","Underhanded Strike","Dodge and Roll+1"],"picked":"SKIP","floor":21},{"not_picked":["Dash","Concentrate","Flying Knee"],"picked":"Bane+1","floor":23},{"not_picked":["Prepared","Backflip","Blade Dance","Acrobatics"],"picked":"SKIP","floor":24}],"player_experience":350160,"relics_obtained":[{"floor":4,"key":"Anchor"},{"floor":6,"key":"Smiling Mask"},{"floor":8,"key":"Question Card"},{"floor":9,"key":"Pear"},{"floor":20,"key":"Nilry\u0027s Codex"},{"floor":23,"key":"Calipers"},{"floor":26,"key":"Ancient Tea Set"}],"event_choices":[{"damage_healed":0.0,"max_hp_gain":0.0,"max_hp_loss":0.0,"gold_gain":0.0,"event_name":"Golden Idol","player_choice":"Take Damage","floor":2.0,"gold_loss":0.0,"damage_taken":19.0,"relics_obtained":["Golden Idol"]},{"damage_healed":0,"gold_gain":75,"player_choice":"Gather Gold","damage_taken":11,"max_hp_gain":0,"max_hp_loss":0,"event_name":"World of Goop","floor":10,"gold_loss":0},{"cards_removed":["Strike_G"],"damage_healed":0,"gold_gain":0,"player_choice":"Card Removal","damage_taken":7,"max_hp_gain":0,"max_hp_loss":0,"event_name":"Golden Wing","floor":12,"gold_loss":0},{"damage_healed":0,"gold_gain":0,"player_choice":"Obtained Book","damage_taken":16,"max_hp_gain":0,"max_hp_loss":0,"event_name":"Cursed Tome","floor":20,"gold_loss":0},{"damage_healed":0,"gold_gain":0,"player_choice":"Opened","damage_taken":0,"relics_obtained":["MawBank"],"max_hp_gain":0,"max_hp_loss":0,"event_name":"The Mausoleum","floor":22,"gold_loss":0},{"damage_healed":0,"gold_gain":0,"player_choice":"Fight","damage_taken":0,"max_hp_gain":0,"max_hp_loss":0,"event_name":"Colosseum","floor":28,"gold_loss":0}],"is_beta":true,"boss_relics":[{"not_picked":["Runic Dome","Pandora\u0027s Box"],"picked":"Cursed Key"}],"items_purged_floors":[14],"is_endless":false,"potions_floor_spawned":[1,8,16,18,19,23],"killed_by":"Colosseum Slavers","ascension_level":0}