{"gold_per_floor":[110,129,129,142,159,159,5,5,54,54,81,101,119,131,131,131],"floor_reached":16,"playtime":708,"items_purged":["Strike_G"],"score":104,"play_id":"ff4b9c40-c5a4-451e-9f88-354399b2185d","local_time":"20181227203749","is_ascension_mode":false,"campfire_choices":[{"data":"Cloak And Dagger","floor":6,"key":"SMITH"},{"data":"Blade Dance","floor":8,"key":"SMITH"},{"data":"Blade Dance","floor":10,"key":"SMITH"},{"data":"Blur","floor":15,"key":"SMITH"}],"neow_cost":"NONE","seed_source_timestamp":1295234404640057,"circlet_count":0,"master_deck":["Defend_G","Defend_G","Defend_G","Defend_G","Defend_G","Strike_G","Strike_G","Strike_G","Strike_G","Survivor","Neutralize","Blur+1","Cloak And Dagger+1","Blade Dance+1","Blade Dance+1","Well Laid Plans","Die Die Die","Well Laid Plans","Backstab","Backstab"],"relics":["Ring of the Snake","Lantern","Strawberry","The Specimen"],"potions_floor_usage":[],"damage_taken":[{"damage":1,"enemies":"Jaw Worm","floor":1,"turns":5},{"damage":0,"enemies":"Cultist","floor":2,"turns":5},{"damage":0,"enemies":"Small Slimes","floor":4,"turns":3},{"damage":2,"enemies":"3 Louse","floor":5,"turns":5},{"damage":16,"enemies":"Lagavulin","floor":11,"turns":9},{"damage":0,"enemies":"2 Fungi Beasts","floor":12,"turns":3},{"damage":0,"enemies":"Blue Slaver","floor":13,"turns":3},{"damage":0,"enemies":"Exordium Thugs","floor":14,"turns":4},{"damage":52,"enemies":"The Guardian","floor":16,"turns":12}],"seed_played":"9207483655285897972","potions_obtained":[{"floor":1,"key":"LiquidBronze"},{"floor":4,"key":"Ancient Potion"},{"floor":12,"key":"FairyPotion"},{"floor":13,"key":"FairyPotion"}],"is_trial":false,"path_per_floor":["M","M","?","M","M","R","$","R","T","R","E","M","M","M","R","B"],"character_chosen":"THE_SILENT","items_purchased":["Well Laid Plans"],"campfire_rested":0,"item_purchase_floors":[7],"current_hp_per_floor":[76,76,76,76,74,74,74,74,81,81,65,65,65,65,65,13],"gold":131,"neow_bonus":"TEN_PERCENT_HP_BONUS","is_prod":false,"is_daily":false,"chose_seed":false,"campfire_upgraded":4,"win_rate":0,"timestamp":1545943069,"path_taken":["M","M","?","?","M","R","?","R","T","R","E","M","M","M","R","BOSS"],"build_version":"2018-12-25","purchased_purges":1,"victory":false,"max_hp_per_floor":[77,77,77,77,77,77,77,77,84,84,84,84,84,84,84,84],"card_choices":[{"not_picked":["Endless Agony","Poisoned Stab"],"picked":"Blur","floor":1},{"not_picked":["Poisoned Stab","Slice"],"picked":"Cloak And Dagger","floor":2},{"not_picked":["Underhanded Strike","Caltrops"],"picked":"Blade Dance","floor":4},{"not_picked":["Acrobatics","All Out Attack"],"picked":"Blade Dance","floor":5},{"not_picked":["Quick Slash","Dagger Spray"],"picked":"Die Die Die","floor":11},{"not_picked":["Dodge and Roll","Poisoned Stab"],"picked":"Well Laid Plans","floor":12},{"not_picked":["Calculated Gamble","Deadly Poison"],"picked":"Backstab","floor":13},{"not_picked":["Poisoned Stab","Prepared"],"picked":"Backstab","floor":14}],"player_experience":353840,"relics_obtained":[{"floor":9,"key":"Strawberry"},{"floor":11,"key":"The Specimen"}],"event_choices":[{"damage_healed":0,"gold_gain":0,"player_choice":"Gave Potion","damage_taken":0,"relics_obtained":["Lantern"],"max_hp_gain":0,"max_hp_loss":0,"event_name":"WeMeetAgain","floor":3,"gold_loss":0}],"is_beta":true,"boss_relics":[],"items_purged_floors":[7],"is_endless":false,"potions_floor_spawned":[1,4,12,13],"killed_by":"The Guardian","ascension_level":0}