{"gold_per_floor":[112,82,8,183,3,3,14,14,14,31,31,57,12],"floor_reached":13,"playtime":415,"items_purged":["Doubt"],"score":127,"play_id":"d4c86627-0408-42cc-af6b-33df59d28e3f","local_time":"20190123204658","is_ascension_mode":true,"campfire_choices":[{"data":"Fusion","floor":6,"key":"SMITH"}],"neow_cost":"PERCENT_DAMAGE","seed_source_timestamp":1139835604487593,"circlet_count":0,"master_deck":["Strike_B","Strike_B","Strike_B","Defend_B","Defend_B","Defend_B","Zap","Dualcast","Fission","Conserve Battery","Fusion+1","Consume","Defragment","Lockon","Static Discharge","FTL","Cold Snap"],"relics":["Cracked Core","Pantograph","Blue Candle"],"potions_floor_usage":[8,12,13],"damage_taken":[{"damage":0,"enemies":"Small Slimes","floor":1,"turns":3},{"damage":0,"enemies":"Cultist","floor":7,"turns":3},{"damage":0,"enemies":"Gremlin Nob","floor":8,"turns":2},{"damage":14,"enemies":"Jaw Worm","floor":10,"turns":4},{"damage":32,"enemies":"3 Sentries","floor":12,"turns":5},{"damage":17,"enemies":"Exordium Thugs","floor":13,"turns":3}],"seed_played":"662311909440492532","potions_obtained":[{"floor":1,"key":"SmokeBomb"},{"floor":2,"key":"EssenceOfSteel"},{"floor":2,"key":"SpeedPotion"},{"floor":10,"key":"SteroidPotion"}],"is_trial":false,"path_per_floor":["M","?","$","?","$","R","M","E","T","M","$","E","M"],"character_chosen":"DEFECT","items_purchased":["Consume","Defragment","Lockon"],"campfire_rested":0,"item_purchase_floors":[3,5,5],"current_hp_per_floor":[50,50,50,50,50,50,50,50,50,36,36,4,0],"gold":12,"neow_bonus":"TRANSFORM_TWO_CARDS","is_prod":false,"is_daily":false,"chose_seed":false,"campfire_upgraded":1,"win_rate":0,"timestamp":1548276418,"path_taken":["M","?","?","?","$","R","?","E","T","?","?","E","M"],"build_version":"2019-01-23","purchased_purges":1,"victory":false,"max_hp_per_floor":[75,75,75,75,75,75,75,75,75,75,75,75,75],"card_choices":[{"not_picked":["Turbo","Rebound"],"picked":"Fusion","floor":1},{"not_picked":["Ball Lightning","Cold Snap"],"picked":"Static Discharge","floor":7},{"not_picked":["Darkness","Rebound"],"picked":"FTL","floor":10},{"not_picked":["FTL","Rebound"],"picked":"Cold Snap","floor":12}],"player_experience":467198,"relics_obtained":[{"floor":9,"key":"Pantograph"},{"floor":12,"key":"Blue Candle"}],"event_choices":[{"damage_healed":0,"gold_gain":0,"player_choice":"Bought 2 Potions","damage_taken":0,"max_hp_gain":0,"max_hp_loss":0,"event_name":"The Woman in Blue","floor":2,"gold_loss":0},{"damage_healed":0,"gold_gain":175,"player_choice":"AGREE","damage_taken":0,"max_hp_gain":0,"max_hp_loss":0,"event_name":"Liars Game","floor":4,"gold_loss":0,"cards_obtained":["Doubt"]}],"is_beta":true,"boss_relics":[],"items_purged_floors":[5],"is_endless":false,"potions_floor_spawned":[1,8,10],"killed_by":"Exordium Thugs","ascension_level":8}