{"gold_per_floor":[360,360,46,65,19,19,45,45,71,84,84,84,104,124,124,223,223,248,158,171,71,89,89,89],"floor_reached":24,"playtime":780,"items_purged":["Strike_G","Accuracy+1"],"score":323,"play_id":"be0aa507-0233-4da1-a853-eb0f4878fb1b","local_time":"20190205223142","is_ascension_mode":true,"campfire_choices":[{"data":"Deadly Poison","floor":6,"key":"SMITH"},{"data":"Neutralize","floor":8,"key":"SMITH"},{"data":"Poisoned Stab","floor":12,"key":"SMITH"},{"data":"Bouncing Flask","floor":15,"key":"SMITH"},{"floor":23,"key":"REST"}],"neow_cost":"TEN_PERCENT_HP_LOSS","seed_source_timestamp":372083008723760,"circlet_count":0,"master_deck":["AscendersBane","Survivor","Neutralize+1","Catalyst+1","Deadly Poison+1","Poisoned Stab","Poisoned Stab+1","Well Laid Plans","Bouncing Flask+1","Tools of the Trade","Deflect","Bouncing Flask","Tools of the Trade","Masterful Stab","Bouncing Flask","Tactician","A Thousand Cuts","Prepared+1","Deflect"],"relics":["Ring of the Snake","Medical Kit","Lantern","Smiling Mask","Golden Idol","Pandora\u0027s Box"],"potions_floor_usage":[7,24],"damage_taken":[{"damage":0,"enemies":"2 Louse","floor":1,"turns":4},{"damage":1,"enemies":"Cultist","floor":4,"turns":4},{"damage":12,"enemies":"Gremlin Nob","floor":7,"turns":3},{"damage":0,"enemies":"Small Slimes","floor":10,"turns":3},{"damage":0,"enemies":"Red Slaver","floor":13,"turns":3},{"damage":0,"enemies":"Gremlin Gang","floor":14,"turns":5},{"damage":8,"enemies":"Slime Boss","floor":16,"turns":4},{"damage":0,"enemies":"Spheric Guardian","floor":18,"turns":3},{"damage":36,"enemies":"3 Byrds","floor":20,"turns":4},{"damage":0,"enemies":"Snecko","floor":22,"turns":2},{"damage":35,"enemies":"Sentry and Sphere","floor":24,"turns":4}],"seed_played":"-1071796255333682939","potions_obtained":[{"floor":4,"key":"EssenceOfSteel"},{"floor":7,"key":"GamblersBrew"},{"floor":14,"key":"Strength Potion"},{"floor":20,"key":"Energy Potion"}],"is_trial":false,"path_per_floor":["M","?","$","M","$","R","E","R","T","M","?","R","M","M","R","B",null,"M","?","M","$","M","R","M"],"character_chosen":"THE_SILENT","items_purchased":["Deadly Poison","Medical Kit","Poisoned Stab","Deflect"],"campfire_rested":1,"item_purchase_floors":[3,3,5,21],"current_hp_per_floor":[63,63,63,62,62,62,50,50,50,50,50,50,50,50,50,42,54,54,54,18,18,18,35,0],"gold":89,"neow_bonus":"TWO_FIFTY_GOLD","is_prod":false,"is_daily":false,"chose_seed":false,"campfire_upgraded":4,"win_rate":0,"timestamp":1549405902,"path_taken":["M","?","$","?","?","R","E","R","T","?","?","R","M","M","R","BOSS","M","?","?","$","M","R","?"],"build_version":"2019-01-23","purchased_purges":2,"victory":false,"max_hp_per_floor":[63,63,63,63,63,63,63,63,63,63,58,58,58,58,58,58,58,58,58,58,58,58,58,58],"card_choices":[{"not_picked":["Dodge and Roll","Poisoned Stab"],"picked":"Catalyst","floor":1},{"not_picked":["Flying Knee","Deflect"],"picked":"Poisoned Stab","floor":4},{"not_picked":["Eviscerate","Setup","Quick Slash"],"picked":"SKIP","floor":7},{"not_picked":["Poisoned Stab","Underhanded Strike","Choke"],"picked":"SKIP","floor":10},{"not_picked":["Eviscerate","Deflect"],"picked":"Well Laid Plans","floor":13},{"not_picked":["Terror","Dash"],"picked":"Bouncing Flask","floor":14},{"not_picked":["Wraith Form v2","Die Die Die"],"picked":"Tools of the Trade","floor":16},{"not_picked":["Bane+1","Flechettes","Prepared"],"picked":"SKIP","floor":18},{"not_picked":["Bane","Underhanded Strike"],"picked":"Prepared+1","floor":20},{"not_picked":["Blade Dance","Outmaneuver","Sucker Punch+1"],"picked":"SKIP","floor":22}],"player_experience":564832,"relics_obtained":[{"floor":7,"key":"Lantern"},{"floor":9,"key":"Smiling Mask"}],"event_choices":[{"damage_healed":0,"gold_gain":0,"player_choice":"Upgraded","damage_taken":0,"max_hp_gain":0,"max_hp_loss":0,"event_name":"Upgrade Shrine","floor":2,"gold_loss":0,"cards_upgraded":["Catalyst"]},{"damage_healed":0,"gold_gain":0,"player_choice":"Lose Max HP","damage_taken":0,"relics_obtained":["Golden Idol"],"max_hp_gain":0,"max_hp_loss":5,"event_name":"Golden Idol","floor":11,"gold_loss":0},{"cards_removed":["Acrobatics"],"damage_healed":0,"gold_gain":0,"player_choice":"Upgrade and Remove","damage_taken":0,"max_hp_gain":0,"max_hp_loss":0,"event_name":"Designer","floor":19,"gold_loss":90,"cards_upgraded":["Accuracy"]}],"is_beta":true,"boss_relics":[{"not_picked":["Coffee Dripper","Runic Pyramid"],"picked":"Pandora\u0027s Box"}],"items_purged_floors":[3,21],"is_endless":false,"potions_floor_spawned":[4,7,14,20],"killed_by":"Sentry and Sphere","ascension_level":13}