{"gold_per_floor":[118,118,137,147,166,195,195,215,215,241,272,310,322,410,422,529,541,572,601,629,659,685,697,744,756],"floor_reached":25,"playtime":1504,"items_purged":[],"score":284,"play_id":"e77fa47a-6fdf-47ce-b017-e532e898e4cd","local_time":"20190205002200","is_ascension_mode":true,"campfire_choices":[{"floor":7,"key":"REST"},{"floor":13,"key":"REST"},{"floor":15,"key":"RECALL"},{"floor":23,"key":"REST"}],"neow_cost":"NONE","seed_source_timestamp":6723292713858,"circlet_count":0,"master_deck":["Survivor","Neutralize","Deadly Poison","Accuracy","Bouncing Flask","Infinite Blades","Accuracy","After Image","Dash","After Image","After Image","Finisher","Heel Hook","Adrenaline","Riddle With Holes","Envenom","Bouncing Flask","Envenom","Blade Dance","Infinite Blades+1","Dash","Blade Dance","Cloak And Dagger","Cloak And Dagger"],"relics":["Ring of the Snake","Letter Opener","Mercury Hourglass","MawBank","Torii","Pandora\u0027s Box","Paper Crane"],"potions_floor_usage":[6,16,21,21,21,24],"damage_taken":[{"damage":0,"enemies":"Jaw Worm","floor":1,"turns":4},{"damage":0,"enemies":"Cultist","floor":3,"turns":3},{"damage":2,"enemies":"Small Slimes","floor":4,"turns":3},{"damage":6,"enemies":"2 Fungi Beasts","floor":5,"turns":4},{"damage":29,"enemies":"3 Sentries","floor":6,"turns":11},{"damage":6,"enemies":"Looter","floor":8,"turns":3},{"damage":17,"enemies":"Lagavulin","floor":10,"turns":6},{"damage":13,"enemies":"Red Slaver","floor":11,"turns":4},{"damage":8,"enemies":"3 Sentries","floor":12,"turns":7},{"damage":20,"enemies":"The Guardian","floor":16,"turns":11},{"damage":16,"enemies":"3 Byrds","floor":18,"turns":4},{"damage":8,"enemies":"Shell Parasite","floor":19,"turns":5},{"damage":0,"enemies":"Snecko","floor":20,"turns":5},{"damage":16,"enemies":"Shelled Parasite and Fungi","floor":21,"turns":7},{"damage":13,"enemies":"3 Cultists","floor":22,"turns":5},{"damage":24,"enemies":"Book of Stabbing","floor":24,"turns":6},{"damage":28,"enemies":"Snake Plant","floor":25,"turns":7}],"seed_played":"2075891558174925165","potions_obtained":[{"floor":1,"key":"Block Potion"},{"floor":4,"key":"Ancient Potion"},{"floor":5,"key":"Weak Potion"},{"floor":6,"key":"Ancient Potion"},{"floor":11,"key":"GamblersBrew"},{"floor":16,"key":"Poison Potion"},{"floor":18,"key":"AttackPotion"},{"floor":22,"key":"PowerPotion"}],"is_trial":false,"path_per_floor":["M","?","M","M","M","E","R","M","T","E","M","E","R","?","R","B",null,"M","M","M","M","M","R","E","M"],"character_chosen":"THE_SILENT","items_purchased":[],"campfire_rested":3,"item_purchase_floors":[],"current_hp_per_floor":[77,77,77,75,69,40,63,57,57,40,27,19,42,42,42,22,77,61,53,53,37,24,47,23,0],"gold":756,"neow_bonus":"TEN_PERCENT_HP_BONUS","is_prod":false,"is_daily":false,"chose_seed":false,"campfire_upgraded":0,"win_rate":0,"timestamp":1549322520,"path_taken":["M","?","M","M","?","E","R","M","T","E","M","E","R","?","R","BOSS","M","M","M","M","M","R","E","M"],"build_version":"2019-01-23","purchased_purges":0,"victory":false,"max_hp_per_floor":[77,77,77,77,77,77,77,77,77,77,77,77,77,77,77,77,77,77,77,77,77,77,77,77,77],"card_choices":[{"not_picked":["Endless Agony","Expertise"],"picked":"Deadly Poison","floor":1},{"not_picked":["Underhanded Strike","Prepared"],"picked":"Accuracy","floor":3},{"not_picked":["Cloak And Dagger","Blade Dance"],"picked":"Bouncing Flask","floor":4},{"not_picked":["Skewer","Backstab"],"picked":"Infinite Blades","floor":5},{"not_picked":["Finisher","Skewer"],"picked":"Accuracy","floor":6},{"not_picked":["Crippling Poison","Skewer"],"picked":"After Image","floor":8},{"not_picked":["Deadly Poison","Dagger Spray"],"picked":"Dash","floor":10},{"not_picked":["Dagger Spray","Reflex","Finisher"],"picked":"SKIP","floor":11},{"not_picked":["Finisher","Acrobatics","Setup"],"picked":"SKIP","floor":12},{"not_picked":["Malaise","Storm of Steel"],"picked":"After Image","floor":16},{"not_picked":["Cloak And Dagger","Acrobatics"],"picked":"Infinite Blades+1","floor":18},{"not_picked":["Slice+1","Setup"],"picked":"Dash","floor":19},{"not_picked":["Bane","Skewer","Escape Plan"],"picked":"SKIP","floor":20},{"not_picked":["Quick Slash+1","Outmaneuver"],"picked":"Blade Dance","floor":21},{"not_picked":["Wraith Form v2","Bane"],"picked":"Cloak And Dagger","floor":22},{"not_picked":["Choke","Noxious Fumes"],"picked":"Cloak And Dagger","floor":24}],"player_experience":210626,"relics_obtained":[{"floor":6,"key":"Letter Opener"},{"floor":9,"key":"Mercury Hourglass"},{"floor":10,"key":"MawBank"},{"floor":12,"key":"Torii"},{"floor":24,"key":"Paper Crane"}],"event_choices":[{"cards_removed":["Defend_G"],"damage_healed":0,"gold_gain":0,"player_choice":"Offered Basic","damage_taken":0,"max_hp_gain":0,"max_hp_loss":0,"event_name":"Bonfire Elementals","floor":2,"gold_loss":0},{"damage_healed":0,"gold_gain":76,"player_choice":"Gained Gold","damage_taken":0,"max_hp_gain":0,"max_hp_loss":0,"event_name":"Golden Wing","floor":14,"gold_loss":0}],"is_beta":false,"boss_relics":[{"not_picked":["Calling Bell","White Beast Statue"],"picked":"Pandora\u0027s Box"}],"items_purged_floors":[],"is_endless":false,"potions_floor_spawned":[1,4,5,6,11,16,18,20,22],"killed_by":"Snake Plant","ascension_level":3}