{"path_per_floor":["M","?","T","?","M","R","$","M","T","M","E","M","?","E","R"],"character_chosen":"DEFECT","items_purchased":["Oddly Smooth Stone"],"gold_per_floor":[112,112,136,136,152,152,3,16,16,36,63,79,79,105,105,105],"floor_reached":16,"campfire_rested":1,"playtime":502,"current_hp_per_floor":[64,49,49,49,44,44,44,44,44,44,22,19,19,16,38,0],"items_purged":[],"gold":105,"score":149,"play_id":"e90a043f-5ad3-454e-aa31-e5edbb13051b","local_time":"20180513002651","is_prod":false,"is_daily":false,"chose_seed":false,"is_ascension_mode":true,"campfire_upgraded":1,"timestamp":1526196411,"path_taken":["M","?","?","?","?","R","$","M","T","M","E","?","?","E","R","BOSS"],"build_version":"2018-05-12v2","seed_source_timestamp":53315471396013,"purchased_purges":0,"victory":false,"master_deck":["Strike_B","Strike_B","Strike_B+1","Strike_B","Defend_B","Defend_B","Defend_B+1","Zap+1","Dualcast+1","Meteor Strike+1","Turbo"],"max_hp_per_floor":[75,75,75,75,75,75,75,75,75,75,75,75,75,75,75,75],"relics":["Cracked Core","War Paint","Oddly Smooth Stone","Smiling Mask","Pen Nib","Toolbox"],"card_choices":[{"not_picked":["Skim","Redo","Barrage"],"picked":"SKIP","floor":1},{"not_picked":["Genetic Algorithm","Go for the Eyes","Coolheaded"],"picked":"SKIP","floor":5},{"not_picked":["Rebound","Glacier","Coolheaded"],"picked":"SKIP","floor":8},{"not_picked":["Hologram","Darkness","BootSequence"],"picked":"SKIP","floor":10},{"not_picked":["Capacitor","Stack","Go for the Eyes"],"picked":"SKIP","floor":11},{"not_picked":["Self Repair","Leap"],"picked":"Turbo","floor":12},{"not_picked":["Biased Cognition","Cold Snap","Hello World"],"picked":"SKIP","floor":14}],"player_experience":233219,"potions_floor_usage":[8,11,16],"damage_taken":[{"damage":4,"enemies":"Jaw Worm","floor":1,"turns":4},{"damage":5,"enemies":"Small Slimes","floor":5,"turns":4},{"damage":0,"enemies":"2 Louse","floor":8,"turns":3},{"damage":0,"enemies":"Exordium Wildlife","floor":10,"turns":3},{"damage":22,"enemies":"Lagavulin","floor":11,"turns":8},{"damage":3,"enemies":"Large Slime","floor":12,"turns":5},{"damage":3,"enemies":"3 Sentries","floor":14,"turns":4},{"damage":42,"enemies":"Hexaghost","floor":16,"turns":9}],"event_choices":[{"event_name":"Shining Light","player_choice":"Entered Light","floor":2,"damage_taken":0},{"event_name":"Liars Game","player_choice":"disagreed","floor":4,"damage_taken":0},{"event_name":"Living Wall","player_choice":"Forget","floor":13,"damage_taken":0}],"boss_relics":[],"potions_floor_spawned":[5,10,14],"seed_played":"-4979440199860377959","killed_by":"Hexaghost","ascension_level":7,"is_trial":false}