{"path_per_floor":["M","?","$","M","M","R","E","R","T","?","?","T","R","M","R","B",null,"M","?","?","M","M","R","M"],"character_chosen":"DEFECT","items_purchased":["White Noise"],"gold_per_floor":[111,111,43,53,67,67,101,101,101,101,101,101,101,113,113,217,217,230,230,230,249,266,266,277,277],"floor_reached":25,"campfire_rested":2,"playtime":723,"current_hp_per_floor":[69,54,54,53,38,60,46,46,46,46,46,46,46,33,55,36,75,75,75,75,72,50,50,20,0],"items_purged":[],"gold":277,"score":201,"play_id":"49dea376-534e-4cf5-a928-e7c4b783508b","local_time":"20180503142947","is_prod":false,"is_daily":false,"chose_seed":false,"is_ascension_mode":false,"campfire_upgraded":3,"timestamp":1525382987,"path_taken":["M","?","$","M","?","R","E","R","T","?","?","?","R","M","R","BOSS","M","?","?","?","M","R","M","M"],"build_version":"2018-05-02","seed_source_timestamp":1369561215177939,"purchased_purges":0,"victory":false,"master_deck":["Strike_B+1","Strike_B+1","Strike_B","Defend_B","Defend_B","Zap+1","Dualcast","Ball Lightning","White Noise","Capacitor+1","Self Repair","Storm+1","Seek"],"max_hp_per_floor":[75,75,75,75,75,75,75,75,75,75,75,75,75,75,75,75,75,75,75,75,75,75,75,75,75],"relics":["Cracked Core","Blue Candle","Happy Flower","Bottled Lightning","Inserter"],"card_choices":[{"not_picked":["Buffer","Steam Power"],"picked":"Ball Lightning","floor":1},{"not_picked":["Barrage","Blizzard"],"picked":"Capacitor","floor":4},{"not_picked":["Force Field","Ball Lightning"],"picked":"Storm","floor":14},{"not_picked":["Echo Form","Creative AI"],"picked":"Seek","floor":16}],"player_experience":142967,"potions_floor_usage":[22,24,25],"damage_taken":[{"damage":6,"enemies":"2 Louse","floor":1,"turns":2},{"damage":1,"enemies":"Cultist","floor":4,"turns":3},{"damage":15,"enemies":"Jaw Worm","floor":5,"turns":4},{"damage":21,"enemies":"Lagavulin","floor":7,"turns":6},{"damage":13,"enemies":"Red Slaver","floor":14,"turns":3},{"damage":26,"enemies":"The Guardian","floor":16,"turns":7},{"damage":5,"enemies":"Spheric Guardian","floor":18,"turns":3},{"damage":10,"enemies":"Chosen","floor":21,"turns":3},{"damage":29,"enemies":"Snecko","floor":22,"turns":4},{"damage":37,"enemies":"Snake Plant","floor":24,"turns":3},{"damage":38,"enemies":"Cultist and Chosen","floor":25,"turns":4}],"event_choices":[{"event_name":"Shining Light","player_choice":"Entered Light","floor":2,"damage_taken":0},{"event_name":"Transmorgrifier","player_choice":"Transform","floor":10,"damage_taken":0},{"event_name":"Living Wall","player_choice":"Forget","floor":11,"damage_taken":0},{"event_name":"Cursed Tome","player_choice":"Ignored","floor":19,"damage_taken":0},{"event_name":"The Mausoleum","player_choice":"No","floor":20,"damage_taken":0}],"boss_relics":[{"not_picked":["Ectoplasm","Astrolabe"],"picked":"Inserter"}],"potions_floor_spawned":[1,14,16,21],"seed_played":"-5261121302746964386","killed_by":"Cultist and Chosen","ascension_level":0,"is_trial":false}