{"path_per_floor":["M","?","?","?","$","M","R","E","T","R","E","M","T","M","R","B",null,"M","?","?","?","M","R"],"character_chosen":"IRONCLAD","items_purchased":["Dropkick"],"gold_per_floor":[119,119,119,119,40,58,58,89,389,389,423,437,464,479,479,604,604,629,629,719,758,779,779],"floor_reached":24,"campfire_rested":2,"playtime":1314,"current_hp_per_floor":[79,59,43,43,43,48,48,44,44,44,38,32,32,31,55,19,80,75,75,11,7,13,47],"items_purged":[],"gold":779,"score":202,"play_id":"97f5415d-5e8a-4d7b-aa09-d5692fc4cea7","is_prod":false,"is_daily":false,"is_ascension_mode":false,"campfire_upgraded":2,"path_taken":["M","?","?","?","?","M","R","E","T","R","E","M","?","?","R","BOSS","M","?","?","?","?","R","E"],"build_version":"2018-02-19-BETA1","purchased_purges":1,"victory":false,"master_deck":["Strike_R","Strike_R","Strike_R","Strike_R","Strike_R+1","Defend_R","Defend_R","Defend_R","Defend_R+1","Bash+1","Dual Wield+1","Dropkick","Thunderclap","Corruption+1","Barricade","Shrug It Off","Normality","Mind Blast","Dramatic Entrance","Dramatic Entrance","Dramatic Entrance","Flash of Steel","Good Instincts","Shrug It Off","Seeing Red+1"],"max_hp_per_floor":[80,80,80,80,80,80,80,80,80,80,80,80,80,80,80,80,80,80,80,80,80,80,80],"relics":["Burning Blood","Golden Idol","Ginger","Old Coin","Ancient Tea Set","Vajra","Eternal Feather","Anchor","Red Mask"],"card_choices":[{"not_picked":["True Grit","Flex"],"picked":"Dual Wield"},{"not_picked":["Pommel Strike","Pummel"],"picked":"Thunderclap"},{"not_picked":["Pommel Strike","Anger"],"picked":"Corruption"},{"not_picked":["Impervious","Juggernaut"],"picked":"Barricade"},{"not_picked":["Flex","Pummel"],"picked":"Shrug It Off"},{"not_picked":["Cleave","Body Slam"],"picked":"Shrug It Off"},{"not_picked":["Shrug It Off","Sever Soul"],"picked":"Seeing Red"}],"player_experience":3439,"potions_floor_usage":[],"damage_taken":[{"damage":7.0,"enemies":"Small Slimes","floor":1.0,"turns":3.0},{"damage":1.0,"enemies":"2 Louse","floor":6.0,"turns":3.0},{"damage":10.0,"enemies":"Lagavulin","floor":8.0,"turns":7.0},{"damage":12.0,"enemies":"Gremlin Nob","floor":11.0,"turns":4.0},{"damage":12.0,"enemies":"Jaw Worm","floor":12.0,"turns":4.0},{"damage":7.0,"enemies":"3 Louse","floor":14.0,"turns":4.0},{"damage":42.0,"enemies":"The Guardian","floor":16.0,"turns":10.0},{"damage":11.0,"enemies":"Shell Parasite","floor":18.0,"turns":5.0},{"damage":10.0,"enemies":"Masked Bandits","floor":21.0,"turns":4.0},{"damage":0.0,"enemies":"3 Byrds","floor":22.0,"turns":4.0},{"damage":52,"enemies":"Book of Stabbing","floor":24,"turns":5}],"event_choices":[{"event_name":"Golden Idol","player_choice":"Take Damage","floor":2.0,"damage_taken":0.0},{"event_name":"Shining Light","player_choice":"Entered Light","floor":3.0,"damage_taken":0.0},{"event_name":"Upgrade Shrine","player_choice":"Upgraded","floor":4.0,"damage_taken":0.0},{"event_name":"Accursed Blacksmith","player_choice":"Rummage","floor":19.0,"damage_taken":0.0},{"event_name":"Knowing Skull","player_choice":"CARD CARD CARD CARD CARD CARD GOLD ","floor":20.0,"damage_taken":0.0},{"event_name":"Masked Bandits","player_choice":"Fought over 719 gold","floor":21.0,"damage_taken":0.0}],"boss_relics":[],"potions_floor_spawned":[1,11,14,18],"seed_played":"-3834438180063032768","killed_by":"Book of Stabbing","ascension_level":0,"is_trial":false}