{"gold_per_floor":[363,376,376,376,391,82,82,95,120,120,178,178,14,30,30,134,134,144,144,144,144,23,23,23,23,23,76,89,89,4,17,17,113,113,133,7,19,64,64,64,64,64,91,91,91,104,128,142,142,142],"floor_reached":51,"playtime":2133,"items_purged":["Strike_R","Strike_R","Writhe","Strike_R+1"],"score":1025,"play_id":"dcf08541-fe09-46f2-93be-3b6f64f5104f","local_time":"20190121054427","is_ascension_mode":true,"campfire_choices":[{"floor":7.0,"key":"REST"},{"data":"Chrysalis","floor":10.0,"key":"SMITH"},{"floor":12.0,"key":"REST"},{"floor":15.0,"key":"REST"},{"data":"Metallicize","floor":23.0,"key":"SMITH"},{"data":"Corruption","floor":25.0,"key":"SMITH"},{"data":"Barricade","floor":29.0,"key":"SMITH"},{"data":"Juggernaut","floor":32.0,"key":"SMITH"},{"data":"Chrysalis","floor":40.0,"key":"SMITH"},{"data":"Metallicize","floor":42.0,"key":"SMITH"},{"floor":45.0,"key":"REST"},{"floor":49,"key":"RECALL"}],"neow_cost":"PERCENT_DAMAGE","seed_source_timestamp":0,"circlet_count":0,"master_deck":["Strike_R+1","Strike_R+1","Defend_R+1","Defend_R+1","Defend_R+1","Defend_R+1","Bash+1","Headbutt+1","Spot Weakness+1","Juggernaut+1","Corruption+1","Chrysalis+1","Entrench+1","Shrug It Off+1","Metallicize+1","Pommel Strike+1","Battle Trance+1","Barricade+1","Rage+1","Ghostly+1","Ghostly+1","Ghostly+1","Ghostly+1","Ghostly+1","Metallicize+1","Shrug It Off+1","Disarm+1","Armaments+1","Chrysalis+1","Flash of Steel+1","Blind+1","Body Slam+1"],"special_seed":0,"relics":["Black Blood","Smiling Mask","Boot","Whetstone","Mercury Hourglass","Ancient Tea Set","Omamori","Pear","Cursed Key","WingedGreaves","Art of War","Mark of the Bloom","Bag of Marbles"],"potions_floor_usage":[50,50],"damage_taken":[{"damage":1.0,"enemies":"2 Louse","floor":1.0,"turns":4.0},{"damage":5.0,"enemies":"Small Slimes","floor":2.0,"turns":3.0},{"damage":4.0,"enemies":"Jaw Worm","floor":5.0,"turns":5.0},{"damage":11.0,"enemies":"Blue Slaver","floor":8.0,"turns":4.0},{"damage":42.0,"enemies":"Lagavulin Event","floor":11.0,"turns":7.0},{"damage":10.0,"enemies":"Looter","floor":14.0,"turns":4.0},{"damage":13.0,"enemies":"Hexaghost","floor":16.0,"turns":10.0},{"damage":39.0,"enemies":"3 Byrds","floor":18.0,"turns":8.0},{"damage":3.0,"enemies":"2 Thieves","floor":28.0,"turns":5.0},{"damage":4.0,"enemies":"Centurion and Healer","floor":31.0,"turns":6.0},{"damage":2.0,"enemies":"Automaton","floor":33.0,"turns":11.0},{"damage":1.0,"enemies":"3 Shapes","floor":35.0,"turns":5.0},{"damage":0.0,"enemies":"3 Darklings","floor":37.0,"turns":9.0},{"damage":17.0,"enemies":"2 Orb Walkers","floor":38.0,"turns":9.0},{"damage":8.0,"enemies":"Maw","floor":46.0,"turns":9.0},{"damage":6,"enemies":"Writhing Mass","floor":48,"turns":7},{"damage":0,"enemies":"Time Eater","floor":50,"turns":10}],"seed_played":"5315804732488651602","potions_obtained":[{"floor":5.0,"key":"Weak Potion"},{"floor":8.0,"key":"Poison Potion"},{"floor":11.0,"key":"Weak Potion"},{"floor":18.0,"key":"Strength Potion"},{"floor":28.0,"key":"Strength Potion"},{"floor":35.0,"key":"Ancient Potion"}],"is_trial":false,"path_per_floor":["M","M","?","?","M","$","R","M","T","R","?","R","$","M","R","B",null,"M","?","?","?","$","R","$","R","T","T","M","R","?","M","R","B",null,"M","$","M","?","?","R","?","R","T","?","R","M","T","M","R","B",null],"character_chosen":"IRONCLAD","items_purchased":["Corruption","Chrysalis","Metallicize","Pommel Strike","Metallicize","Disarm"],"campfire_rested":4,"item_purchase_floors":[6,6,13,13,22,36],"current_hp_per_floor":[56,57,39,23,25,25,49,44,44,44,8,32,32,28,52,45,71,42,42,42,40,40,40,40,40,40,40,40,40,50,50,50,50,50,50,50,50,43,33,33,33,33,33,33,33,25,25,19,19,19],"gold":142,"neow_bonus":"TWO_FIFTY_GOLD","is_prod":false,"is_daily":false,"chose_seed":false,"campfire_upgraded":7,"win_rate":0,"timestamp":1548049467,"path_taken":["M","M","?","?","M","$","R","M","T","R","?","R","$","M","R","BOSS","M","?","?","?","$","R","$","R","T","?","M","R","?","M","R","BOSS","M","$","M","?","?","R","?","R","T","?","R","M","?","M","R","BOSS"],"build_version":"2019-01-19","purchased_purges":4,"victory":true,"max_hp_per_floor":[80,80,80,80,80,80,80,80,80,80,80,80,80,80,80,80,80,80,80,80,40,40,40,40,40,40,40,40,40,50,50,50,50,50,50,50,50,50,50,50,47,47,47,47,47,47,47,47,47,47],"card_choices":[{"not_picked":["Clothesline","Bloodletting"],"picked":"Headbutt","floor":1.0},{"not_picked":["Pommel Strike","Sword Boomerang"],"picked":"Spot Weakness","floor":2.0},{"not_picked":["Metallicize","Wild Strike"],"picked":"Juggernaut","floor":5.0},{"not_picked":["Flex","Pummel"],"picked":"Entrench","floor":8.0},{"not_picked":["Spot Weakness","Uppercut"],"picked":"Shrug It Off","floor":11.0},{"not_picked":["Inflame","Sword Boomerang"],"picked":"Battle Trance","floor":14.0},{"not_picked":["Juggernaut","Demon Form"],"picked":"Barricade","floor":16.0},{"not_picked":["Armaments","Sword Boomerang"],"picked":"Rage","floor":18.0},{"not_picked":["Spot Weakness","Twin Strike","Anger+1"],"picked":"SKIP","floor":28.0},{"not_picked":["Perfected Strike","Clothesline"],"picked":"Shrug It Off+1","floor":31.0},{"not_picked":["Thunderclap+1","Clash","Burning Pact+1"],"picked":"SKIP","floor":35.0},{"not_picked":["Cleave+1","Shrug It Off"],"picked":"Armaments+1","floor":37.0},{"not_picked":["Bandage Up","Secret Technique"],"picked":"Chrysalis","floor":39.0},{"not_picked":["Blind","Transmutation"],"picked":"Flash of Steel","floor":39.0},{"not_picked":["Good Instincts","Bandage Up"],"picked":"Blind","floor":39.0},{"not_picked":["Armaments","Hemokinesis"],"picked":"Body Slam+1","floor":46.0},{"not_picked":["Clash+1","Clothesline","Perfected Strike+1"],"picked":"SKIP","floor":48}],"player_experience":443055,"relics_obtained":[{"floor":9.0,"key":"Boot"},{"floor":11.0,"key":"Whetstone"},{"floor":26.0,"key":"Ancient Tea Set"},{"floor":27.0,"key":"Omamori"},{"floor":38.0,"key":"WingedGreaves"},{"floor":43.0,"key":"Art of War"},{"floor":47.0,"key":"Bag of Marbles"}],"event_choices":[{"damage_healed":0.0,"max_hp_gain":0.0,"max_hp_loss":0.0,"gold_gain":0.0,"event_name":"Scrap Ooze","player_choice":"Success","floor":3.0,"gold_loss":0.0,"damage_taken":18.0,"relics_obtained":["Smiling Mask"]},{"damage_healed":0.0,"max_hp_gain":0.0,"max_hp_loss":0.0,"gold_gain":0.0,"event_name":"Shining Light","player_choice":"Entered Light","floor":4.0,"gold_loss":0.0,"damage_taken":16.0,"cards_upgraded":["Strike_R","Spot Weakness"]},{"damage_healed":0.0,"max_hp_gain":0.0,"max_hp_loss":0.0,"gold_gain":0.0,"event_name":"Dead Adventurer","player_choice":"Searched \u00272\u0027 times","floor":11.0,"gold_loss":0.0,"damage_taken":0.0},{"damage_healed":0.0,"max_hp_gain":0.0,"max_hp_loss":0.0,"gold_gain":0.0,"event_name":"The Mausoleum","player_choice":"Opened","floor":19.0,"gold_loss":0.0,"damage_taken":0.0,"relics_obtained":["Mercury Hourglass"],"cards_obtained":["Writhe"]},{"damage_healed":0.0,"max_hp_gain":0.0,"max_hp_loss":0.0,"gold_gain":0.0,"event_name":"Back to Basics","player_choice":"Simplicity","floor":20.0,"gold_loss":0.0,"damage_taken":0.0,"cards_upgraded":["Strike_R","Defend_R","Defend_R","Defend_R","Defend_R"]},{"damage_healed":0.0,"max_hp_gain":0.0,"max_hp_loss":40.0,"gold_gain":0.0,"event_name":"Ghosts","player_choice":"Became a Ghost","floor":21.0,"gold_loss":0.0,"damage_taken":0.0,"cards_obtained":["Ghostly","Ghostly","Ghostly","Ghostly","Ghostly"]},{"damage_healed":0.0,"max_hp_gain":0.0,"max_hp_loss":0.0,"gold_gain":0.0,"event_name":"Addict","player_choice":"Obtained Relic","floor":30.0,"gold_loss":85.0,"damage_taken":0.0,"relics_obtained":["Pear"]},{"damage_healed":0.0,"max_hp_gain":0.0,"max_hp_loss":0.0,"gold_gain":0.0,"event_name":"Mysterious Sphere","player_choice":"Fight","floor":38.0,"gold_loss":0.0,"damage_taken":0.0},{"damage_healed":0.0,"max_hp_gain":0.0,"max_hp_loss":0.0,"gold_gain":0.0,"event_name":"SensoryStone","player_choice":"Memory 3","floor":39.0,"gold_loss":0.0,"damage_taken":10.0},{"damage_healed":0.0,"max_hp_gain":0.0,"max_hp_loss":3.0,"gold_gain":0.0,"event_name":"Winding Halls","player_choice":"Max HP","floor":41.0,"gold_loss":0.0,"damage_taken":0.0},{"damage_healed":0.0,"max_hp_gain":0.0,"max_hp_loss":0.0,"gold_gain":0.0,"event_name":"MindBloom","player_choice":"Upgrade","floor":44.0,"gold_loss":0.0,"damage_taken":0.0,"cards_upgraded":["Bash","Entrench","Shrug It Off","Pommel Strike","Battle Trance","Rage","Ghostly","Ghostly","Ghostly","Ghostly","Ghostly","Disarm","Flash of Steel","Blind"],"relics_obtained":["Mark of the Bloom"]}],"is_beta":true,"boss_relics":[{"not_picked":["Runic Dome","Busted Crown"],"picked":"Black Blood"},{"not_picked":["Tiny House","Pandora\u0027s Box"],"picked":"Cursed Key"}],"items_purged_floors":[6,13,22,36],"is_endless":false,"potions_floor_spawned":[5,8,11,18,28,35],"ascension_level":7}