{"gold_per_floor":[118,138,138,63,77,106,106,125,125,138,138,163,178,189,189,189],"floor_reached":16,"playtime":527,"items_purged":["Strike_B"],"score":131,"play_id":"01758404-2363-4770-87a0-7f787055cabd","local_time":"20190123213600","is_ascension_mode":true,"campfire_choices":[{"data":"White Noise","floor":7,"key":"SMITH"},{"floor":11,"key":"REST"},{"floor":15,"key":"REST"}],"neow_cost":"NONE","seed_source_timestamp":27611086561304,"circlet_count":0,"master_deck":["Strike_B","Strike_B","Defend_B","Defend_B","Defend_B","Defend_B","Zap","Dualcast","Beam Cell","Rip and Tear","Consume","Capacitor","White Noise+1","Blizzard","Turbo+1","Double Energy+1"],"relics":["Eternal Feather","Ice Cream","Peace Pipe","Toxic Egg 2"],"potions_floor_usage":[12,14,16],"damage_taken":[{"damage":0,"enemies":"Cultist","floor":1,"turns":4},{"damage":0,"enemies":"Jaw Worm","floor":2,"turns":3},{"damage":0,"enemies":"2 Louse","floor":5,"turns":2},{"damage":33,"enemies":"Gremlin Nob","floor":6,"turns":4},{"damage":0,"enemies":"Exordium Wildlife","floor":8,"turns":3},{"damage":15,"enemies":"3 Louse","floor":10,"turns":3},{"damage":48,"enemies":"Lagavulin","floor":12,"turns":7},{"damage":11,"enemies":"Looter","floor":13,"turns":3},{"damage":0,"enemies":"Lots of Slimes","floor":14,"turns":1},{"damage":35,"enemies":"Slime Boss","floor":16,"turns":3}],"seed_played":"-6256509531263601200","potions_obtained":[{"floor":5,"key":"Explosive Potion"},{"floor":8,"key":"Energy Potion"},{"floor":12,"key":"Dexterity Potion"},{"floor":13,"key":"SpeedPotion"}],"is_trial":false,"path_per_floor":["M","M","?","$","M","E","R","M","T","M","R","E","M","M","R","B"],"character_chosen":"DEFECT","items_purchased":[],"campfire_rested":2,"item_purchase_floors":[],"current_hp_per_floor":[75,75,75,75,75,42,48,48,48,33,61,13,2,2,33,0],"gold":189,"neow_bonus":"BOSS_RELIC","is_prod":false,"is_daily":false,"chose_seed":false,"campfire_upgraded":1,"win_rate":0,"timestamp":1548297360,"path_taken":["M","M","?","$","M","E","R","M","T","M","R","E","M","M","R","BOSS"],"build_version":"2019-01-23","purchased_purges":1,"victory":false,"max_hp_per_floor":[75,75,75,75,75,75,75,75,75,75,75,75,75,75,75,75],"card_choices":[{"not_picked":["Redo","Doom and Gloom"],"picked":"Beam Cell","floor":1},{"not_picked":["Hologram","Beam Cell"],"picked":"Rip and Tear","floor":2},{"not_picked":["Cold Snap","Force Field"],"picked":"Capacitor","floor":5},{"not_picked":["Loop","Steam"],"picked":"White Noise","floor":6},{"not_picked":["Storm","Compile Driver","Sweeping Beam"],"picked":"SKIP","floor":8},{"not_picked":["Beam Cell","Conserve Battery"],"picked":"Blizzard","floor":10},{"not_picked":["Force Field","Stack"],"picked":"Turbo","floor":12},{"not_picked":["Turbo+1","Capacitor","FTL"],"picked":"SKIP","floor":13},{"not_picked":["BootSequence+1","Steam+1"],"picked":"Double Energy+1","floor":14}],"player_experience":114924,"relics_obtained":[{"floor":6,"key":"Ice Cream"},{"floor":9,"key":"Peace Pipe"},{"floor":12,"key":"Toxic Egg 2"}],"event_choices":[{"damage_healed":0,"gold_gain":0,"cards_transformed":["Strike_B"],"player_choice":"Change","damage_taken":0,"max_hp_gain":0,"max_hp_loss":0,"event_name":"Living Wall","floor":3,"gold_loss":0,"cards_obtained":["Consume"]}],"is_beta":false,"boss_relics":[],"items_purged_floors":[4],"is_endless":false,"potions_floor_spawned":[5,8,12,13],"killed_by":"Slime Boss","ascension_level":3}