{"gold_per_floor":[116,116,126,126,138,150,211,287,326,352,364,376,417,51,51,146,146,159,174,99,24,77,77,92,117,117,32,32,32,57,76,76,179,179,198,198,218,235,5,5,105,105,176,176,176,190,190,60,60,60],"floor_reached":50,"playtime":1788,"items_purged":["Strike_R","Doubt"],"score":694,"play_id":"62b3c549-5bf0-424f-97b5-3279a554a7db","local_time":"20190104220351","is_ascension_mode":true,"campfire_choices":[{"data":"Feed","floor":12.0,"key":"SMITH"},{"data":"Metamorphosis","floor":15.0,"key":"SMITH"},{"data":"Sword Boomerang","floor":23.0,"key":"SMITH"},{"data":"Rage","floor":32,"key":"SMITH"},{"data":"Violence","floor":40,"key":"SMITH"},{"data":"Flex","floor":47,"key":"SMITH"},{"data":"Chrysalis","floor":49,"key":"SMITH"}],"neow_cost":"NONE","seed_source_timestamp":0,"circlet_count":0,"master_deck":["Strike_R","Defend_R","Defend_R","Defend_R","Defend_R","Bash","Pummel","Flex+1","Heavy Blade+1","Feed+1","Pummel","Metamorphosis+1","Sword Boomerang+1","Infernal Blade+1","Rage+1","Reaper","Parasite","Parasite","Warcry+1","Violence+1","Reckless Charge","Chrysalis+1"],"special_seed":0,"relics":["Black Blood","MawBank","Tiny Chest","Boot","Odd Mushroom","Brimstone","Bag of Marbles","Meat on the Bone","The Courier","Magic Flower","Bag of Preparation","Calling Bell","Juzu Bracelet","Singing Bowl","Mango","Gambling Chip","Bottled Lightning"],"potions_floor_usage":[25,25,33,37,38,41],"damage_taken":[{"damage":2.0,"enemies":"Small Slimes","floor":1.0,"turns":5.0},{"damage":4.0,"enemies":"2 Louse","floor":3.0,"turns":3.0},{"damage":1.0,"enemies":"Cultist","floor":5.0,"turns":3.0},{"damage":6.0,"enemies":"3 Louse","floor":6.0,"turns":4.0},{"damage":10.0,"enemies":"3 Sentries","floor":7.0,"turns":8.0},{"damage":20.0,"enemies":"Lagavulin","floor":8.0,"turns":3.0},{"damage":16.0,"enemies":"Blue Slaver","floor":10.0,"turns":3.0},{"damage":15.0,"enemies":"The Mushroom Lair","floor":13.0,"turns":5.0},{"damage":25.0,"enemies":"The Guardian","floor":16.0,"turns":5.0},{"damage":2.0,"enemies":"Chosen","floor":18.0,"turns":3.0},{"damage":30.0,"enemies":"2 Thieves","floor":19.0,"turns":3.0},{"damage":0.0,"enemies":"Snecko","floor":24.0,"turns":3.0},{"damage":6,"enemies":"Book of Stabbing","floor":25,"turns":3},{"damage":37,"enemies":"Slavers","floor":30,"turns":4},{"damage":12,"enemies":"3 Cultists","floor":31,"turns":3},{"damage":33,"enemies":"Collector","floor":33,"turns":5},{"damage":37,"enemies":"3 Darklings","floor":35,"turns":4},{"damage":6,"enemies":"3 Shapes","floor":37,"turns":3},{"damage":69,"enemies":"Maw","floor":38,"turns":6},{"damage":17,"enemies":"Mind Bloom Boss Battle","floor":41,"turns":4},{"damage":14,"enemies":"Spire Growth","floor":46,"turns":3},{"damage":91,"enemies":"Donu and Deca","floor":50,"turns":3}],"seed_played":"-1381947885021280020","potions_obtained":[{"floor":4.0,"key":"FairyPotion"},{"floor":4.0,"key":"FairyPotion"},{"floor":4.0,"key":"Fire Potion"},{"floor":5.0,"key":"SteroidPotion"},{"floor":7.0,"key":"Explosive Potion"},{"floor":8.0,"key":"Swift Potion"},{"floor":13.0,"key":"Poison Potion"},{"floor":16.0,"key":"Dexterity Potion"},{"floor":19.0,"key":"SkillPotion"},{"floor":24.0,"key":"Swift Potion"},{"floor":31,"key":"FearPotion"},{"floor":33,"key":"Explosive Potion"},{"floor":35,"key":"Block Potion"},{"floor":37,"key":"BloodPotion"}],"is_trial":false,"path_per_floor":["M","?","M","?","M","M","?","E","T","M","$","R","?","$","R","B",null,"M","M","$","?","T","R","M","E","T","?","?","$","E","M","R","B",null,"M","?","M","M","$","R","?","?","T","?","?","M","R","$","R","B"],"character_chosen":"IRONCLAD","items_purchased":["Brimstone","Metamorphosis","Violence","Chrysalis"],"campfire_rested":0,"item_purchase_floors":[14,14,39,48],"current_hp_per_floor":[84,84,86,86,88,88,84,70,70,60,60,60,55,55,55,36,78,86,66,66,66,66,66,76,80,80,80,80,80,64,67,67,67,103,83,83,98,75,75,75,75,75,75,75,75,78,78,78,78,0],"gold":60,"neow_bonus":"TEN_PERCENT_HP_BONUS","is_prod":false,"is_daily":false,"chose_seed":false,"campfire_upgraded":7,"win_rate":0,"timestamp":1546639431,"path_taken":["M","?","M","?","M","?","?","E","T","M","$","R","?","?","R","BOSS","M","?","$","?","?","R","M","E","T","?","?","$","E","?","R","BOSS","M","?","M","M","$","R","?","?","T","?","?","M","R","$","R","BOSS"],"build_version":"2019-01-03v4","purchased_purges":2,"victory":false,"max_hp_per_floor":[88,88,88,88,88,88,88,88,88,88,88,88,92,92,92,92,92,92,92,92,92,92,92,92,92,92,92,92,92,96,96,96,96,110,112,106,110,112,112,112,114,114,114,114,114,116,116,116,116,116],"card_choices":[{"not_picked":["Clash","Thunderclap"],"picked":"Pummel","floor":1.0},{"not_picked":["Corruption","Entrench"],"picked":"Flex","floor":3.0},{"not_picked":["Wild Strike","Iron Wave"],"picked":"Heavy Blade","floor":5.0},{"not_picked":["Thunderclap","Cleave","Heavy Blade"],"picked":"SKIP","floor":6.0},{"not_picked":["Uppercut","Shrug It Off","Dropkick"],"picked":"SKIP","floor":8.0},{"not_picked":["Armaments","Heavy Blade"],"picked":"Feed","floor":10.0},{"not_picked":["Clash","Flex"],"picked":"Pummel","floor":13.0},{"not_picked":["Rupture","Wild Strike+1","Flex"],"picked":"SKIP","floor":18.0},{"not_picked":["Clash","Flex"],"picked":"Sword Boomerang","floor":19.0},{"not_picked":["Heavy Blade","Iron Wave","Second Wind"],"picked":"SKIP","floor":24.0},{"not_picked":["Entrench","Warcry"],"picked":"Infernal Blade+1","floor":25},{"not_picked":["Iron Wave","Twin Strike+1"],"picked":"Rage","floor":30},{"not_picked":["Ghostly Armor","True Grit","Clash"],"picked":"SKIP","floor":31},{"not_picked":["Immolate","Barricade"],"picked":"Reaper","floor":33},{"not_picked":["Warcry","Shrug It Off+1","Pommel Strike+1"],"picked":"Singing Bowl","floor":35},{"not_picked":["Power Through+1","Iron Wave+1"],"picked":"Warcry+1","floor":37},{"not_picked":["Shockwave","Cleave","Anger"],"picked":"Singing Bowl","floor":38},{"not_picked":["Sever Soul+1","Shrug It Off","Clash+1"],"picked":"Singing Bowl","floor":41},{"not_picked":["Headbutt","Sword Boomerang","Twin Strike+1"],"picked":"Singing Bowl","floor":46}],"player_experience":370210,"relics_obtained":[{"floor":7.0,"key":"MawBank"},{"floor":8.0,"key":"Tiny Chest"},{"floor":9.0,"key":"Boot"},{"floor":13.0,"key":"Odd Mushroom"},{"floor":22.0,"key":"Bag of Marbles"},{"floor":25,"key":"Meat on the Bone"},{"floor":26,"key":"The Courier"},{"floor":30,"key":"Bag of Preparation"},{"floor":34,"key":"Juzu Bracelet"},{"floor":34,"key":"Singing Bowl"},{"floor":34,"key":"Mango"},{"floor":41,"key":"Gambling Chip"},{"floor":43,"key":"Bottled Lightning"}],"event_choices":[{"damage_healed":0.0,"max_hp_gain":0.0,"max_hp_loss":0.0,"gold_gain":0.0,"cards_transformed":["Strike_R"],"event_name":"Living Wall","player_choice":"Change","floor":2.0,"gold_loss":0.0,"damage_taken":0.0,"cards_obtained":["Flame Barrier"]},{"damage_healed":0.0,"max_hp_gain":0.0,"max_hp_loss":0.0,"gold_gain":0.0,"event_name":"Lab","player_choice":"Got Potions","floor":4.0,"gold_loss":0.0,"damage_taken":0.0},{"damage_healed":0.0,"max_hp_gain":0.0,"max_hp_loss":0.0,"gold_gain":0.0,"event_name":"Dead Adventurer","player_choice":"Searched \u00271\u0027 times","floor":7.0,"gold_loss":0.0,"damage_taken":0.0},{"damage_healed":0.0,"max_hp_gain":0.0,"max_hp_loss":0.0,"gold_gain":0.0,"event_name":"Mushrooms","player_choice":"Fought Mushrooms","floor":13.0,"gold_loss":0.0,"damage_taken":0.0},{"cards_removed":["Strike_R"],"damage_healed":0.0,"max_hp_gain":0.0,"max_hp_loss":0.0,"gold_gain":0.0,"event_name":"Beggar","player_choice":"Gave Gold","floor":21.0,"gold_loss":75.0,"damage_taken":0.0},{"damage_healed":0,"gold_gain":0,"player_choice":"Obtained Relic","damage_taken":0,"relics_obtained":["Magic Flower"],"max_hp_gain":0,"max_hp_loss":0,"event_name":"Addict","floor":27,"gold_loss":85},{"damage_healed":0,"gold_gain":0,"player_choice":"Upgraded","damage_taken":0,"max_hp_gain":0,"max_hp_loss":0,"event_name":"Upgrade Shrine","floor":28,"gold_loss":0,"cards_upgraded":["Heavy Blade"]},{"damage_healed":0,"gold_gain":0,"player_choice":"Max HP","damage_taken":0,"max_hp_gain":0,"max_hp_loss":6,"event_name":"Winding Halls","floor":36,"gold_loss":0},{"damage_healed":0,"gold_gain":0,"player_choice":"Fight","damage_taken":0,"max_hp_gain":0,"max_hp_loss":0,"event_name":"MindBloom","floor":41,"gold_loss":0},{"damage_healed":0,"gold_gain":0,"cards_transformed":["Strike_R"],"player_choice":"Transformed","damage_taken":0,"max_hp_gain":0,"max_hp_loss":0,"event_name":"Transmorgrifier","floor":42,"gold_loss":0,"cards_obtained":["Reckless Charge"]},{"cards_removed":["Flame Barrier"],"damage_healed":0,"gold_gain":0,"player_choice":"Removed Skill","damage_taken":0,"max_hp_gain":0,"max_hp_loss":0,"event_name":"Falling","floor":44,"gold_loss":0},{"damage_healed":0,"gold_gain":0,"player_choice":"Ignored","damage_taken":0,"max_hp_gain":0,"max_hp_loss":0,"event_name":"Tomb of Lord Red Mask","floor":45,"gold_loss":0}],"is_beta":true,"boss_relics":[{"not_picked":["Ectoplasm","Runic Dome"],"picked":"Black Blood"},{"not_picked":["Fusion Hammer","Pandora\u0027s Box"],"picked":"Calling Bell"}],"items_purged_floors":[20,39],"is_endless":false,"potions_floor_spawned":[5,7,8,13,16,19,24,31,33,35,37],"killed_by":"Donu and Deca","ascension_level":6}