{"gold_per_floor":[18,34,45,56,74,74,89,123,149,149,184,184,184,202,202,275,275,288,288,60,78,78,78,78,94,117,117,117,132,149,159,159,236,236,250,250,250,250,266,266,300,300,300,400,400,10,10,10,10,10],"floor_reached":51,"playtime":2738,"items_purged":["Strike_B"],"score":1205,"play_id":"bdd4a9ec-f3c3-4cc2-a60a-a0b40725800d","local_time":"20190212042916","is_ascension_mode":true,"campfire_choices":[{"data":"Zap","floor":6,"key":"SMITH"},{"data":"Coolheaded","floor":10,"key":"SMITH"},{"data":"Fusion","floor":12,"key":"SMITH"},{"floor":15,"key":"REST"},{"data":"Defragment","floor":23,"key":"SMITH"},{"floor":28,"key":"REST"},{"data":"Biased Cognition","floor":32,"key":"SMITH"},{"floor":40,"key":"REST"},{"floor":42,"key":"REST"},{"data":"Apotheosis","floor":49,"key":"SMITH"}],"neow_cost":"NO_GOLD","seed_source_timestamp":1748477704057658,"circlet_count":0,"master_deck":["AscendersBane","Strike_B","Defend_B","Defend_B","Defend_B","Zap+1","Dualcast","Coolheaded+1","Rebound","Conserve Battery","Sweeping Beam","Cold Snap","Gash","Fusion+1","Rip and Tear","Biased Cognition+1","Defragment+1","Compile Driver","Cold Snap","Loop+1","Machine Learning","Conserve Battery","Gash","Creative AI","Apotheosis+1","Doom and Gloom"],"relics":["Cracked Core","StoneCalendar","Bronze Scales","Boot","Anchor","Cables","Nloth\u0027s Gift","Orichalcum","Nuclear Battery","Juzu Bracelet","Lantern","Gambling Chip","FossilizedHelix","Mango","Bottled Flame"],"potions_floor_usage":[5,5,8,33,33,41,50,50],"damage_taken":[{"damage":0,"enemies":"Cultist","floor":1,"turns":4},{"damage":4,"enemies":"2 Louse","floor":2,"turns":2},{"damage":5,"enemies":"Small Slimes","floor":3,"turns":3},{"damage":9,"enemies":"3 Louse","floor":4,"turns":3},{"damage":2,"enemies":"Exordium Thugs","floor":5,"turns":5},{"damage":2,"enemies":"Red Slaver","floor":7,"turns":3},{"damage":4,"enemies":"Lagavulin","floor":8,"turns":7},{"damage":27,"enemies":"Gremlin Nob","floor":11,"turns":5},{"damage":8,"enemies":"2 Fungi Beasts","floor":14,"turns":3},{"damage":24,"enemies":"Slime Boss","floor":16,"turns":7},{"damage":4,"enemies":"Shell Parasite","floor":18,"turns":4},{"damage":11,"enemies":"Colosseum Slavers","floor":19,"turns":4},{"damage":2,"enemies":"Chosen","floor":21,"turns":3},{"damage":1,"enemies":"Shelled Parasite and Fungi","floor":25,"turns":5},{"damage":0,"enemies":"Centurion and Healer","floor":29,"turns":7},{"damage":12,"enemies":"Snake Plant","floor":30,"turns":3},{"damage":0,"enemies":"Cultist and Chosen","floor":31,"turns":5},{"damage":19,"enemies":"Automaton","floor":33,"turns":10},{"damage":2,"enemies":"Orb Walker","floor":35,"turns":5},{"damage":15,"enemies":"3 Shapes","floor":39,"turns":3},{"damage":12,"enemies":"Reptomancer","floor":41,"turns":7},{"damage":1,"enemies":"Mind Bloom Boss Battle","floor":44,"turns":7},{"damage":34,"enemies":"Time Eater","floor":50,"turns":7}],"seed_played":"4718309955784296909","potions_obtained":[{"floor":2,"key":"Fire Potion"},{"floor":3,"key":"Strength Potion"},{"floor":4,"key":"Regen Potion"},{"floor":7,"key":"Block Potion"},{"floor":29,"key":"EssenceOfSteel"},{"floor":31,"key":"Explosive Potion"},{"floor":33,"key":"Dexterity Potion"},{"floor":39,"key":"Energy Potion"},{"floor":41,"key":"PowerPotion"}],"is_trial":false,"path_per_floor":["M","M","M","M","M","R","M","E","T","R","E","R","T","M","R","B",null,"M","?","$","M","?","R","?","M","T","?","R","M","M","M","R","B",null,"M","?","?","T","M","R","E","R","T","?","?","$","T","$","R","B",null],"character_chosen":"DEFECT","items_purchased":["Defragment","Compile Driver","Swift Potion","Doom and Gloom","Mango"],"campfire_rested":4,"item_purchase_floors":[20,20,20,46,46],"current_hp_per_floor":[64,60,55,46,58,58,56,52,52,52,25,25,25,17,38,14,57,53,42,42,40,40,40,40,39,39,39,60,60,48,48,48,29,61,59,59,59,59,44,65,53,71,71,70,70,84,84,84,84,50],"gold":10,"neow_bonus":"ONE_RARE_RELIC","is_prod":false,"is_daily":false,"chose_seed":false,"campfire_upgraded":6,"win_rate":0,"timestamp":1549913356,"path_taken":["M","M","M","M","?","R","M","E","T","R","E","R","?","M","R","BOSS","M","?","$","M","?","R","?","?","T","?","R","M","?","M","R","BOSS","M","?","?","?","M","R","E","R","T","?","?","$","?","?","R","BOSS"],"build_version":"2019-01-23","purchased_purges":1,"victory":true,"max_hp_per_floor":[71,71,71,71,71,71,71,71,71,71,71,71,71,71,71,71,71,71,71,71,71,71,71,71,71,71,71,71,71,71,71,71,71,71,71,71,71,71,71,71,71,71,71,71,71,85,85,85,85,85],"card_choices":[{"not_picked":["Hologram","Hello World"],"picked":"Coolheaded","floor":1},{"not_picked":["Recycle","Lockon"],"picked":"Rebound","floor":2},{"not_picked":["Streamline","Rebound"],"picked":"Conserve Battery","floor":3},{"not_picked":["Redo","Turbo"],"picked":"Sweeping Beam","floor":4},{"not_picked":["Storm","Turbo"],"picked":"Cold Snap","floor":5},{"not_picked":["Reprogram","Storm"],"picked":"Gash","floor":7},{"not_picked":["Rebound","Heatsinks","Recycle"],"picked":"SKIP","floor":8},{"not_picked":["Rebound","Heatsinks","Recycle"],"picked":"SKIP","floor":8},{"not_picked":["Go for the Eyes","Streamline"],"picked":"Fusion","floor":11},{"not_picked":["Self Repair","Beam Cell"],"picked":"Rip and Tear","floor":14},{"not_picked":["Machine Learning","Rainbow"],"picked":"Biased Cognition","floor":16},{"not_picked":["Go for the Eyes","Hello World+1","Stack"],"picked":"SKIP","floor":18},{"not_picked":["Scrape","Coolheaded"],"picked":"Cold Snap","floor":21},{"not_picked":["Ball Lightning","FTL"],"picked":"Loop","floor":25},{"not_picked":["Stack+1","Turbo"],"picked":"Machine Learning","floor":29},{"not_picked":["Steam Power","Barrage"],"picked":"Conserve Battery","floor":30},{"not_picked":["Ball Lightning","BootSequence"],"picked":"Gash","floor":31},{"not_picked":["Seek","Hyperbeam"],"picked":"Creative AI","floor":33},{"not_picked":["Sweeping Beam+1","Conserve Battery","Go for the Eyes"],"picked":"SKIP","floor":35},{"not_picked":["Panache","Dark Shackles"],"picked":"Apotheosis","floor":37},{"not_picked":["Conserve Battery+1","Melter","Meteor Strike"],"picked":"SKIP","floor":39},{"not_picked":["Multi-Cast","Go for the Eyes","Barrage+1"],"picked":"SKIP","floor":41}],"player_experience":977848,"relics_obtained":[{"floor":8,"key":"Bronze Scales"},{"floor":9,"key":"Boot"},{"floor":11,"key":"Anchor"},{"floor":13,"key":"Cables"},{"floor":26,"key":"Orichalcum"},{"floor":38,"key":"Juzu Bracelet"},{"floor":41,"key":"Lantern"},{"floor":43,"key":"Gambling Chip"},{"floor":44,"key":"FossilizedHelix"},{"floor":47,"key":"Bottled Flame"}],"event_choices":[{"damage_healed":0,"gold_gain":0,"player_choice":"Fight","damage_taken":0,"max_hp_gain":0,"max_hp_loss":0,"event_name":"Colosseum","floor":19,"gold_loss":0},{"damage_healed":0,"gold_gain":0,"player_choice":"Fled From Nobs","damage_taken":0,"max_hp_gain":0,"max_hp_loss":0,"event_name":"Colosseum","floor":19,"gold_loss":0},{"damage_healed":0,"gold_gain":0,"player_choice":"Ignored","damage_taken":0,"max_hp_gain":0,"max_hp_loss":0,"event_name":"Cursed Tome","floor":22,"gold_loss":0},{"damage_healed":0,"gold_gain":0,"player_choice":"Traded Relic","damage_taken":0,"relics_obtained":["Nloth\u0027s Gift"],"max_hp_gain":0,"max_hp_loss":0,"event_name":"N\u0027loth","floor":24,"relics_lost":["Empty Cage"],"gold_loss":0},{"damage_healed":0,"gold_gain":0,"player_choice":"Forge","damage_taken":0,"max_hp_gain":0,"max_hp_loss":0,"event_name":"Accursed Blacksmith","floor":27,"gold_loss":0,"cards_upgraded":["Loop"]},{"cards_removed":["Defend_B"],"damage_healed":0,"gold_gain":0,"player_choice":"Removed Skill","damage_taken":0,"max_hp_gain":0,"max_hp_loss":0,"event_name":"Falling","floor":36,"gold_loss":0},{"damage_healed":0,"gold_gain":0,"player_choice":"Memory 1","damage_taken":0,"max_hp_gain":0,"max_hp_loss":0,"event_name":"SensoryStone","floor":37,"gold_loss":0},{"damage_healed":0,"gold_gain":0,"player_choice":"Fight","damage_taken":0,"max_hp_gain":0,"max_hp_loss":0,"event_name":"MindBloom","floor":44,"gold_loss":0},{"damage_healed":0,"gold_gain":0,"player_choice":"Leave","damage_taken":0,"max_hp_gain":0,"max_hp_loss":0,"event_name":"FaceTrader","floor":45,"gold_loss":0}],"is_beta":false,"boss_relics":[{"not_picked":["Velvet Choker","Lizard Tail"],"picked":"Empty Cage"},{"not_picked":["Sozu","Coffee Dripper"],"picked":"Nuclear Battery"}],"items_purged_floors":[20],"is_endless":false,"potions_floor_spawned":[2,3,4,7,29,31,33,39,41,44],"ascension_level":15}