{"gold_per_floor":[116,80,80,99,99,132,132,86,109,109,122,139,139,152,152,257,257,257,257,212,212,212,212,212,212,212,98,98,98,98,98,98,98],"floor_reached":33,"playtime":1445,"items_purged":[],"score":289,"play_id":"e0937ead-5290-44b9-ba82-3a5833dece35","local_time":"20190202172539","is_ascension_mode":false,"campfire_choices":[{"floor":7,"key":"REST"},{"floor":10,"key":"REST"},{"data":"Whirlwind","floor":15,"key":"SMITH"},{"floor":29,"key":"REST"},{"floor":32,"key":"REST"}],"neow_cost":"NONE","seed_source_timestamp":0,"circlet_count":0,"master_deck":["Strike_R+1","Strike_R","Strike_R","Strike_R","Defend_R+1","Defend_R","Defend_R","Defend_R","Bash+1","Intimidate","Armaments","Barricade","Iron Wave","Rage","Whirlwind+1","Impervious","Heavy Blade+1","Fire Breathing","Seeing Red+1","Thunderclap+1","Cleave","Flame Barrier","Inflame","Shrug It Off+1","Perfected Strike+1","Evolve"],"special_seed":0,"relics":["Burning Blood","Vajra","Art of War","Ectoplasm","Strawberry","Darkstone Periapt","Ancient Tea Set"],"potions_floor_usage":[23,23,33],"damage_taken":[{"damage":12,"enemies":"Small Slimes","floor":1,"turns":3},{"damage":0,"enemies":"2 Louse","floor":4,"turns":3},{"damage":34,"enemies":"Gremlin Nob","floor":6,"turns":5},{"damage":6,"enemies":"Jaw Worm","floor":11,"turns":3},{"damage":15,"enemies":"Lots of Slimes","floor":12,"turns":4},{"damage":0,"enemies":"3 Louse","floor":14,"turns":1},{"damage":31,"enemies":"Slime Boss","floor":16,"turns":10},{"damage":2,"enemies":"Chosen","floor":18,"turns":6},{"damage":20,"enemies":"2 Thieves","floor":20,"turns":3},{"damage":0,"enemies":"Snecko","floor":21,"turns":6},{"damage":26,"enemies":"3 Cultists","floor":22,"turns":6},{"damage":28,"enemies":"Book of Stabbing","floor":23,"turns":6},{"damage":29,"enemies":"Snake Plant","floor":24,"turns":5},{"damage":10,"enemies":"Snecko","floor":28,"turns":5},{"damage":0,"enemies":"Centurion and Healer","floor":30,"turns":6},{"damage":24,"enemies":"Slavers","floor":31,"turns":5},{"damage":69,"enemies":"Collector","floor":33,"turns":5}],"seed_played":"2717273702187454015","potions_obtained":[{"floor":1,"key":"Fire Potion"},{"floor":4,"key":"BloodPotion"},{"floor":11,"key":"Ancient Potion"},{"floor":23,"key":"SpeedPotion"}],"is_trial":false,"path_per_floor":["M","$","?","M","?","E","R","$","T","R","M","M","?","M","R","B",null,"M","?","M","M","M","E","M","?","T","$","M","R","M","E","R","B"],"character_chosen":"IRONCLAD","items_purchased":["Intimidate","Iron Wave","Flame Barrier","Inflame"],"campfire_rested":4,"item_purchase_floors":[2,8,27,27],"current_hp_per_floor":[74,74,58,64,64,36,60,60,60,80,80,71,76,82,82,57,85,85,85,71,77,57,50,27,27,27,27,23,50,56,38,65,0],"gold":98,"neow_bonus":"UPGRADE_CARD","is_prod":false,"is_daily":false,"chose_seed":false,"campfire_upgraded":1,"win_rate":0.0,"timestamp":1549149939,"path_taken":["M","$","?","M","?","E","R","$","T","R","M","M","?","M","R","BOSS","M","?","?","M","M","E","?","?","T","$","M","R","?","E","R","BOSS"],"build_version":"2019-01-23","purchased_purges":0,"victory":false,"max_hp_per_floor":[80,80,80,80,80,80,80,80,80,80,80,80,85,85,85,85,85,85,85,85,85,85,92,92,92,92,92,92,92,92,92,92,92],"card_choices":[{"not_picked":["Corruption","Battle Trance"],"picked":"Thunderclap","floor":1},{"not_picked":["Iron Wave","Wild Strike"],"picked":"Armaments","floor":4},{"not_picked":["Double Tap","Pommel Strike"],"picked":"Barricade","floor":6},{"not_picked":["Clash","Dual Wield"],"picked":"Rage","floor":11},{"not_picked":["Rupture","Warcry"],"picked":"Whirlwind","floor":12},{"not_picked":["Body Slam","Warcry","Wild Strike"],"picked":"SKIP","floor":14},{"not_picked":["Barricade","Immolate"],"picked":"Impervious","floor":16},{"not_picked":["Cleave+1","Havoc"],"picked":"Heavy Blade+1","floor":18},{"not_picked":["Iron Wave","Heavy Blade+1"],"picked":"Fire Breathing","floor":20},{"not_picked":["Thunderclap","Flex+1"],"picked":"Seeing Red+1","floor":21},{"not_picked":["Clash","Intimidate","Searing Blow+1"],"picked":"SKIP","floor":22},{"not_picked":["Carnage","Brutality"],"picked":"Thunderclap+1","floor":23},{"not_picked":["Hemokinesis","Armaments","Iron Wave"],"picked":"SKIP","floor":24},{"not_picked":["Heavy Blade","Pummel"],"picked":"Shrug It Off+1","floor":28},{"not_picked":["Anger","Feel No Pain+1"],"picked":"Perfected Strike+1","floor":30},{"not_picked":["Thunderclap+1","Berserk"],"picked":"Evolve","floor":31}],"player_experience":73934,"relics_obtained":[{"floor":6,"key":"Vajra"},{"floor":9,"key":"Art of War"},{"floor":23,"key":"Strawberry"},{"floor":26,"key":"Darkstone Periapt"},{"floor":31,"key":"Ancient Tea Set"}],"event_choices":[{"damage_healed":0,"gold_gain":0,"player_choice":"Entered Light","damage_taken":16,"max_hp_gain":0,"max_hp_loss":0,"event_name":"Shining Light","floor":3,"gold_loss":0,"cards_upgraded":["Defend_R","Strike_R"]},{"damage_healed":0,"gold_gain":0,"player_choice":"Leave","damage_taken":0,"max_hp_gain":0,"max_hp_loss":0,"event_name":"The Cleric","floor":5,"gold_loss":0},{"damage_healed":0,"gold_gain":0,"player_choice":"Donut","damage_taken":0,"max_hp_gain":5,"max_hp_loss":0,"event_name":"Big Fish","floor":13,"gold_loss":0},{"cards_removed":["Strike_R"],"damage_healed":0,"gold_gain":0,"player_choice":"Offered Basic","damage_taken":0,"max_hp_gain":0,"max_hp_loss":0,"event_name":"Bonfire Elementals","floor":19,"gold_loss":0},{"damage_healed":0,"gold_gain":0,"cards_transformed":["Thunderclap"],"player_choice":"Transformed","damage_taken":0,"max_hp_gain":0,"max_hp_loss":0,"event_name":"Transmorgrifier","floor":25,"gold_loss":0,"cards_obtained":["Cleave"]}],"is_beta":false,"boss_relics":[{"not_picked":["Philosopher\u0027s Stone","Black Star"],"picked":"Ectoplasm"}],"items_purged_floors":[],"is_endless":false,"potions_floor_spawned":[1,4,11,12,20,21,23,30],"killed_by":"Collector","ascension_level":0}