{"gold_per_floor":[361,436,436,353,124,151,151,184,184,184,199,226,226,245,245,245,245,261,276,6,6,6,6,40,40,65,92,92,107,138,150,150,247,247,257,257,275,294,309,309,338,338,338,338,135,135,170,0,0,0],"floor_reached":51,"playtime":4344,"items_purged":["Strike_G","Strike_G","Strike_G"],"score":1183,"play_id":"e3a00b29-2598-47aa-9be0-84b6bbdb3c20","local_time":"20190211231218","is_ascension_mode":true,"campfire_choices":[{"floor":7,"key":"REST"},{"floor":10,"key":"REST"},{"floor":13,"key":"REST"},{"data":"Noxious Fumes","floor":15,"key":"SMITH"},{"data":"Noxious Fumes","floor":23,"key":"SMITH"},{"data":"Neutralize","floor":25,"key":"SMITH"},{"data":"Venomology","floor":32,"key":"SMITH"},{"data":"Infinite Blades","floor":40,"key":"SMITH"},{"data":"Backstab","floor":42,"key":"SMITH"},{"data":"Survivor","floor":44,"key":"SMITH"},{"data":"Defend_G","floor":46,"key":"SMITH"},{"floor":49,"key":"REST"}],"neow_cost":"PERCENT_DAMAGE","seed_source_timestamp":118587719868580,"circlet_count":0,"master_deck":["Defend_G","Defend_G","Defend_G","Defend_G","Defend_G+1","Strike_G","Strike_G","Survivor+1","Neutralize+1","Crippling Poison+1","Noxious Fumes+1","Venomology+1","Infinite Blades+1","Backstab+1","Deflect+1","Deflect+1","Catalyst+1","Cloak And Dagger+1","Noxious Fumes+1","Adrenaline+1","Finisher+1","PiercingWail+1","Backflip+1","Malaise+1","Prepared+1","Deflect+1","Prepared+1","Deadly Poison+1","Burst+1","Blade Dance+1","Blur+1","Terror+1","Cloak And Dagger+1","Corpse Explosion+1","Escape Plan+1"],"relics":["Ring of the Serpent","Dream Catcher","Anchor","Potion Belt","Toxic Egg 2","Calipers","Ancient Tea Set","Paper Crane","Smiling Mask","Happy Flower","Strawberry","Bag of Preparation","Art of War","Calling Bell","Centennial Puzzle","Ornamental Fan","Incense Burner","Singing Bowl","Bottled Tornado","Bronze Scales","Vajra","Red Mask"],"potions_floor_usage":[6,8,12,12,16,18,19,24,24,27,27,27,27,27,29,30,30,33,33,35,37,38,39,41,47,50,50],"damage_taken":[{"damage":0,"enemies":"2 Louse","floor":1,"turns":4},{"damage":30,"enemies":"Lagavulin","floor":6,"turns":7},{"damage":14,"enemies":"3 Sentries","floor":8,"turns":5},{"damage":0,"enemies":"Small Slimes","floor":11,"turns":4},{"damage":25,"enemies":"Gremlin Nob","floor":12,"turns":4},{"damage":0,"enemies":"Cultist","floor":14,"turns":3},{"damage":19,"enemies":"The Guardian","floor":16,"turns":7},{"damage":11,"enemies":"2 Thieves","floor":18,"turns":4},{"damage":0,"enemies":"Shell Parasite","floor":19,"turns":5},{"damage":0,"enemies":"Gremlin Leader","floor":24,"turns":6},{"damage":7,"enemies":"Slavers","floor":27,"turns":5},{"damage":3,"enemies":"Centurion and Healer","floor":29,"turns":5},{"damage":0,"enemies":"Gremlin Leader","floor":30,"turns":6},{"damage":8,"enemies":"Sentry and Sphere","floor":31,"turns":7},{"damage":4,"enemies":"Champ","floor":33,"turns":9},{"damage":12,"enemies":"3 Darklings","floor":35,"turns":3},{"damage":0,"enemies":"Orb Walker","floor":37,"turns":3},{"damage":2,"enemies":"4 Shapes","floor":38,"turns":5},{"damage":5,"enemies":"Spire Growth","floor":39,"turns":5},{"damage":0,"enemies":"Nemesis","floor":41,"turns":7},{"damage":4,"enemies":"Reptomancer","floor":47,"turns":5},{"damage":16,"enemies":"Time Eater","floor":50,"turns":6}],"seed_played":"7398693228305986865","potions_obtained":[{"floor":8,"key":"Regen Potion"},{"floor":11,"key":"Explosive Potion"},{"floor":12,"key":"FearPotion"},{"floor":24,"key":"EntropicBrew"},{"floor":31,"key":"SteroidPotion"},{"floor":33,"key":"SpeedPotion"},{"floor":41,"key":"FairyPotion"}],"is_trial":false,"path_per_floor":["M","?","?","?","$","E","R","E","T","R","M","E","R","M","R","B",null,"M","M","$","?","?","R","E","R","T","E","T","M","E","M","R","B",null,"M","?","M","M","M","R","E","R","T","R","$","R","E","?","R","B",null],"character_chosen":"THE_SILENT","items_purchased":["Noxious Fumes","Regen Potion","Backflip+1","Ancient Tea Set","Bronze Scales"],"campfire_rested":4,"item_purchase_floors":[5,5,20,20,45],"current_hp_per_floor":[45,34,34,34,34,19,40,26,26,47,47,36,57,57,57,38,62,51,51,51,51,51,51,51,51,51,71,71,68,68,60,60,56,72,60,60,72,70,65,65,65,65,65,65,65,65,61,61,79,63],"gold":0,"neow_bonus":"TWO_FIFTY_GOLD","is_prod":false,"is_daily":false,"chose_seed":false,"campfire_upgraded":8,"win_rate":0,"timestamp":1549923138,"path_taken":["M","?","?","?","$","E","R","E","T","R","M","E","R","M","R","BOSS","M","M","?","?","?","R","E","R","T","E","?","?","E","M","R","BOSS","M","?","M","M","?","R","E","R","T","R","$","R","E","?","R","BOSS"],"build_version":"2019-01-23","purchased_purges":3,"victory":true,"max_hp_per_floor":[70,70,70,70,70,70,70,70,70,70,70,70,70,70,70,70,70,70,70,70,70,70,70,70,70,70,77,77,77,77,77,77,77,77,77,77,77,77,77,77,77,77,77,77,77,77,77,77,79,79],"card_choices":[{"not_picked":["Cloak And Dagger","PiercingWail"],"picked":"Crippling Poison","floor":1},{"not_picked":["Sucker Punch","Bane"],"picked":"Venomology","floor":6},{"not_picked":["Expertise","Reflex"],"picked":"Infinite Blades","floor":7},{"not_picked":["Deadly Poison","Expertise"],"picked":"Backstab","floor":8},{"not_picked":["Blade Dance+1","Dagger Throw"],"picked":"Deflect+1","floor":10},{"not_picked":["Quick Slash","Endless Agony"],"picked":"Deflect+1","floor":11},{"not_picked":["Masterful Stab","Bane"],"picked":"Catalyst+1","floor":12},{"not_picked":["Finisher","Slice"],"picked":"Cloak And Dagger+1","floor":13},{"not_picked":["Sucker Punch","Bullet Time+1"],"picked":"Noxious Fumes","floor":14},{"not_picked":["Glass Knife","After Image"],"picked":"Adrenaline+1","floor":16},{"not_picked":["Underhanded Strike+1","Dagger Throw"],"picked":"Finisher+1","floor":18},{"not_picked":["Flying Knee","Outmaneuver+1"],"picked":"PiercingWail+1","floor":19},{"not_picked":["Sucker Punch","Quick Slash"],"picked":"Prepared+1","floor":24},{"not_picked":["Skewer","Grand Finale"],"picked":"Deflect+1","floor":27},{"not_picked":["Poisoned Stab","Slice+1","Sucker Punch+1"],"picked":"SKIP","floor":29},{"not_picked":["Eviscerate","Setup+1"],"picked":"Prepared+1","floor":30},{"not_picked":["Underhanded Strike","Riddle With Holes"],"picked":"Deadly Poison+1","floor":31},{"not_picked":["Grand Finale","A Thousand Cuts"],"picked":"Burst+1","floor":33},{"not_picked":["Slice","PiercingWail+1"],"picked":"Blade Dance+1","floor":35},{"not_picked":["Distraction+1","Riddle With Holes+1"],"picked":"Blur+1","floor":37},{"not_picked":["Backflip+1","Dash"],"picked":"Terror+1","floor":38},{"not_picked":["Prepared+1","Choke"],"picked":"Cloak And Dagger+1","floor":39},{"not_picked":["Deadly Poison+1","Glass Knife"],"picked":"Corpse Explosion+1","floor":41},{"not_picked":["Flying Knee+1","Underhanded Strike"],"picked":"Escape Plan+1","floor":47},{"not_picked":["Acrobatics+1","Blade Dance+1","Reflex+1"],"picked":"Singing Bowl","floor":49}],"player_experience":304212,"relics_obtained":[{"floor":6,"key":"Anchor"},{"floor":8,"key":"Potion Belt"},{"floor":9,"key":"Toxic Egg 2"},{"floor":12,"key":"Calipers"},{"floor":24,"key":"Smiling Mask"},{"floor":26,"key":"Happy Flower"},{"floor":27,"key":"Strawberry"},{"floor":28,"key":"Bag of Preparation"},{"floor":30,"key":"Art of War"},{"floor":34,"key":"Centennial Puzzle"},{"floor":34,"key":"Ornamental Fan"},{"floor":34,"key":"Incense Burner"},{"floor":41,"key":"Singing Bowl"},{"floor":43,"key":"Bottled Tornado"},{"floor":47,"key":"Vajra"}],"event_choices":[{"damage_healed":0,"gold_gain":75,"player_choice":"Gather Gold","damage_taken":11,"max_hp_gain":0,"max_hp_loss":0,"event_name":"World of Goop","floor":2,"gold_loss":0},{"damage_healed":0,"gold_gain":0,"player_choice":"Grow","damage_taken":0,"max_hp_gain":0,"max_hp_loss":0,"event_name":"Living Wall","floor":3,"gold_loss":0,"cards_upgraded":["Crippling Poison"]},{"damage_healed":0,"gold_gain":0,"player_choice":"Paid Gold","damage_taken":0,"relics_obtained":["Dream Catcher"],"max_hp_gain":0,"max_hp_loss":0,"event_name":"WeMeetAgain","floor":4,"gold_loss":83},{"damage_healed":0,"gold_gain":0,"player_choice":"Read","damage_taken":0,"max_hp_gain":0,"max_hp_loss":0,"event_name":"The Library","floor":21,"gold_loss":0,"cards_obtained":["Malaise"]},{"damage_healed":0,"gold_gain":0,"player_choice":"Stole Relic","damage_taken":0,"relics_obtained":["Paper Crane"],"max_hp_gain":0,"max_hp_loss":0,"event_name":"Addict","floor":22,"gold_loss":0,"cards_obtained":["Shame"]},{"cards_removed":["Pain","Pain","Clumsy","Shame"],"damage_healed":0,"gold_gain":0,"player_choice":"Removed Curses","damage_taken":0,"max_hp_gain":0,"max_hp_loss":0,"event_name":"Fountain of Cleansing","floor":36,"gold_loss":0},{"damage_healed":0,"gold_gain":0,"player_choice":"Paid","damage_taken":0,"relics_obtained":["Red Mask"],"max_hp_gain":0,"max_hp_loss":0,"event_name":"Tomb of Lord Red Mask","floor":48,"gold_loss":170}],"is_beta":false,"boss_relics":[{"not_picked":["White Beast Statue","Tiny House"],"picked":"Ring of the Serpent"},{"not_picked":["Empty Cage","Runic Dome"],"picked":"Calling Bell"}],"items_purged_floors":[5,20,45],"is_endless":false,"potions_floor_spawned":[8,11,12,24,29,31,33,38,41],"ascension_level":8}