{"gold_per_floor":[112,62,62,81,94,122,122,147,223,223,38,50,65,84,84,187,187,206,206,225,324,62,62,74,74,74,74,86,9,9],"floor_reached":30,"playtime":1116,"items_purged":["Force Field"],"score":288,"play_id":"ec17ea52-5dfe-4616-9472-c113c0b35b45","local_time":"20180829204928","is_ascension_mode":true,"campfire_choices":[{"floor":7,"key":"REST"},{"data":"Dualcast","floor":10,"key":"SMITH"},{"floor":15,"key":"REST"},{"data":"Secret Weapon","floor":23,"key":"SMITH"},{"data":"Zap","floor":25,"key":"SMITH"},{"data":"Chaos","floor":27,"key":"SMITH"}],"neow_cost":"PERCENT_DAMAGE","seed_source_timestamp":1231794670922836,"circlet_count":0,"master_deck":["Strike_B","Strike_B","Defend_B","Defend_B","Defend_B","Zap+1","Dualcast+1","All For One","Streamline","Chaos+1","Steam","Echo Form","FTL","Panache","BootSequence","Gash","Core Surge","Recycle","Secret Weapon+1","Gash","Beam Cell"],"relics":["Cracked Core","Sundial","DataDisk","Symbiotic Virus","Nuclear Battery","Letter Opener"],"potions_floor_usage":[8,24,28],"damage_taken":[{"damage":2,"enemies":"Jaw Worm","floor":1,"turns":3},{"damage":0,"enemies":"2 Louse","floor":4,"turns":1},{"damage":4,"enemies":"Small Slimes","floor":5,"turns":3},{"damage":20,"enemies":"Lagavulin","floor":6,"turns":6},{"damage":28,"enemies":"Gremlin Nob","floor":8,"turns":4},{"damage":7,"enemies":"Red Slaver","floor":12,"turns":3},{"damage":4,"enemies":"3 Louse","floor":13,"turns":3},{"damage":9,"enemies":"Exordium Thugs","floor":14,"turns":3},{"damage":18,"enemies":"Hexaghost","floor":16,"turns":5},{"damage":9,"enemies":"2 Thieves","floor":18,"turns":3},{"damage":5,"enemies":"3 Byrds","floor":20,"turns":4},{"damage":22,"enemies":"Snecko","floor":24,"turns":4},{"damage":31,"enemies":"Shelled Parasite and Fungi","floor":28,"turns":4},{"damage":21,"enemies":"Gremlin Leader","floor":30,"turns":4}],"seed_played":"3822843660653675407","potions_obtained":[{"floor":4,"key":"Regen Potion"},{"floor":8,"key":"SneckoOil"},{"floor":16,"key":"Regen Potion"},{"floor":28,"key":"Energy Potion"}],"is_trial":false,"path_per_floor":["M","?","?","M","M","E","R","E","T","R","$","M","M","M","R","B",null,"M","?","M","?","$","R","M","R","T","R","M","$"],"character_chosen":"DEFECT","items_purchased":["Panache","Secret Weapon","Gash","Beam Cell"],"campfire_rested":2,"item_purchase_floors":[11,22,29,29],"current_hp_per_floor":[52,52,52,52,48,28,50,34,34,34,34,27,23,14,36,18,75,66,66,61,61,61,61,39,39,39,39,13,13,0],"gold":9,"neow_bonus":"THREE_RARE_CARDS","is_prod":false,"is_daily":false,"chose_seed":false,"campfire_upgraded":4,"win_rate":0,"timestamp":1535572168,"path_taken":["M","?","?","M","?","E","R","E","T","R","$","M","M","M","R","BOSS","M","?","M","?","$","R","?","R","T","R","M","$","E"],"build_version":"2018-08-28","purchased_purges":1,"victory":false,"max_hp_per_floor":[75,75,75,75,75,75,75,75,75,75,75,75,75,75,75,75,75,75,75,75,75,75,75,75,75,75,75,75,75,75],"card_choices":[{"not_picked":["Hyperbeam","Reboot"],"picked":"All For One","floor":0},{"not_picked":["Ball Lightning","Rebound"],"picked":"Streamline","floor":1},{"not_picked":["Blizzard","Turbo"],"picked":"Chaos","floor":4},{"not_picked":["Fusion","Redo"],"picked":"Steam","floor":5},{"not_picked":["Streamline","Sweeping Beam"],"picked":"Echo Form","floor":6},{"not_picked":["Streamline","Darkness"],"picked":"FTL","floor":8},{"not_picked":["Darkness","Consume"],"picked":"BootSequence","floor":12},{"not_picked":["Rebound","Coolheaded","Undo"],"picked":"SKIP","floor":13},{"not_picked":["Conserve Battery","Leap"],"picked":"Gash","floor":14},{"not_picked":["Thunder Strike","Multi-Cast"],"picked":"Core Surge","floor":16},{"not_picked":["Leap","Turbo"],"picked":"Recycle","floor":18},{"not_picked":["Auto Shields+1","Stack","Sweeping Beam+1"],"picked":"SKIP","floor":20},{"not_picked":["Steam","Consume","Hologram"],"picked":"SKIP","floor":24},{"not_picked":["Conserve Battery","Biased Cognition","Coolheaded"],"picked":"SKIP","floor":28}],"player_experience":278653,"relics_obtained":[{"floor":6,"key":"Sundial"},{"floor":8,"key":"DataDisk"},{"floor":9,"key":"Symbiotic Virus"},{"floor":26,"key":"Letter Opener"}],"event_choices":[{"event_name":"The Cleric","player_choice":"Card Removal","floor":2,"damage_taken":0},{"event_name":"Bonfire Elementals","player_choice":"BASIC","floor":3,"damage_taken":0},{"event_name":"Transmorgrifier","player_choice":"Transform","floor":19,"damage_taken":0},{"event_name":"Nest","player_choice":"Stole From Cult","floor":21,"damage_taken":0}],"is_beta":true,"boss_relics":[{"not_picked":["Fusion Hammer","Eternal Feather"],"picked":"Nuclear Battery"}],"items_purged_floors":[22],"is_endless":false,"potions_floor_spawned":[4,8,16,28],"killed_by":"Gremlin Leader","ascension_level":4}