{"gold_per_floor":[110,122,138,138,138,138,164,184,184,197,197,372,372,399,411,423],"floor_reached":16,"playtime":599,"items_purged":[],"score":119,"play_id":"8e5f94b3-61e0-4116-af7a-75fef7b7617f","local_time":"20190209234902","is_ascension_mode":true,"campfire_choices":[{"floor":6,"key":"DIG"},{"floor":11,"key":"DIG"},{"floor":13,"key":"DIG"},{"floor":15,"key":"REST"}],"neow_cost":"TEN_PERCENT_HP_LOSS","seed_source_timestamp":28838991905867,"circlet_count":0,"master_deck":["Strike_R","Strike_R","Strike_R","Strike_R","Strike_R","Defend_R","Defend_R","Defend_R","Defend_R","Bash","Armaments","Disarm","Cleave","Iron Wave","Seeing Red","Doubt"],"relics":["Burning Blood","Shovel","Ancient Tea Set","Spirit Poop","Gambling Chip","Dead Branch","Dodecahedron","Lantern","Anchor","MawBank"],"potions_floor_usage":[7,8,16],"damage_taken":[{"damage":21,"enemies":"Jaw Worm","floor":1,"turns":5},{"damage":2,"enemies":"2 Louse","floor":2,"turns":5},{"damage":3,"enemies":"Cultist","floor":3,"turns":4},{"damage":39,"enemies":"Lagavulin","floor":7,"turns":10},{"damage":15,"enemies":"Large Slime","floor":8,"turns":9},{"damage":11,"enemies":"Exordium Wildlife","floor":10,"turns":4},{"damage":46,"enemies":"Slime Boss","floor":16,"turns":9}],"seed_played":"8238835323182956034","potions_obtained":[{"floor":1,"key":"Dexterity Potion"},{"floor":7,"key":"EssenceOfSteel"},{"floor":10,"key":"Weak Potion"}],"is_trial":false,"path_per_floor":["M","M","M","?","?","R","E","M","T","M","R","?","R","T","R","B"],"character_chosen":"IRONCLAD","items_purchased":[],"campfire_rested":1,"item_purchase_floors":[],"current_hp_per_floor":[57,61,64,64,64,64,31,22,22,17,17,17,17,17,38,0],"gold":423,"neow_bonus":"ONE_RARE_RELIC","is_prod":false,"is_daily":false,"chose_seed":false,"campfire_upgraded":0,"win_rate":0,"timestamp":1549752542,"path_taken":["M","M","M","?","?","R","E","?","T","M","R","?","R","?","R","BOSS"],"build_version":"2019-01-23","purchased_purges":0,"victory":false,"max_hp_per_floor":[72,72,72,72,72,72,72,72,72,72,72,72,72,72,72,72],"card_choices":[{"not_picked":["Combust","Headbutt"],"picked":"Armaments","floor":1},{"not_picked":["Clothesline","Wild Strike"],"picked":"Disarm","floor":2},{"not_picked":["Flex","Anger","Clothesline"],"picked":"SKIP","floor":3},{"not_picked":["Searing Blow","Carnage"],"picked":"Cleave","floor":7},{"not_picked":["Wild Strike","Armaments"],"picked":"Iron Wave","floor":8},{"not_picked":["Limit Break","Cleave"],"picked":"Seeing Red","floor":10}],"player_experience":275126,"relics_obtained":[{"floor":6,"key":"Gambling Chip"},{"floor":7,"key":"Dead Branch"},{"floor":9,"key":"Dodecahedron"},{"floor":11,"key":"Lantern"},{"floor":13,"key":"Anchor"},{"floor":14,"key":"MawBank"}],"event_choices":[{"damage_healed":0,"gold_gain":0,"player_choice":"Box","damage_taken":0,"relics_obtained":["Ancient Tea Set"],"max_hp_gain":0,"max_hp_loss":0,"event_name":"Big Fish","floor":4,"gold_loss":0,"cards_obtained":["Regret"]},{"cards_removed":["Regret"],"damage_healed":0,"gold_gain":0,"player_choice":"Offered Curse","damage_taken":0,"relics_obtained":["Spirit Poop"],"max_hp_gain":0,"max_hp_loss":0,"event_name":"Bonfire Elementals","floor":5,"gold_loss":0},{"damage_healed":0,"gold_gain":175,"player_choice":"AGREE","damage_taken":0,"max_hp_gain":0,"max_hp_loss":0,"event_name":"Liars Game","floor":12,"gold_loss":0,"cards_obtained":["Doubt"]}],"is_beta":false,"boss_relics":[],"items_purged_floors":[],"is_endless":false,"potions_floor_spawned":[1,7,10],"killed_by":"Slime Boss","ascension_level":4}