{"gold_per_floor":[114,137,150,60,60,85,85,117,117,117,132,132,57,73,73,151,151,161,181,181,1,20,20,82,82,131,157,180,205,221,234,234,234],"floor_reached":33,"playtime":943,"items_purged":["Decay","Decay"],"score":552,"play_id":"fe97bf0d-89fd-4157-8b13-bcce48684d50","local_time":"20190209030112","is_ascension_mode":true,"campfire_choices":[{"floor":7,"key":"REST"},{"floor":12,"key":"REST"},{"data":"Shockwave","floor":15,"key":"SMITH"},{"data":"Immolate","floor":23,"key":"SMITH"},{"floor":25,"key":"REST"},{"floor":32,"key":"REST"}],"neow_cost":"CURSE","seed_source_timestamp":567209901789013,"circlet_count":0,"master_deck":["AscendersBane","Strike_R+1","Strike_R","Strike_R","Strike_R","Defend_R","Defend_R","Defend_R","Defend_R","Bash+1","Seeing Red","True Grit","Shockwave+1","Spot Weakness","Metallicize","Dropkick","Immolate+1","Heavy Blade","Cleave+1","Metallicize","Shrug It Off","Regret","Regret","Clumsy","Battle Trance"],"relics":["Burning Blood","Regal Pillow","Dream Catcher","Whetstone","Dodecahedron","Cursed Key","Tiny Chest","Strawberry","Du-Vu Doll","Happy Flower","PreservedInsect"],"potions_floor_usage":[6,18,19,27,33,33],"damage_taken":[{"damage":12,"enemies":"Cultist","floor":1,"turns":5},{"damage":15,"enemies":"Small Slimes","floor":3,"turns":4},{"damage":40,"enemies":"Gremlin Nob","floor":6,"turns":6},{"damage":52,"enemies":"Lagavulin","floor":8,"turns":9},{"damage":7,"enemies":"Jaw Worm","floor":11,"turns":6},{"damage":6,"enemies":"Blue Slaver","floor":14,"turns":3},{"damage":55,"enemies":"The Guardian","floor":16,"turns":16},{"damage":21,"enemies":"Shell Parasite","floor":18,"turns":4},{"damage":8,"enemies":"Chosen","floor":19,"turns":3},{"damage":32,"enemies":"Snecko","floor":22,"turns":5},{"damage":21,"enemies":"Gremlin Leader","floor":24,"turns":5},{"damage":36,"enemies":"Slavers","floor":27,"turns":3},{"damage":36,"enemies":"Centurion and Healer","floor":30,"turns":3},{"damage":3,"enemies":"3 Cultists","floor":31,"turns":3},{"damage":81,"enemies":"Automaton","floor":33,"turns":6}],"seed_played":"7516298105792820928","potions_obtained":[{"floor":3,"key":"SpeedPotion"},{"floor":11,"key":"Energy Potion"},{"floor":14,"key":"Regen Potion"},{"floor":18,"key":"EssenceOfSteel"},{"floor":24,"key":"LiquidBronze"},{"floor":30,"key":"GamblersBrew"},{"floor":31,"key":"Explosive Potion"}],"is_trial":false,"path_per_floor":["M","T","M","$","?","E","R","E","T","?","M","R","$","M","R","B",null,"M","M","?","$","M","R","E","R","T","E","T","T","M","M","R","B"],"character_chosen":"IRONCLAD","items_purchased":["Shockwave","Metallicize"],"campfire_rested":4,"item_purchase_floors":[4,21],"current_hp_per_floor":[76,76,67,67,67,33,74,28,28,28,27,68,68,68,68,19,72,69,67,67,67,41,41,26,67,74,44,44,44,14,17,60,0],"gold":234,"neow_bonus":"TWENTY_PERCENT_HP_BONUS","is_prod":false,"is_daily":false,"chose_seed":false,"campfire_upgraded":2,"win_rate":0,"timestamp":1549699272,"path_taken":["M","?","M","$","?","E","R","E","T","?","?","R","$","M","R","BOSS","M","?","?","$","M","R","E","R","T","E","?","?","M","M","R","BOSS"],"build_version":"2019-01-23","purchased_purges":2,"victory":false,"max_hp_per_floor":[89,89,89,89,89,89,89,89,89,89,89,89,89,89,89,89,89,89,89,89,89,89,89,89,89,96,96,96,96,96,96,96,96],"card_choices":[{"not_picked":["Rage","Dual Wield"],"picked":"Seeing Red","floor":1},{"not_picked":["Evolve","Headbutt"],"picked":"True Grit","floor":3},{"not_picked":["Thunderclap","Clash","Seeing Red"],"picked":"SKIP","floor":6},{"not_picked":["Hemokinesis","Shrug It Off"],"picked":"Spot Weakness","floor":7},{"not_picked":["Fire Breathing","Perfected Strike"],"picked":"Metallicize","floor":8},{"not_picked":["Sentinel","Corruption","Power Through"],"picked":"SKIP","floor":11},{"not_picked":["Sentinel","Body Slam"],"picked":"Dropkick","floor":14},{"not_picked":["Bludgeon","Barricade"],"picked":"Immolate","floor":16},{"not_picked":["Dual Wield","Feel No Pain"],"picked":"Heavy Blade","floor":18},{"not_picked":["Shrug It Off","Power Through"],"picked":"Cleave+1","floor":19},{"not_picked":["Anger","Cleave","Heavy Blade+1"],"picked":"SKIP","floor":22},{"not_picked":["Dark Embrace","Thunderclap+1"],"picked":"Shrug It Off","floor":24},{"not_picked":["Sword Boomerang","Twin Strike","Clothesline"],"picked":"SKIP","floor":27},{"not_picked":["Shrug It Off","Twin Strike+1"],"picked":"Battle Trance","floor":30},{"not_picked":["Spot Weakness","Evolve","Combust"],"picked":"SKIP","floor":31}],"player_experience":260140,"relics_obtained":[{"floor":2,"key":"Regal Pillow"},{"floor":6,"key":"Dream Catcher"},{"floor":8,"key":"Whetstone"},{"floor":9,"key":"Dodecahedron"},{"floor":24,"key":"Tiny Chest"},{"floor":26,"key":"Strawberry"},{"floor":27,"key":"Du-Vu Doll"},{"floor":28,"key":"Happy Flower"},{"floor":29,"key":"PreservedInsect"}],"event_choices":[{"damage_healed":0,"gold_gain":0,"player_choice":"Ignored","damage_taken":0,"max_hp_gain":0,"max_hp_loss":0,"event_name":"Liars Game","floor":5,"gold_loss":0},{"cards_removed":["Strike_R"],"damage_healed":0,"gold_gain":0,"player_choice":"Purged","damage_taken":0,"max_hp_gain":0,"max_hp_loss":0,"event_name":"Purifier","floor":10,"gold_loss":0},{"damage_healed":0,"gold_gain":0,"player_choice":"Smashed Altar","damage_taken":0,"max_hp_gain":0,"max_hp_loss":0,"event_name":"Forgotten Altar","floor":20,"gold_loss":0,"cards_obtained":["Decay"]}],"is_beta":false,"boss_relics":[{"not_picked":["Fusion Hammer","Tiny House"],"picked":"Cursed Key"}],"items_purged_floors":[13,21],"is_endless":false,"potions_floor_spawned":[3,11,14,18,24,30,31],"killed_by":"Automaton","ascension_level":16}