{"gold_per_floor":[109,284,284,300,300,332,332,347,347,360,394,411,424,459,459,563,563,575,585,78,93,122,122,135,166,166,166,31,57,57,70,70,171,171,185,185,196,418,418,418,451,451,451,5,19,38,64,77,77,77],"floor_reached":51,"playtime":2973,"items_purged":["Doubt","Strike_G"],"score":961,"play_id":"e60612ea-5669-4405-8379-5ed69c2064d2","local_time":"20190213144501","is_ascension_mode":true,"campfire_choices":[{"data":"Dodge and Roll","floor":7.0,"key":"SMITH"},{"data":"Crippling Poison","floor":15.0,"key":"SMITH"},{"data":"Catalyst","floor":23.0,"key":"SMITH"},{"floor":27.0,"key":"REST"},{"data":"Discovery","floor":32.0,"key":"SMITH"},{"data":"Noxious Fumes","floor":40.0,"key":"SMITH"},{"floor":42.0,"key":"REST"},{"floor":49.0,"key":"REST"}],"neow_cost":"NONE","seed_source_timestamp":0,"circlet_count":0,"master_deck":["Defend_G","Defend_G","Defend_G","Strike_G","Survivor","Neutralize","Blur","Deadly Poison","Dodge and Roll+1","Poisoned Stab","Dodge and Roll","Poisoned Stab","Crippling Poison+1","Bullet Time","Noxious Fumes+1","Acrobatics","Well Laid Plans","Discovery+1","Catalyst+1","Noxious Fumes+1","Leg Sweep","Corpse Explosion","Cloak And Dagger","Die Die Die","Acrobatics+1","Flechettes+1","Sucker Punch+1","Deadly Poison+1","Cloak And Dagger+1","Burst","PiercingWail+1","Blur+1","Bouncing Flask+1"],"special_seed":0,"relics":["Ring of the Snake","NeowsBlessing","Sundial","Centennial Puzzle","Ninja Scroll","Du-Vu Doll","Boot","Black Star","Bottled Lightning","Red Mask","Frozen Egg 2","Blue Candle","Tingsha","Dream Catcher","Letter Opener","Astrolabe","Kunai","Bronze Scales","FossilizedHelix","Ice Cream","Bag of Preparation","Gambling Chip"],"potions_floor_usage":[50,50],"damage_taken":[{"damage":0.0,"enemies":"Cultist","floor":1.0,"turns":1.0},{"damage":0.0,"enemies":"2 Louse","floor":4.0,"turns":1.0},{"damage":0.0,"enemies":"Gremlin Nob","floor":6.0,"turns":1.0},{"damage":2.0,"enemies":"Small Slimes","floor":8.0,"turns":3.0},{"damage":0.0,"enemies":"Blue Slaver","floor":10.0,"turns":4.0},{"damage":7.0,"enemies":"3 Sentries","floor":11.0,"turns":13.0},{"damage":0.0,"enemies":"2 Fungi Beasts","floor":12.0,"turns":3.0},{"damage":0.0,"enemies":"Looter","floor":13.0,"turns":3.0},{"damage":8.0,"enemies":"Gremlin Nob","floor":14.0,"turns":3.0},{"damage":15.0,"enemies":"The Guardian","floor":16.0,"turns":11.0},{"damage":10.0,"enemies":"2 Thieves","floor":18.0,"turns":3.0},{"damage":0.0,"enemies":"Spheric Guardian","floor":19.0,"turns":3.0},{"damage":7.0,"enemies":"Cultist and Chosen","floor":21.0,"turns":7.0},{"damage":0.0,"enemies":"Masked Bandits","floor":22.0,"turns":3.0},{"damage":10.0,"enemies":"Chosen and Byrds","floor":24.0,"turns":5.0},{"damage":20.0,"enemies":"Slavers","floor":25.0,"turns":6.0},{"damage":0.0,"enemies":"Gremlin Leader","floor":29.0,"turns":5.0},{"damage":2.0,"enemies":"Snake Plant","floor":31.0,"turns":3.0},{"damage":53.0,"enemies":"Collector","floor":33.0,"turns":8.0},{"damage":9.0,"enemies":"3 Darklings","floor":35.0,"turns":4.0},{"damage":0.0,"enemies":"Orb Walker","floor":37.0,"turns":2.0},{"damage":48.0,"enemies":"Reptomancer","floor":41.0,"turns":7.0},{"damage":0.0,"enemies":"Maw","floor":45.0,"turns":4.0},{"damage":0.0,"enemies":"3 Darklings","floor":46.0,"turns":3.0},{"damage":17.0,"enemies":"Nemesis","floor":47.0,"turns":5.0},{"damage":0.0,"enemies":"Sphere and 2 Shapes","floor":48.0,"turns":4.0},{"damage":32,"enemies":"Donu and Deca","floor":50,"turns":5}],"seed_played":"4937983909811625097","potions_obtained":[{"floor":1.0,"key":"Explosive Potion"},{"floor":4.0,"key":"Ancient Potion"},{"floor":6.0,"key":"Regen Potion"},{"floor":10.0,"key":"GhostInAJar"},{"floor":13.0,"key":"Regen Potion"},{"floor":21.0,"key":"Explosive Potion"},{"floor":22.0,"key":"Dexterity Potion"},{"floor":24.0,"key":"Energy Potion"},{"floor":33.0,"key":"SneckoOil"},{"floor":37.0,"key":"Dexterity Potion"},{"floor":45.0,"key":"SkillPotion"},{"floor":48.0,"key":"Fire Potion"}],"is_trial":false,"path_per_floor":["M","?","?","M","?","E","R","M","T","M","E","M","M","E","R","B",null,"M","M","$","M","?","R","M","E","T","R","$","E","?","M","R","B",null,"M","?","M","?","?","R","E","R","T","$","M","M","E","M","R","B",null],"character_chosen":"THE_SILENT","items_purchased":["Bottled Lightning","Well Laid Plans","Discovery","Noxious Fumes+1","Leg Sweep","Ice Cream","Dexterity Potion"],"campfire_rested":3,"item_purchase_floors":[20,20,20,28,28,44,44],"current_hp_per_floor":[70,70,70,70,63,63,63,61,61,61,69,69,69,61,61,46,70,60,60,60,65,65,65,55,35,35,56,56,56,56,54,54,1,70,61,61,61,61,61,61,13,32,32,32,32,32,15,15,34,2],"gold":77,"neow_bonus":"THREE_ENEMY_KILL","is_prod":false,"is_daily":false,"chose_seed":false,"campfire_upgraded":5,"win_rate":0,"timestamp":1550090701,"path_taken":["M","?","?","M","?","E","R","M","T","M","E","M","M","E","R","BOSS","M","M","$","M","?","R","M","E","T","R","$","E","?","M","R","BOSS","M","?","M","?","?","R","E","R","T","$","M","M","E","M","R","BOSS"],"build_version":"2019-01-23","purchased_purges":2,"victory":true,"max_hp_per_floor":[70,70,70,70,70,70,70,70,70,70,70,70,70,70,70,70,70,70,70,70,70,70,70,70,70,70,70,70,70,70,70,70,70,70,70,66,66,66,66,66,66,66,66,66,66,66,66,66,66,66],"card_choices":[{"not_picked":["Heel Hook","Terror"],"picked":"Blur","floor":1.0},{"not_picked":["Blade Dance","Dagger Throw"],"picked":"Deadly Poison","floor":4.0},{"not_picked":["Calculated Gamble","Caltrops"],"picked":"Dodge and Roll","floor":6.0},{"not_picked":["Bane","Flechettes"],"picked":"Poisoned Stab","floor":8.0},{"not_picked":["Slice","Endless Agony"],"picked":"Dodge and Roll","floor":10.0},{"not_picked":["Flechettes","Reflex"],"picked":"Poisoned Stab","floor":11.0},{"not_picked":["Dodge and Roll","Setup","Expertise"],"picked":"SKIP","floor":12.0},{"not_picked":["Poisoned Stab","Grand Finale","Slice"],"picked":"SKIP","floor":13.0},{"not_picked":["Backflip","Dagger Throw"],"picked":"Crippling Poison","floor":14.0},{"not_picked":["Envenom","Wraith Form v2"],"picked":"Bullet Time","floor":16.0},{"not_picked":["Backflip","Bouncing Flask"],"picked":"Noxious Fumes","floor":18.0},{"not_picked":["Tactician+1","Slice"],"picked":"Acrobatics","floor":19.0},{"not_picked":["Deadly Poison","Sucker Punch+1"],"picked":"Catalyst","floor":21.0},{"not_picked":["Sucker Punch+1","Calculated Gamble","Slice"],"picked":"SKIP","floor":24.0},{"not_picked":["Dagger Throw","Flechettes+1","Tactician"],"picked":"SKIP","floor":25.0},{"not_picked":["Flechettes+1","Prepared"],"picked":"Corpse Explosion","floor":29.0},{"not_picked":["Slice","Distraction"],"picked":"Cloak And Dagger","floor":31.0},{"not_picked":["Bullet Time","Night Terror"],"picked":"Die Die Die","floor":33.0},{"not_picked":["Flechettes","Prepared"],"picked":"Deadly Poison+1","floor":35.0},{"not_picked":["Terror+1","Poisoned Stab+1"],"picked":"Cloak And Dagger+1","floor":37.0},{"not_picked":["Dodge and Roll+1","Concentrate+1"],"picked":"Burst","floor":41.0},{"not_picked":["Deadly Poison+1","Backflip+1"],"picked":"PiercingWail+1","floor":42.0},{"not_picked":["Flechettes","Acrobatics","Outmaneuver+1"],"picked":"SKIP","floor":45.0},{"not_picked":["Flying Knee+1","Glass Knife"],"picked":"Blur+1","floor":46.0},{"not_picked":["Flying Knee+1","Sucker Punch+1","Prepared"],"picked":"SKIP","floor":47.0},{"not_picked":["Leg Sweep","Flechettes"],"picked":"Bouncing Flask+1","floor":48.0}],"player_experience":169983,"relics_obtained":[{"floor":6.0,"key":"Centennial Puzzle"},{"floor":9.0,"key":"Ninja Scroll"},{"floor":11.0,"key":"Du-Vu Doll"},{"floor":14.0,"key":"Boot"},{"floor":22.0,"key":"Red Mask"},{"floor":25.0,"key":"Frozen Egg 2"},{"floor":25.0,"key":"Blue Candle"},{"floor":26.0,"key":"Tingsha"},{"floor":29.0,"key":"Dream Catcher"},{"floor":29.0,"key":"Letter Opener"},{"floor":41.0,"key":"Kunai"},{"floor":41.0,"key":"Bronze Scales"},{"floor":43.0,"key":"FossilizedHelix"},{"floor":47.0,"key":"Bag of Preparation"},{"floor":47.0,"key":"Gambling Chip"}],"event_choices":[{"damage_healed":0.0,"max_hp_gain":0.0,"max_hp_loss":0.0,"gold_gain":175.0,"event_name":"Liars Game","player_choice":"AGREE","floor":2.0,"gold_loss":0.0,"damage_taken":0.0,"cards_obtained":["Doubt"]},{"damage_healed":0.0,"max_hp_gain":0.0,"max_hp_loss":0.0,"gold_gain":0.0,"event_name":"Big Fish","player_choice":"Box","floor":3.0,"gold_loss":0.0,"damage_taken":0.0,"relics_obtained":["Sundial"],"cards_obtained":["Regret"]},{"cards_removed":["Regret"],"damage_healed":0.0,"max_hp_gain":0.0,"max_hp_loss":0.0,"gold_gain":0.0,"event_name":"Golden Wing","player_choice":"Card Removal","floor":5.0,"gold_loss":0.0,"damage_taken":7.0},{"damage_healed":0.0,"max_hp_gain":0.0,"max_hp_loss":0.0,"gold_gain":0.0,"event_name":"Masked Bandits","player_choice":"Fought Bandits","floor":22.0,"gold_loss":0.0,"damage_taken":0.0},{"cards_removed":["Strike_G"],"damage_healed":0.0,"max_hp_gain":0.0,"max_hp_loss":0.0,"gold_gain":0.0,"event_name":"Back to Basics","player_choice":"Elegance","floor":30.0,"gold_loss":0.0,"damage_taken":0.0},{"damage_healed":0.0,"max_hp_gain":0.0,"max_hp_loss":4.0,"gold_gain":0.0,"event_name":"Winding Halls","player_choice":"Max HP","floor":36.0,"gold_loss":0.0,"damage_taken":0.0},{"damage_healed":0.0,"max_hp_gain":0.0,"max_hp_loss":0.0,"gold_gain":222.0,"event_name":"Tomb of Lord Red Mask","player_choice":"Wore Mask","floor":38.0,"gold_loss":0.0,"damage_taken":0.0},{"cards_removed":["Defend_G"],"damage_healed":0.0,"max_hp_gain":0.0,"max_hp_loss":0.0,"gold_gain":0.0,"event_name":"Falling","player_choice":"Removed Skill","floor":39.0,"gold_loss":0.0,"damage_taken":0.0}],"is_beta":false,"boss_relics":[{"not_picked":["Tiny House","HoveringKite"],"picked":"Black Star"},{"not_picked":["Cursed Key","Calling Bell"],"picked":"Astrolabe"}],"items_purged_floors":[20,44],"is_endless":false,"potions_floor_spawned":[1,4,6,10,13,16,19,21,22,24,33,37,45,48],"ascension_level":3}