{"path_per_floor":["M","?","?","?","M","E","M","M","T","?","M","$","R","M","R","B",null,"M","$","M","$","?","?"],"character_chosen":"DEFECT","items_purchased":["Magnetism","Self Repair"],"gold_per_floor":[109,109,109,184,197,226,237,254,280,245,265,22,22,40,40,139,139,152,77,87,87,87,87,87],"floor_reached":24,"campfire_rested":1,"playtime":1172,"item_purchase_floors":[12,12],"current_hp_per_floor":[75,68,68,57,55,29,29,9,9,27,17,17,39,32,32,16,75,70,70,63,63,63,63,24],"items_purged":["Defend_B"],"gold":87,"score":216,"play_id":"6683e94c-40d4-4759-a374-c549440a9f80","local_time":"20180520220504","is_prod":false,"is_daily":false,"chose_seed":false,"is_ascension_mode":true,"campfire_upgraded":1,"timestamp":1526850304,"campfire_choices":[{"floor":13,"key":"REST"},{"data":"Magnetism","floor":15,"key":"SMITH"}],"path_taken":["M","?","?","?","M","E","M","?","T","?","M","$","R","M","R","BOSS","M","$","?","$","?","?","E"],"build_version":"2018-05-18","seed_source_timestamp":645566292424611,"purchased_purges":1,"victory":false,"master_deck":["Strike_B","Strike_B","Strike_B","Defend_B","Defend_B","Defend_B","Zap","Dualcast","Capacitor","Static Discharge","Defragment","Static Discharge","Tempest","Magnetism+1","Self Repair","Leap","Barrage","All For One","Skim","Axe Kick","Force Field","All For One","Redo","Steam","Hologram+1","Writhe"],"max_hp_per_floor":[75,75,75,75,75,75,75,75,75,75,75,75,75,75,75,75,75,75,75,75,75,75,75,75],"relics":["Cracked Core","Orichalcum","Dream Catcher","Oddly Smooth Stone","Orrery","Bag of Marbles"],"card_choices":[{"not_picked":["Coolheaded","Stack","Steam Power"],"picked":"SKIP","floor":1},{"not_picked":["Coolheaded","Sweeping Beam"],"picked":"Capacitor","floor":5},{"not_picked":["Undo","Barrage"],"picked":"Static Discharge","floor":6},{"not_picked":["Blizzard","Redo"],"picked":"Defragment","floor":7},{"not_picked":["Capacitor","Reprogram"],"picked":"Static Discharge","floor":8},{"not_picked":["Barrage","Stack"],"picked":"Tempest","floor":11},{"not_picked":["Beam Cell","Hello World"],"picked":"Leap","floor":13},{"not_picked":["Steam","Leap"],"picked":"Barrage","floor":14},{"not_picked":["Creative AI","Echo Form"],"picked":"All For One","floor":16},{"not_picked":["Go for the Eyes","Turbo"],"picked":"Skim","floor":17},{"not_picked":["Genetic Algorithm","Steam Power"],"picked":"Axe Kick","floor":17},{"not_picked":["Sweeping Beam","Chaos"],"picked":"Force Field","floor":17},{"not_picked":["Genetic Algorithm","Capacitor"],"picked":"All For One","floor":17},{"not_picked":["Ball Lightning","Conserve Battery"],"picked":"Redo","floor":17},{"not_picked":["Fusion","Steam Power"],"picked":"Steam","floor":18},{"not_picked":["Leap","Melter"],"picked":"Hologram+1","floor":20}],"player_experience":171253,"potions_floor_usage":[6,8,24],"damage_taken":[{"damage":0,"enemies":"2 Louse","floor":1,"turns":2},{"damage":2,"enemies":"Jaw Worm","floor":5,"turns":3},{"damage":26,"enemies":"Gremlin Nob","floor":6,"turns":6},{"damage":0,"enemies":"Small Slimes","floor":7,"turns":3},{"damage":20,"enemies":"Exordium Thugs","floor":8,"turns":6},{"damage":10,"enemies":"Looter","floor":11,"turns":3},{"damage":14,"enemies":"3 Louse","floor":14,"turns":4},{"damage":23,"enemies":"Slime Boss","floor":16,"turns":10},{"damage":12,"enemies":"3 Byrds","floor":18,"turns":3},{"damage":14,"enemies":"Spheric Guardian","floor":20,"turns":4},{"damage":39,"enemies":"Slavers","floor":24,"turns":3}],"relics_obtained":[{"floor":6,"key":"Dream Catcher"},{"floor":9,"key":"Oddly Smooth Stone"}],"event_choices":[{"event_name":"Scrap Ooze","player_choice":"success","floor":2,"damage_taken":7},{"event_name":"Bonfire Elementals","player_choice":"BASIC","floor":3,"damage_taken":0},{"event_name":"World of Goop","player_choice":"Gather Gold","floor":4,"damage_taken":0},{"event_name":"The Cleric","player_choice":"Healed","floor":10,"damage_taken":0},{"event_name":"Ghosts","player_choice":"Ignored","floor":22,"damage_taken":0},{"event_name":"The Mausoleum","player_choice":"Yes","floor":23,"damage_taken":0}],"boss_relics":[{"not_picked":["Lizard Tail","Runic Pyramid"],"picked":"Orrery"}],"items_purged_floors":[19],"potions_floor_spawned":[5,7,16,20],"seed_played":"9185810449151537300","killed_by":"Slavers","ascension_level":2,"potions_obtained":[{"floor":5,"key":"EssenceOfSteel"},{"floor":7,"key":"AttackPotion"},{"floor":16,"key":"Dexterity Potion"},{"floor":20,"key":"AttackPotion"}],"is_trial":false}