{"gold_per_floor":[112,112,112,123,13,40,40,60,60,60,60,60,60,13,13,109,109,128,28,28,28,28,58,58,58,58,69,69,96,96,115,115,213,213,223,7,20,33,46,71,87,87,110,110,110,110,10,23,23,23],"floor_reached":51,"playtime":3943,"items_purged":["Defend_B","Pain","Shame"],"score":709,"play_id":"e4df849d-4c0c-4d39-9f3f-42d43ce32a22","local_time":"20190113162612","is_ascension_mode":false,"campfire_choices":[{"data":"Rip and Tear","floor":7.0,"key":"SMITH"},{"data":"Rainbow","floor":10.0,"key":"SMITH"},{"data":"Glacier","floor":12.0,"key":"SMITH"},{"floor":15.0,"key":"REST"},{"floor":25.0,"key":"REST"},{"data":"Go for the Eyes","floor":28.0,"key":"SMITH"},{"data":"Coolheaded","floor":30.0,"key":"SMITH"},{"data":"Double Energy","floor":32.0,"key":"SMITH"},{"floor":44,"key":"REST"},{"data":"Echo Form","floor":46,"key":"SMITH"},{"data":"Biased Cognition","floor":49,"key":"SMITH"}],"neow_cost":"NONE","seed_source_timestamp":0,"circlet_count":0,"master_deck":["Zap","Dualcast","FTL","Rip and Tear+1","Glacier+1","Rainbow+1","Coolheaded+1","Rainbow","Capacitor+1","Go for the Eyes+1","Coolheaded+1","Echo Form+1","Double Energy+1","Chill","BootSequence","Rebound","Fusion","Panache","Flash of Steel","Blizzard+1","Biased Cognition+1","Barrage"],"special_seed":0,"relics":["Sozu","Gremlin Horn","Pear","Shuriken","WarpedTongs","Inserter","Ornamental Fan","Art of War","Nunchaku","Bottled Lightning","The Courier","Pandora\u0027s Box","Matryoshka","Potion Belt","Regal Pillow"],"potions_floor_usage":[],"damage_taken":[{"damage":0.0,"enemies":"Cultist","floor":1.0,"turns":4.0},{"damage":1.0,"enemies":"Jaw Worm","floor":4.0,"turns":4.0},{"damage":25.0,"enemies":"3 Sentries","floor":6.0,"turns":6.0},{"damage":0.0,"enemies":"Small Slimes","floor":8.0,"turns":2.0},{"damage":31.0,"enemies":"The Guardian","floor":16.0,"turns":10.0},{"damage":4.0,"enemies":"Spheric Guardian","floor":18.0,"turns":4.0},{"damage":18.0,"enemies":"Slavers","floor":23.0,"turns":6.0},{"damage":0.0,"enemies":"Shell Parasite","floor":27.0,"turns":5.0},{"damage":2.0,"enemies":"Book of Stabbing","floor":29.0,"turns":8.0},{"damage":0.0,"enemies":"Chosen and Byrds","floor":31.0,"turns":4.0},{"damage":13.0,"enemies":"Champ","floor":33.0,"turns":10.0},{"damage":3,"enemies":"3 Shapes","floor":35,"turns":4},{"damage":14,"enemies":"3 Darklings","floor":37,"turns":5},{"damage":0,"enemies":"Spire Growth","floor":38,"turns":5},{"damage":0,"enemies":"Maw","floor":39,"turns":6},{"damage":15,"enemies":"Giant Head","floor":40,"turns":8},{"damage":11,"enemies":"3 Darklings","floor":41,"turns":3},{"damage":0,"enemies":"Sphere and 2 Shapes","floor":48,"turns":4},{"damage":0,"enemies":"Awakened One","floor":50,"turns":8}],"seed_played":"5256368223519470973","potions_obtained":[],"is_trial":false,"path_per_floor":["M","?","T","M","$","E","R","M","T","R","$","R","?","$","R","B",null,"M","$","?","T","?","E","?","R","T","M","R","E","R","M","R","B",null,"M","$","M","M","M","E","M","?","T","R","?","R","$","M","R","B",null],"character_chosen":"DEFECT","items_purchased":["Rip and Tear","Coolheaded","Panache","Flash of Steel"],"campfire_rested":3,"item_purchase_floors":[5,14,36,36],"current_hp_per_floor":[75,68,68,67,67,52,52,52,52,52,52,52,52,52,77,46,85,81,81,81,81,81,63,55,80,80,80,80,78,78,78,78,65,85,82,82,68,68,68,53,42,42,42,81,81,81,81,81,81,81],"gold":23,"neow_bonus":"BOSS_RELIC","is_prod":false,"is_daily":false,"chose_seed":false,"campfire_upgraded":8,"win_rate":0.0,"timestamp":1547414772,"path_taken":["M","?","?","?","$","E","R","M","T","R","$","R","?","?","R","BOSS","M","$","?","?","?","E","?","R","T","M","R","E","R","?","R","BOSS","M","$","M","M","M","E","M","?","T","R","?","R","$","M","R","BOSS"],"build_version":"2019-01-10","purchased_purges":3,"victory":true,"max_hp_per_floor":[75,75,75,75,75,85,85,85,85,85,85,85,85,85,85,85,85,85,85,85,85,85,85,85,85,85,85,85,85,85,85,85,85,85,85,85,85,85,85,85,85,81,81,81,81,81,81,81,81,81],"card_choices":[{"not_picked":["Steam","Leap","Sweeping Beam"],"picked":"SKIP","floor":1.0},{"not_picked":["Sweeping Beam","Reinforced Body"],"picked":"FTL","floor":4.0},{"not_picked":["Reprogram","Streamline"],"picked":"Glacier","floor":6.0},{"not_picked":["Force Field","Scrape"],"picked":"Rainbow","floor":8.0},{"not_picked":["Electrodynamics","Echo Form"],"picked":"Rainbow","floor":16.0},{"not_picked":["Conserve Battery","Doom and Gloom"],"picked":"Capacitor+1","floor":18.0},{"not_picked":["BootSequence","Darkness"],"picked":"Go for the Eyes","floor":23.0},{"not_picked":["Gash","Redo"],"picked":"Coolheaded+1","floor":27.0},{"not_picked":["Thunder Strike","Lockon+1"],"picked":"Echo Form","floor":29.0},{"not_picked":["Coolheaded","Gash"],"picked":"Double Energy","floor":31.0},{"not_picked":["Gash+1","Heatsinks","Double Energy"],"picked":"SKIP","floor":35},{"not_picked":["Redo","Beam Cell"],"picked":"Blizzard+1","floor":37},{"not_picked":["Reinforced Body+1","Sweeping Beam+1","Cold Snap"],"picked":"SKIP","floor":38},{"not_picked":["Glacier","Ball Lightning","Streamline+1"],"picked":"SKIP","floor":39},{"not_picked":["Streamline","Lockon","Stack"],"picked":"SKIP","floor":40},{"not_picked":["Barrage+1","Go for the Eyes+1"],"picked":"Biased Cognition","floor":41},{"not_picked":["Gash+1","Redo","Beam Cell+1"],"picked":"SKIP","floor":48}],"player_experience":56222,"relics_obtained":[{"floor":3.0,"key":"Gremlin Horn"},{"floor":6.0,"key":"Pear"},{"floor":9.0,"key":"Shuriken"},{"floor":21.0,"key":"Ornamental Fan"},{"floor":23.0,"key":"Nunchaku"},{"floor":26.0,"key":"Bottled Lightning"},{"floor":29.0,"key":"The Courier"},{"floor":40,"key":"Matryoshka"},{"floor":43,"key":"Potion Belt"},{"floor":43,"key":"Regal Pillow"}],"event_choices":[{"cards_removed":["Strike_B"],"damage_healed":0.0,"max_hp_gain":0.0,"max_hp_loss":0.0,"gold_gain":0.0,"event_name":"Golden Wing","player_choice":"Card Removal","floor":2.0,"gold_loss":0.0,"damage_taken":7.0},{"damage_healed":0.0,"max_hp_gain":0.0,"max_hp_loss":0.0,"gold_gain":0.0,"event_name":"Accursed Blacksmith","player_choice":"Rummage","floor":13.0,"gold_loss":0.0,"damage_taken":0.0,"relics_obtained":["WarpedTongs"],"cards_obtained":["Pain"]},{"cards_removed":["Strike_B"],"damage_healed":0.0,"max_hp_gain":0.0,"max_hp_loss":0.0,"gold_gain":0.0,"event_name":"Back to Basics","player_choice":"Elegance","floor":20.0,"gold_loss":0.0,"damage_taken":0.0},{"damage_healed":0.0,"max_hp_gain":0.0,"max_hp_loss":0.0,"gold_gain":0.0,"event_name":"Addict","player_choice":"Stole Relic","floor":22.0,"gold_loss":0.0,"damage_taken":0.0,"relics_obtained":["Art of War"],"cards_obtained":["Shame"]},{"damage_healed":0.0,"max_hp_gain":0.0,"max_hp_loss":0.0,"gold_gain":0.0,"event_name":"Knowing Skull","player_choice":"","floor":24.0,"potions_obtained":[],"gold_loss":0.0,"damage_taken":8.0,"cards_obtained":[]},{"damage_healed":0,"gold_gain":0,"player_choice":"Max HP","damage_taken":0,"max_hp_gain":0,"max_hp_loss":4,"event_name":"Winding Halls","floor":42,"gold_loss":0},{"damage_healed":0,"gold_gain":0,"cards_transformed":["Heatsinks"],"player_choice":"Transformed","damage_taken":0,"max_hp_gain":0,"max_hp_loss":0,"event_name":"Transmorgrifier","floor":45,"gold_loss":0,"cards_obtained":["Barrage"]}],"is_beta":false,"boss_relics":[{"not_picked":["Orrery","Lizard Tail"],"picked":"Inserter"},{"not_picked":["Coffee Dripper","Tiny House"],"picked":"Pandora\u0027s Box"}],"items_purged_floors":[5,19,47],"is_endless":false,"potions_floor_spawned":[6,18,23,31,35,38],"ascension_level":0}