{"gold_per_floor":[15,28,43,43,54,54,89,89,162,162,162],"floor_reached":11,"playtime":309,"items_purged":[],"score":117,"play_id":"1842c887-4b78-4ee7-9cd0-16ec18dda706","local_time":"20190131212821","is_ascension_mode":true,"campfire_choices":[{"data":"Defragment","floor":6,"key":"SMITH"},{"floor":10,"key":"REST"}],"neow_cost":"NO_GOLD","seed_source_timestamp":1833612363068759,"circlet_count":0,"master_deck":["AscendersBane","Strike_B","Strike_B","Defend_B+1","Defend_B+1","Defend_B","Defend_B","Zap","Dualcast","Defragment+1","Ball Lightning","Fusion"],"relics":["Cracked Core","Ice Cream","Kunai"],"potions_floor_usage":[2,11],"damage_taken":[{"damage":0,"enemies":"2 Louse","floor":1,"turns":4},{"damage":0,"enemies":"Cultist","floor":2,"turns":3},{"damage":1,"enemies":"Small Slimes","floor":3,"turns":4},{"damage":7,"enemies":"2 Fungi Beasts","floor":5,"turns":4},{"damage":34,"enemies":"Gremlin Nob","floor":7,"turns":4},{"damage":26,"enemies":"3 Sentries","floor":11,"turns":6}],"seed_played":"-4415485104917761943","potions_obtained":[{"floor":1,"key":"GamblersBrew"},{"floor":7,"key":"Dexterity Potion"}],"is_trial":false,"path_per_floor":["M","M","M","?","M","R","E","?","T","R","E"],"character_chosen":"DEFECT","items_purchased":[],"campfire_rested":1,"item_purchase_floors":[],"current_hp_per_floor":[68,68,67,60,53,53,19,4,4,26,0],"gold":162,"neow_bonus":"REMOVE_TWO","is_prod":false,"is_daily":false,"chose_seed":false,"campfire_upgraded":1,"win_rate":0,"timestamp":1548970101,"path_taken":["M","M","M","?","?","R","E","?","T","R","E"],"build_version":"2019-01-23","purchased_purges":0,"victory":false,"max_hp_per_floor":[75,75,75,75,75,75,75,75,75,75,75],"card_choices":[{"not_picked":["Reprogram","Recycle","Steam"],"picked":"SKIP","floor":1},{"not_picked":["Leap","Storm"],"picked":"Defragment","floor":2},{"not_picked":["Conserve Battery","Streamline"],"picked":"Ball Lightning","floor":3},{"not_picked":["Hologram","Steam","Turbo"],"picked":"SKIP","floor":5},{"not_picked":["Blizzard","Sweeping Beam"],"picked":"Fusion","floor":7}],"player_experience":541993,"relics_obtained":[{"floor":7,"key":"Ice Cream"},{"floor":9,"key":"Kunai"}],"event_choices":[{"damage_healed":0,"gold_gain":0,"player_choice":"Damaged","damage_taken":7,"max_hp_gain":0,"max_hp_loss":0,"event_name":"Wheel of Change","floor":4,"gold_loss":0},{"damage_healed":0,"gold_gain":0,"player_choice":"Entered Light","damage_taken":15,"max_hp_gain":0,"max_hp_loss":0,"event_name":"Shining Light","floor":8,"gold_loss":0,"cards_upgraded":["Defend_B","Defend_B"]}],"is_beta":true,"boss_relics":[],"items_purged_floors":[],"is_endless":false,"potions_floor_spawned":[1,7],"killed_by":"3 Sentries","ascension_level":12}