{"gold_per_floor":[111,126,136,136,136,169,169,182,236,270,280,280],"floor_reached":12,"playtime":483,"items_purged":[],"score":149,"play_id":"3a302326-7a2d-4cee-9cdf-4b1727bf6ad6","local_time":"20190207025753","is_ascension_mode":true,"campfire_choices":[{"data":"Noxious Fumes","floor":7,"key":"SMITH"}],"neow_cost":"TEN_PERCENT_HP_LOSS","seed_source_timestamp":21882574510360,"circlet_count":0,"master_deck":["AscendersBane","Defend_G","Defend_G","Defend_G","Defend_G","Strike_G","Strike_G","Strike_G+1","Survivor","Neutralize","Noxious Fumes+1","Choke","Cloak And Dagger+1","PiercingWail","Escape Plan","Glass Knife","Terror"],"relics":["Ring of the Snake","Ornamental Fan","Dream Catcher","Blood Vial"],"potions_floor_usage":[6,10,12,12],"damage_taken":[{"damage":1,"enemies":"Cultist","floor":1,"turns":4},{"damage":0,"enemies":"Jaw Worm","floor":2,"turns":3},{"damage":0,"enemies":"Small Slimes","floor":3,"turns":3},{"damage":12,"enemies":"3 Sentries","floor":6,"turns":8},{"damage":1,"enemies":"Red Slaver","floor":8,"turns":3},{"damage":28,"enemies":"Lagavulin","floor":10,"turns":6},{"damage":0,"enemies":"Lots of Slimes","floor":11,"turns":5},{"damage":9,"enemies":"Gremlin Nob","floor":12,"turns":2}],"seed_played":"7816865426482573008","potions_obtained":[{"floor":2,"key":"Energy Potion"},{"floor":8,"key":"Dexterity Potion"},{"floor":10,"key":"LiquidBronze"},{"floor":11,"key":"Poison Potion"}],"is_trial":false,"path_per_floor":["M","M","M","?","?","E","R","M","T","E","M","E"],"character_chosen":"THE_SILENT","items_purchased":[],"campfire_rested":0,"item_purchase_floors":[],"current_hp_per_floor":[62,62,62,49,42,30,30,29,29,1,3,0],"gold":280,"neow_bonus":"TRANSFORM_TWO_CARDS","is_prod":false,"is_daily":false,"chose_seed":false,"campfire_upgraded":1,"win_rate":0,"timestamp":1549508273,"path_taken":["M","M","?","?","?","E","R","M","T","E","M","E"],"build_version":"2019-01-23","purchased_purges":0,"victory":false,"max_hp_per_floor":[63,63,63,63,63,63,63,63,63,63,63,63],"card_choices":[{"not_picked":["Flying Knee","Dagger Spray"],"picked":"Cloak And Dagger","floor":1},{"not_picked":["Slice","Flying Knee"],"picked":"PiercingWail","floor":2},{"not_picked":["Dodge and Roll","Quick Slash","Eviscerate"],"picked":"SKIP","floor":3},{"not_picked":["Setup","Tactician"],"picked":"Escape Plan","floor":6},{"not_picked":["Flying Knee","Acrobatics"],"picked":"Glass Knife","floor":8},{"not_picked":["Prepared","Outmaneuver","Backflip"],"picked":"SKIP","floor":10},{"not_picked":["Underhanded Strike","Concentrate"],"picked":"Terror","floor":11}],"player_experience":573675,"relics_obtained":[{"floor":6,"key":"Ornamental Fan"},{"floor":9,"key":"Dream Catcher"},{"floor":10,"key":"Blood Vial"}],"event_choices":[{"damage_healed":0,"gold_gain":0,"player_choice":"Entered Light","damage_taken":13,"max_hp_gain":0,"max_hp_loss":0,"event_name":"Shining Light","floor":4,"gold_loss":0,"cards_upgraded":["Cloak And Dagger","Strike_G"]},{"cards_removed":["Strike_G"],"damage_healed":0,"gold_gain":0,"player_choice":"Card Removal","damage_taken":7,"max_hp_gain":0,"max_hp_loss":0,"event_name":"Golden Wing","floor":5,"gold_loss":0}],"is_beta":true,"boss_relics":[],"items_purged_floors":[],"is_endless":false,"potions_floor_spawned":[2,8,10,11],"killed_by":"Gremlin Nob","ascension_level":13}