{"gold_per_floor":[114,32,32,32,49,77,89,120,120,120,138,138,158,175,175,175],"floor_reached":16,"playtime":458,"items_purged":[],"score":226,"play_id":"bad4a340-7f26-4194-8944-df8b0d0659d8","local_time":"20190206214715","is_ascension_mode":true,"campfire_choices":[{"data":"Go for the Eyes","floor":10,"key":"SMITH"},{"floor":15,"key":"REST"}],"neow_cost":"NONE","seed_source_timestamp":3294449810195,"circlet_count":0,"master_deck":["AscendersBane","Strike_B","Strike_B","Strike_B","Strike_B","Defend_B","Defend_B","Defend_B+1","Defend_B","Zap","Dualcast","Fusion+1","Flash of Steel","White Noise+1","Go for the Eyes+1","FTL","Self Repair"],"relics":["Cracked Core","NeowsBlessing","Calipers","Bird Faced Urn","Boot","Darkstone Periapt"],"potions_floor_usage":[8,16,16],"damage_taken":[{"damage":0,"enemies":"Cultist","floor":1,"turns":1},{"damage":0,"enemies":"Small Slimes","floor":5,"turns":1},{"damage":0,"enemies":"Gremlin Nob","floor":6,"turns":1},{"damage":11,"enemies":"2 Louse","floor":7,"turns":4},{"damage":20,"enemies":"Lagavulin","floor":8,"turns":6},{"damage":11,"enemies":"Looter","floor":11,"turns":2},{"damage":0,"enemies":"Exordium Wildlife","floor":13,"turns":3},{"damage":12,"enemies":"Lots of Slimes","floor":14,"turns":4},{"damage":37,"enemies":"The Guardian","floor":16,"turns":8}],"seed_played":"8689471764669159241","potions_obtained":[{"floor":1,"key":"LiquidBronze"},{"floor":7,"key":"FocusPotion"},{"floor":13,"key":"Swift Potion"}],"is_trial":false,"path_per_floor":["M","$","T","?","M","E","M","E","T","R","M","?","M","M","R","B"],"character_chosen":"DEFECT","items_purchased":["Flash of Steel"],"campfire_rested":1,"item_purchase_floors":[2],"current_hp_per_floor":[68,68,68,68,68,68,59,41,41,41,34,19,21,11,33,0],"gold":175,"neow_bonus":"THREE_ENEMY_KILL","is_prod":false,"is_daily":false,"chose_seed":false,"campfire_upgraded":1,"win_rate":0,"timestamp":1549489635,"path_taken":["M","$","?","?","M","E","M","E","T","R","M","?","M","M","R","BOSS"],"build_version":"2019-01-23","purchased_purges":0,"victory":false,"max_hp_per_floor":[75,75,75,75,75,75,75,75,75,75,75,75,75,75,75,75],"card_choices":[{"not_picked":["Turbo","Stack"],"picked":"Fusion","floor":1},{"not_picked":["Genetic Algorithm","Ball Lightning"],"picked":"White Noise","floor":5},{"not_picked":["Genetic Algorithm","Compile Driver","Sunder"],"picked":"SKIP","floor":6},{"not_picked":["Conserve Battery","Stack"],"picked":"Go for the Eyes","floor":7},{"not_picked":["Storm","Ball Lightning"],"picked":"FTL","floor":8},{"not_picked":["Barrage","Heatsinks","Doom and Gloom"],"picked":"SKIP","floor":11},{"not_picked":["Streamline","Hologram","Go for the Eyes"],"picked":"SKIP","floor":13},{"not_picked":["Gash","Reinforced Body"],"picked":"Self Repair","floor":14}],"player_experience":571020,"relics_obtained":[{"floor":3,"key":"Calipers"},{"floor":6,"key":"Bird Faced Urn"},{"floor":8,"key":"Boot"},{"floor":9,"key":"Darkstone Periapt"}],"event_choices":[{"damage_healed":0,"gold_gain":0,"player_choice":"Grow","damage_taken":0,"max_hp_gain":0,"max_hp_loss":0,"event_name":"Living Wall","floor":4,"gold_loss":0,"cards_upgraded":["Fusion"]},{"damage_healed":0,"gold_gain":0,"player_choice":"Entered Light","damage_taken":15,"max_hp_gain":0,"max_hp_loss":0,"event_name":"Shining Light","floor":12,"gold_loss":0,"cards_upgraded":["White Noise","Defend_B"]}],"is_beta":true,"boss_relics":[],"items_purged_floors":[],"is_endless":false,"potions_floor_spawned":[1,7,13],"killed_by":"The Guardian","ascension_level":13}