{"gold_per_floor":[114,264,264,264,274,274,302,302,302,327,339,372,372,22,22,96,96,108,108,8,8,22,22,32,32,109,134,134,163,182,200,200,271,271,287,287,303,320,320,320,340,374,397,432,432,432,432,19,19,19,19],"floor_reached":52,"playtime":2880,"items_purged":["Doubt","Strike_G","Writhe"],"score":1917,"play_id":"0364dcea-1f36-4343-bca6-532a41db54a6","local_time":"20190203022538","is_ascension_mode":true,"campfire_choices":[{"data":"Neutralize","floor":6.0,"key":"SMITH"},{"data":"Cloak And Dagger","floor":8.0,"key":"SMITH"},{"data":"Noxious Fumes","floor":15.0,"key":"SMITH"},{"data":"Footwork","floor":23.0,"key":"SMITH"},{"floor":25.0,"key":"REST"},{"data":"After Image","floor":28.0,"key":"SMITH"},{"floor":32.0,"key":"REST"},{"floor":40,"key":"REST"},{"floor":46,"key":"REST"},{"data":"Well Laid Plans","floor":49,"key":"SMITH"}],"neow_cost":"NONE","seed_source_timestamp":83568237433748,"circlet_count":0,"master_deck":["AscendersBane","Defend_G","Defend_G","Defend_G","Strike_G","Strike_G","Strike_G","Strike_G","Survivor","Neutralize+1","Cloak And Dagger","Tools of the Trade","Cloak And Dagger+1","Noxious Fumes+1","Predator","Infinite Blades","Tools of the Trade","PiercingWail","Footwork+1","Terror","Underhanded Strike","Poisoned Stab","After Image+1","Backstab","Blur+1","Well Laid Plans+1","Cloak And Dagger","Caltrops+1","Envenom+1","Bullet Time","Dodge and Roll+1","Finisher","After Image+1","Deflect+1","PiercingWail","Blur"],"special_seed":0,"relics":["Ring of the Snake","NeowsBlessing","Ninja Scroll","Letter Opener","Question Card","Happy Flower","Matryoshka","Philosopher\u0027s Stone","Boot","Frozen Egg 2","Ancient Tea Set","War Paint","Strawberry","Sozu","Mango","Orichalcum","Lee\u0027s Waffle"],"potions_floor_usage":[],"damage_taken":[{"damage":0.0,"enemies":"Small Slimes","floor":1.0,"turns":2.0},{"damage":0.0,"enemies":"2 Louse","floor":5.0,"turns":1.0},{"damage":0.0,"enemies":"Gremlin Nob","floor":7.0,"turns":1.0},{"damage":21.0,"enemies":"Lagavulin","floor":10.0,"turns":7.0},{"damage":0.0,"enemies":"Cultist","floor":11.0,"turns":3.0},{"damage":6.0,"enemies":"Gremlin Nob","floor":12.0,"turns":3.0},{"damage":15.0,"enemies":"The Guardian","floor":16.0,"turns":9.0},{"damage":10.0,"enemies":"Shell Parasite","floor":18.0,"turns":6.0},{"damage":3.0,"enemies":"Chosen","floor":21.0,"turns":3.0},{"damage":8.0,"enemies":"Centurion and Healer","floor":22.0,"turns":5.0},{"damage":18.0,"enemies":"Snake Plant","floor":24.0,"turns":5.0},{"damage":24.0,"enemies":"Slavers","floor":29.0,"turns":5.0},{"damage":16.0,"enemies":"Shelled Parasite and Fungi","floor":30.0,"turns":6.0},{"damage":1.0,"enemies":"Centurion and Healer","floor":31.0,"turns":6.0},{"damage":13.0,"enemies":"Automaton","floor":33.0,"turns":9.0},{"damage":9.0,"enemies":"3 Shapes","floor":35.0,"turns":6.0},{"damage":9.0,"enemies":"Orb Walker","floor":37.0,"turns":3.0},{"damage":40.0,"enemies":"Spire Growth","floor":38.0,"turns":6.0},{"damage":8,"enemies":"4 Shapes","floor":41,"turns":8},{"damage":21,"enemies":"Reptomancer","floor":42,"turns":9},{"damage":7,"enemies":"Giant Head","floor":44,"turns":9},{"damage":54,"enemies":"Time Eater","floor":50,"turns":15},{"damage":33,"enemies":"Donu and Deca","floor":51,"turns":15}],"seed_played":"6297484866961816534","potions_obtained":[{"floor":1.0,"key":"Dexterity Potion"},{"floor":10.0,"key":"FearPotion"},{"floor":11.0,"key":"GamblersBrew"},{"floor":16.0,"key":"SmokeBomb"},{"floor":24.0,"key":"Explosive Potion"},{"floor":29.0,"key":"Regen Potion"},{"floor":30.0,"key":"Swift Potion"}],"is_trial":false,"path_per_floor":["M","?","?","?","M","R","E","R","T","E","M","E","?","$","R","B",null,"M","?","$","M","M","R","M","R","T","T","R","E","M","M","R","B",null,"M","?","M","M","?","R","M","E","T","E","?","R","?","$","R","B","B",null],"character_chosen":"THE_SILENT","items_purchased":["Footwork","Terror","Underhanded Strike","Poisoned Stab","Blur","Lee\u0027s Waffle"],"campfire_rested":4,"item_purchase_floors":[14,14,14,14,48,48],"current_hp_per_floor":[59,59,54,54,54,54,54,54,54,33,33,27,27,27,27,12,53,43,43,43,40,32,32,14,33,33,33,33,16,15,14,35,22,60,51,73,64,24,24,45,37,30,30,23,40,66,66,94,94,40,7],"gold":19,"neow_bonus":"THREE_ENEMY_KILL","is_prod":false,"is_daily":false,"chose_seed":false,"campfire_upgraded":6,"win_rate":0,"timestamp":1549189538,"path_taken":["M","?","?","?","?","R","E","R","T","E","M","E","?","?","R","BOSS","M","?","$","M","M","R","M","R","T","?","R","E","M","M","R","BOSS","M","?","M","?","?","R","?","E","T","E","?","R","?","$","R","BOSS","BOSS"],"build_version":"2019-01-23","purchased_purges":3,"victory":true,"max_hp_per_floor":[66,66,66,66,66,66,66,66,66,66,66,66,66,66,66,66,66,66,66,66,66,66,66,66,66,66,66,66,73,73,73,73,73,73,73,73,73,73,73,73,73,87,87,87,87,87,87,94,94,94,94],"card_choices":[{"not_picked":["Skewer","PiercingWail"],"picked":"Cloak And Dagger","floor":1.0},{"not_picked":["Eviscerate","Concentrate"],"picked":"Cloak And Dagger","floor":5.0},{"not_picked":["Endless Agony","Heel Hook"],"picked":"Noxious Fumes","floor":7.0},{"not_picked":["Cloak And Dagger","Slice","Underhanded Strike"],"picked":"Predator","floor":10.0},{"not_picked":["Acrobatics","Cloak And Dagger","Backflip"],"picked":"Infinite Blades","floor":11.0},{"not_picked":["Quick Slash","Poisoned Stab","Slice"],"picked":"Tools of the Trade","floor":12.0},{"not_picked":["Night Terror","Grand Finale","Bullet Time"],"picked":"After Image","floor":16.0},{"not_picked":["Accuracy","Dagger Spray","Bouncing Flask"],"picked":"Backstab","floor":18.0},{"not_picked":["Quick Slash","Sucker Punch","Dodge and Roll"],"picked":"Blur","floor":22.0},{"not_picked":["Prepared","Quick Slash+1","PiercingWail"],"picked":"Well Laid Plans","floor":24.0},{"not_picked":["Doppelganger","All Out Attack","Acrobatics"],"picked":"Cloak And Dagger","floor":29.0},{"not_picked":["Dagger Throw","Sucker Punch","All Out Attack"],"picked":"Caltrops+1","floor":30.0},{"not_picked":["Underhanded Strike","Finisher","Bane"],"picked":"Envenom+1","floor":31.0},{"not_picked":["Malaise","Storm of Steel","Venomology"],"picked":"Bullet Time","floor":33.0},{"not_picked":["Dagger Spray+1","Escape Plan","Prepared"],"picked":"Riddle With Holes","floor":35.0},{"not_picked":["Sucker Punch","Poisoned Stab","Bouncing Flask+1"],"picked":"Dodge and Roll+1","floor":37.0},{"not_picked":["Dagger Spray+1","Dagger Throw","Deadly Poison"],"picked":"Finisher","floor":38.0},{"not_picked":["Well Laid Plans+1","Bane","Slice+1"],"picked":"Deflect+1","floor":41},{"not_picked":["Escape Plan","Expertise","Setup"],"picked":"PiercingWail","floor":42}],"player_experience":1118248,"relics_obtained":[{"floor":7.0,"key":"Letter Opener"},{"floor":9.0,"key":"Question Card"},{"floor":10.0,"key":"Happy Flower"},{"floor":12.0,"key":"Matryoshka"},{"floor":26.0,"key":"Boot"},{"floor":26.0,"key":"Frozen Egg 2"},{"floor":27.0,"key":"Ancient Tea Set"},{"floor":27.0,"key":"War Paint"},{"floor":29.0,"key":"Strawberry"},{"floor":42,"key":"Mango"},{"floor":44,"key":"Orichalcum"}],"event_choices":[{"damage_healed":0.0,"max_hp_gain":0.0,"max_hp_loss":0.0,"gold_gain":150.0,"event_name":"Liars Game","player_choice":"AGREE","floor":2.0,"gold_loss":0.0,"damage_taken":0.0,"cards_obtained":["Doubt"]},{"damage_healed":0.0,"max_hp_gain":0.0,"max_hp_loss":0.0,"gold_gain":0.0,"event_name":"Scrap Ooze","player_choice":"Success","floor":3.0,"gold_loss":0.0,"damage_taken":5.0,"relics_obtained":["Ninja Scroll"]},{"damage_healed":0.0,"max_hp_gain":0.0,"max_hp_loss":0.0,"gold_gain":0.0,"cards_transformed":["Defend_G"],"event_name":"Transmorgrifier","player_choice":"Transformed","floor":4.0,"gold_loss":0.0,"damage_taken":0.0,"cards_obtained":["Tools of the Trade"]},{"damage_healed":0.0,"max_hp_gain":0.0,"max_hp_loss":0.0,"gold_gain":0.0,"event_name":"Match and Keep!","player_choice":"1 cards matched","floor":13.0,"gold_loss":0.0,"damage_taken":0.0,"cards_obtained":["PiercingWail"]},{"cards_removed":["Riddle With Holes"],"damage_healed":22.0,"max_hp_gain":0.0,"max_hp_loss":0.0,"gold_gain":0.0,"event_name":"Bonfire Elementals","player_choice":"Offered Uncommon","floor":36.0,"gold_loss":0.0,"damage_taken":0.0},{"damage_healed":0,"gold_gain":0,"player_choice":"Copied","damage_taken":0,"max_hp_gain":0,"max_hp_loss":0,"event_name":"Duplicator","floor":39,"gold_loss":0,"cards_obtained":["After Image"]},{"damage_healed":17,"gold_gain":0,"player_choice":"Writhe","damage_taken":0,"max_hp_gain":0,"max_hp_loss":0,"event_name":"Winding Halls","floor":45,"gold_loss":0,"cards_obtained":["Writhe"]},{"cards_removed":["Defend_G"],"damage_healed":0,"gold_gain":0,"player_choice":"Removed Skill","damage_taken":0,"max_hp_gain":0,"max_hp_loss":0,"event_name":"Falling","floor":47,"gold_loss":0}],"is_beta":true,"boss_relics":[{"not_picked":["Tiny House","Fusion Hammer"],"picked":"Philosopher\u0027s Stone"},{"not_picked":["Eternal Feather","Orrery"],"picked":"Sozu"}],"items_purged_floors":[14,20,48],"is_endless":false,"potions_floor_spawned":[1,10,11,16,21,24,29,30,37,42],"ascension_level":20}