{"gold_per_floor":[112,112,11,11,26,60,60,21,48,87,112,157,184,228,240,353,365,387,416,440,452,20,20,40,40,40,72,172,172,188,198,198,293,293,309,328,328,348,748,748,774,774,774,774,174,194,194,208,208,208],"floor_reached":51,"playtime":5509,"items_purged":[],"score":750,"play_id":"4090dfdb-93bf-4afa-90ec-392c75ecd565","local_time":"20190127162143","is_ascension_mode":false,"campfire_choices":[{"floor":7,"key":"REST"},{"floor":15,"key":"REST"},{"floor":23,"key":"REST"},{"floor":29,"key":"REST"},{"floor":32,"key":"REST"},{"floor":40,"key":"REST"},{"floor":42,"key":"REST"},{"floor":49,"key":"REST"}],"neow_cost":"NONE","seed_source_timestamp":22887212401946,"circlet_count":0,"master_deck":["Strike_B","Strike_B","Strike_B","Strike_B","Defend_B","Defend_B","Defend_B","Defend_B","Zap+1","Dualcast","Amplify","Glacier","Genetic Algorithm","Cold Snap","Leap","Loop","Self Repair","Conserve Battery","Redo","Gash","Sweeping Beam","Gash","Biased Cognition","Gash","Ball Lightning","Barrage","Tempest","Go for the Eyes+1","Beam Cell","Melter","Lockon","Redo","Mind Blast","Melter+1","Chill","Capacitor+1","Gash+1","Darkness","All For One","Rainbow","Hologram+1","Consume+1","Enlightenment","Double Energy","Force Field","Thunder Strike"],"relics":["Cracked Core","Shuriken","Bird Faced Urn","MawBank","Vajra","Prayer Wheel","Orichalcum","Orrery","Sling","Happy Flower","MutagenicStrength","Frozen Egg 2","Pocketwatch","Torii","Ornamental Fan","Fusion Hammer","Old Coin","PreservedInsect","Unceasing Top","OrangePellets","Blood Vial","Bottled Flame"],"potions_floor_usage":[50,50],"damage_taken":[{"damage":4,"enemies":"Small Slimes","floor":1,"turns":4},{"damage":4,"enemies":"2 Louse","floor":5,"turns":2},{"damage":4,"enemies":"Lagavulin","floor":6,"turns":11},{"damage":16,"enemies":"Gremlin Nob","floor":10,"turns":5},{"damage":14,"enemies":"Jaw Worm","floor":11,"turns":4},{"damage":11,"enemies":"3 Sentries","floor":12,"turns":12},{"damage":3,"enemies":"Blue Slaver","floor":13,"turns":5},{"damage":39,"enemies":"Gremlin Nob","floor":14,"turns":5},{"damage":21,"enemies":"The Guardian","floor":16,"turns":12},{"damage":4,"enemies":"Chosen","floor":18,"turns":4},{"damage":22,"enemies":"2 Thieves","floor":19,"turns":5},{"damage":13,"enemies":"Sentry and Sphere","floor":20,"turns":5},{"damage":14,"enemies":"3 Cultists","floor":24,"turns":5},{"damage":26,"enemies":"Slavers","floor":27,"turns":5},{"damage":8,"enemies":"Colosseum Slavers","floor":28,"turns":3},{"damage":3,"enemies":"Colosseum Nobs","floor":28,"turns":4},{"damage":11,"enemies":"Snecko","floor":30,"turns":3},{"damage":0,"enemies":"Centurion and Healer","floor":31,"turns":3},{"damage":68,"enemies":"Automaton","floor":33,"turns":9},{"damage":1,"enemies":"3 Shapes","floor":35,"turns":3},{"damage":1,"enemies":"Orb Walker","floor":36,"turns":2},{"damage":23,"enemies":"Sphere and 2 Shapes","floor":38,"turns":4},{"damage":2,"enemies":"Mind Bloom Boss Battle","floor":39,"turns":6},{"damage":34,"enemies":"Nemesis","floor":41,"turns":5},{"damage":15,"enemies":"Transient","floor":46,"turns":5},{"damage":44,"enemies":"Writhing Mass","floor":48,"turns":6},{"damage":37,"enemies":"Awakened One","floor":50,"turns":13}],"seed_played":"5249770632643717498","potions_obtained":[{"floor":5,"key":"SpeedPotion"},{"floor":11,"key":"Explosive Potion"},{"floor":16,"key":"FocusPotion"},{"floor":19,"key":"Ancient Potion"}],"is_trial":false,"path_per_floor":["M","?","$","?","M","E","R","$","T","E","M","E","M","E","R","B",null,"M","M","M","?","$","R","M","?","T","E","?","R","M","M","R","B",null,"M","M","?","M","?","R","E","R","T","?","$","M","?","M","R","B",null],"character_chosen":"DEFECT","items_purchased":["Genetic Algorithm","Cold Snap","Self Repair","Mind Blast","Sling","Happy Flower","OrangePellets","Blood Vial","Bottled Flame"],"campfire_rested":8,"item_purchase_floors":[3,3,8,22,22,22,45,45,45],"current_hp_per_floor":[71,71,71,64,60,56,75,75,75,59,65,74,75,44,66,49,75,71,51,51,51,51,73,61,61,61,50,43,65,58,60,75,11,75,74,73,68,47,54,75,50,72,72,72,72,69,69,27,49,20],"gold":208,"neow_bonus":"ONE_RANDOM_RARE_CARD","is_prod":false,"is_daily":false,"chose_seed":false,"campfire_upgraded":0,"win_rate":0.0,"timestamp":1548627703,"path_taken":["M","?","$","?","M","E","R","$","T","E","M","E","M","E","R","BOSS","M","M","M","?","$","R","M","?","T","E","?","R","M","M","R","BOSS","M","M","?","M","?","R","E","R","T","?","$","?","?","M","R","BOSS"],"build_version":"2019-01-23","purchased_purges":0,"victory":true,"max_hp_per_floor":[75,75,75,75,75,75,75,75,75,75,75,75,75,75,75,75,75,75,75,75,75,75,75,75,75,75,75,75,75,75,75,75,75,75,75,75,75,75,75,75,75,75,75,75,75,75,75,75,75,75],"card_choices":[{"not_picked":["Sweeping Beam","Cold Snap"],"picked":"Glacier","floor":1},{"not_picked":["Cold Snap","Ball Lightning"],"picked":"Leap","floor":5},{"not_picked":["Scrape","Leap"],"picked":"Loop","floor":6},{"not_picked":["Chaos","Coolheaded"],"picked":"Conserve Battery","floor":10},{"not_picked":["Ball Lightning","Reboot"],"picked":"Redo","floor":11},{"not_picked":["Beam Cell","Sweeping Beam"],"picked":"Storm","floor":12},{"not_picked":["Hologram","Leap"],"picked":"Gash","floor":13},{"not_picked":["Go for the Eyes","Static Discharge"],"picked":"Sweeping Beam","floor":13},{"not_picked":["Barrage","Buffer"],"picked":"Gash","floor":14},{"not_picked":["Amplify","Seek"],"picked":"Biased Cognition","floor":16},{"not_picked":["Blizzard","Streamline"],"picked":"Gash","floor":17},{"not_picked":["Hello World","Storm"],"picked":"Ball Lightning","floor":17},{"not_picked":["Coolheaded","Loop"],"picked":"Barrage","floor":17},{"not_picked":["Sweeping Beam","Barrage"],"picked":"Tempest","floor":17},{"not_picked":["Skim","Sweeping Beam"],"picked":"Reprogram","floor":17},{"not_picked":["Coolheaded","Fission"],"picked":"Go for the Eyes+1","floor":18},{"not_picked":["Heatsinks","Rip and Tear"],"picked":"Beam Cell","floor":18},{"not_picked":["Stack","Beam Cell"],"picked":"Melter","floor":19},{"not_picked":["Gash","Skim"],"picked":"Lockon","floor":19},{"not_picked":["Barrage","Cold Snap+1"],"picked":"Redo","floor":20},{"not_picked":["Coolheaded","Barrage","Genetic Algorithm"],"picked":"SKIP","floor":20},{"not_picked":["BootSequence","Hologram"],"picked":"Melter+1","floor":24},{"not_picked":["Sweeping Beam","Conserve Battery+1","Chaos"],"picked":"SKIP","floor":24},{"not_picked":["Ball Lightning","Conserve Battery"],"picked":"Chill","floor":27},{"not_picked":["Ball Lightning","Hologram"],"picked":"Capacitor+1","floor":28},{"not_picked":["Heatsinks+1","Ball Lightning"],"picked":"Gash+1","floor":30},{"not_picked":["Genetic Algorithm","Sweeping Beam","Tempest"],"picked":"SKIP","floor":30},{"not_picked":["Hello World+1","Tempest"],"picked":"Darkness","floor":31},{"not_picked":["Blizzard","Cold Snap"],"picked":"All For One","floor":31},{"not_picked":["Biased Cognition+1","Buffer+1"],"picked":"Rainbow","floor":33},{"not_picked":["Chaos","Streamline"],"picked":"Hologram+1","floor":35},{"not_picked":["Lockon+1","Conserve Battery+1"],"picked":"Consume+1","floor":35},{"not_picked":["Coolheaded+1","Compile Driver+1","Conserve Battery+1"],"picked":"SKIP","floor":36},{"not_picked":["Streamline","Hello World+1","Coolheaded+1"],"picked":"SKIP","floor":36},{"not_picked":["Magnetism+1","Good Instincts"],"picked":"Enlightenment","floor":37},{"not_picked":["Hologram","Reprogram","Beam Cell"],"picked":"SKIP","floor":38},{"not_picked":["Streamline","Sweeping Beam","Barrage"],"picked":"SKIP","floor":38},{"not_picked":["Loop+1","Steam+1"],"picked":"Double Energy","floor":39},{"not_picked":["Reinforced Body","Cold Snap+1"],"picked":"Force Field","floor":41},{"not_picked":["Stack+1","Ball Lightning+1"],"picked":"Thunder Strike","floor":46},{"not_picked":["Leap","Ball Lightning","Hologram+1"],"picked":"SKIP","floor":46},{"not_picked":["Sweeping Beam+1","Cold Snap","Compile Driver"],"picked":"SKIP","floor":48},{"not_picked":["Redo","Sweeping Beam","Leap"],"picked":"SKIP","floor":48}],"player_experience":27539,"relics_obtained":[{"floor":6,"key":"Bird Faced Urn"},{"floor":9,"key":"MawBank"},{"floor":10,"key":"Vajra"},{"floor":12,"key":"Prayer Wheel"},{"floor":14,"key":"Orichalcum"},{"floor":26,"key":"Frozen Egg 2"},{"floor":27,"key":"Pocketwatch"},{"floor":28,"key":"Torii"},{"floor":28,"key":"Ornamental Fan"},{"floor":39,"key":"Old Coin"},{"floor":41,"key":"PreservedInsect"},{"floor":43,"key":"Unceasing Top"}],"event_choices":[{"damage_healed":0,"gold_gain":0,"player_choice":"Grow","damage_taken":0,"max_hp_gain":0,"max_hp_loss":0,"event_name":"Living Wall","floor":2,"gold_loss":0,"cards_upgraded":["Zap"]},{"damage_healed":0,"gold_gain":0,"player_choice":"Success","damage_taken":7,"relics_obtained":["Shuriken"],"max_hp_gain":0,"max_hp_loss":0,"event_name":"Scrap Ooze","floor":4,"gold_loss":0},{"damage_healed":0,"gold_gain":0,"player_choice":"Ignored","damage_taken":0,"max_hp_gain":0,"max_hp_loss":0,"event_name":"Beggar","floor":21,"gold_loss":0},{"damage_healed":0,"gold_gain":0,"player_choice":"Inject Mutagens","damage_taken":0,"relics_obtained":["MutagenicStrength"],"max_hp_gain":0,"max_hp_loss":0,"event_name":"Drug Dealer","floor":25,"gold_loss":0},{"damage_healed":0,"gold_gain":0,"player_choice":"Fight","damage_taken":0,"max_hp_gain":0,"max_hp_loss":0,"event_name":"Colosseum","floor":28,"gold_loss":0},{"damage_healed":0,"gold_gain":0,"player_choice":"Fought Nobs","damage_taken":0,"max_hp_gain":0,"max_hp_loss":0,"event_name":"Colosseum","floor":28,"gold_loss":0},{"damage_healed":0,"gold_gain":0,"player_choice":"Memory 2","damage_taken":5,"max_hp_gain":0,"max_hp_loss":0,"event_name":"SensoryStone","floor":37,"gold_loss":0},{"damage_healed":0,"gold_gain":0,"player_choice":"Fight","damage_taken":0,"max_hp_gain":0,"max_hp_loss":0,"event_name":"MindBloom","floor":39,"gold_loss":0},{"cards_removed":["Reprogram"],"damage_healed":0,"gold_gain":0,"player_choice":"Purged","damage_taken":0,"max_hp_gain":0,"max_hp_loss":0,"event_name":"Purifier","floor":44,"gold_loss":0},{"cards_removed":["Storm"],"damage_healed":0,"gold_gain":0,"player_choice":"Removed Power","damage_taken":0,"max_hp_gain":0,"max_hp_loss":0,"event_name":"Falling","floor":47,"gold_loss":0}],"is_beta":false,"boss_relics":[{"not_picked":["Lizard Tail","Astrolabe"],"picked":"Orrery"},{"not_picked":["Velvet Choker","Runic Dome"],"picked":"Fusion Hammer"}],"items_purged_floors":[],"is_endless":false,"potions_floor_spawned":[5,11,16,19,28,31,33,35,39],"ascension_level":0}