{"gold_per_floor":[115,34,50,50,50,50,66,66,66,96,109,109,121,46,46,120,120,139,139,139,64,64,64,75,92,116,148,182,182,195,23,23,23],"floor_reached":33,"playtime":1502,"items_purged":["Strike_G","Strike_G"],"score":434,"play_id":"3a2cd02a-6cb0-4a46-9e88-adc9e4ab5991","local_time":"20190210210138","is_ascension_mode":true,"campfire_choices":[{"data":"Caltrops","floor":6,"key":"SMITH"},{"floor":8,"key":"RECALL"},{"data":"Footwork","floor":15,"key":"SMITH"},{"data":"Accuracy","floor":23,"key":"SMITH"},{"floor":29,"key":"REST"},{"data":"Blade Dance","floor":32,"key":"SMITH"}],"neow_cost":"NONE","seed_source_timestamp":345102990795686,"circlet_count":0,"master_deck":["AscendersBane","Defend_G","Defend_G","Defend_G","Defend_G","Strike_G","Strike_G","Strike_G","Survivor","Neutralize","Caltrops+1","Footwork+1","Blade Dance+1","Backflip","Accuracy+1","Unload","PiercingWail","Blade Dance+1","Glass Knife","Blur","All Out Attack","Sucker Punch+1","Leg Sweep","Footwork"],"relics":["Ring of the Snake","NeowsBlessing","Ornamental Fan","Bottled Tornado","Tingsha","Thread and Needle","Black Star","Meat on the Bone","Strawberry","Red Mask","Incense Burner","Bag of Marbles"],"potions_floor_usage":[10,10,18,24,25,27,33],"damage_taken":[{"damage":0,"enemies":"Small Slimes","floor":1,"turns":1},{"damage":0,"enemies":"Jaw Worm","floor":3,"turns":1},{"damage":0,"enemies":"Cultist","floor":7,"turns":1},{"damage":12,"enemies":"3 Sentries","floor":10,"turns":8},{"damage":2,"enemies":"Exordium Wildlife","floor":11,"turns":5},{"damage":1,"enemies":"3 Louse","floor":13,"turns":4},{"damage":35,"enemies":"Slime Boss","floor":16,"turns":13},{"damage":0,"enemies":"Chosen","floor":18,"turns":5},{"damage":0,"enemies":"2 Thieves","floor":24,"turns":5},{"damage":5,"enemies":"Snecko","floor":25,"turns":5},{"damage":39,"enemies":"Masked Bandits","floor":27,"turns":7},{"damage":13,"enemies":"Book of Stabbing","floor":28,"turns":6},{"damage":1,"enemies":"3 Cultists","floor":30,"turns":5},{"damage":62,"enemies":"Champ","floor":33,"turns":16}],"seed_played":"-7092181111836226423","potions_obtained":[{"floor":1,"key":"FearPotion"},{"floor":3,"key":"Poison Potion"},{"floor":10,"key":"GhostInAJar"},{"floor":11,"key":"Energy Potion"},{"floor":18,"key":"FearPotion"},{"floor":25,"key":"SpeedPotion"},{"floor":27,"key":"Explosive Potion"},{"floor":28,"key":"Block Potion"}],"is_trial":false,"path_per_floor":["M","$","M","?","?","R","M","R","T","E","M","T","M","$","R","B",null,"M","?","?","?","?","R","M","M","T","?","E","R","M","$","R","B"],"character_chosen":"THE_SILENT","items_purchased":["Footwork","Blade Dance","Footwork"],"campfire_rested":1,"item_purchase_floors":[2,2,31],"current_hp_per_floor":[63,63,63,60,60,60,60,60,60,48,46,46,45,45,45,10,55,55,55,55,55,55,55,55,50,57,30,29,52,51,51,51,0],"gold":23,"neow_bonus":"THREE_ENEMY_KILL","is_prod":false,"is_daily":false,"chose_seed":false,"campfire_upgraded":4,"win_rate":0,"timestamp":1549832498,"path_taken":["M","$","M","?","?","R","M","R","T","E","?","?","?","$","R","BOSS","M","?","?","?","?","R","M","?","T","?","E","R","M","$","R","BOSS"],"build_version":"2019-02-06","purchased_purges":2,"victory":false,"max_hp_per_floor":[70,70,70,70,70,70,70,70,70,70,70,70,70,70,70,70,70,70,70,70,70,70,70,70,70,77,77,77,77,77,77,77,77],"card_choices":[{"not_picked":["Reflex","Sucker Punch"],"picked":"Caltrops","floor":1},{"not_picked":["Crippling Poison","Flying Knee"],"picked":"Backflip","floor":3},{"not_picked":["Crippling Poison","Outmaneuver"],"picked":"Accuracy","floor":7},{"not_picked":["Quick Slash","Backstab"],"picked":"Unload","floor":10},{"not_picked":["Eviscerate","Slice"],"picked":"PiercingWail","floor":11},{"not_picked":["Infinite Blades","Setup"],"picked":"Blade Dance","floor":13},{"not_picked":["Corpse Explosion","Envenom"],"picked":"Glass Knife","floor":16},{"not_picked":["Skewer","Outmaneuver"],"picked":"Blur","floor":18},{"not_picked":["Masterful Stab","Caltrops+1"],"picked":"All Out Attack","floor":24},{"not_picked":["Crippling Poison","Choke"],"picked":"Sucker Punch+1","floor":25},{"not_picked":["Setup","Footwork"],"picked":"Leg Sweep","floor":28},{"not_picked":["Blade Dance","Outmaneuver","Sucker Punch"],"picked":"SKIP","floor":30}],"player_experience":590039,"relics_obtained":[{"floor":9,"key":"Bottled Tornado"},{"floor":10,"key":"Tingsha"},{"floor":12,"key":"Thread and Needle"},{"floor":26,"key":"Strawberry"},{"floor":27,"key":"Red Mask"},{"floor":28,"key":"Incense Burner"},{"floor":28,"key":"Bag of Marbles"}],"event_choices":[{"damage_healed":0,"gold_gain":0,"player_choice":"Success","damage_taken":3,"relics_obtained":["Ornamental Fan"],"max_hp_gain":0,"max_hp_loss":0,"event_name":"Scrap Ooze","floor":4,"gold_loss":0},{"damage_healed":0,"gold_gain":0,"player_choice":"Grow","damage_taken":0,"max_hp_gain":0,"max_hp_loss":0,"event_name":"Living Wall","floor":5,"gold_loss":0,"cards_upgraded":["Blade Dance"]},{"damage_healed":0,"gold_gain":0,"player_choice":"Opened","damage_taken":0,"relics_obtained":["Meat on the Bone"],"max_hp_gain":0,"max_hp_loss":0,"event_name":"The Mausoleum","floor":19,"gold_loss":0},{"damage_healed":0,"gold_gain":0,"player_choice":"Ignored","damage_taken":0,"max_hp_gain":0,"max_hp_loss":0,"event_name":"Vampires","floor":20,"gold_loss":0},{"cards_removed":["Defend_G"],"damage_healed":0,"gold_gain":0,"player_choice":"Gave Gold","damage_taken":0,"max_hp_gain":0,"max_hp_loss":0,"event_name":"Beggar","floor":21,"gold_loss":75},{"damage_healed":0,"gold_gain":0,"player_choice":"Fought Bandits","damage_taken":0,"max_hp_gain":0,"max_hp_loss":0,"event_name":"Masked Bandits","floor":27,"gold_loss":0}],"is_beta":true,"boss_relics":[{"not_picked":["Runic Dome","HoveringKite"],"picked":"Black Star"}],"items_purged_floors":[14,31],"is_endless":false,"potions_floor_spawned":[1,3,10,11,18,25,27,28],"killed_by":"Champ","ascension_level":13}