{"gold_per_floor":[116,191,208,208,218,243,256,70,70,70,70,100,31,46,46,46],"floor_reached":16,"playtime":570,"items_purged":[],"score":182,"play_id":"959eea08-4658-49c6-9542-f7877b7f179d","local_time":"20190207030735","is_ascension_mode":true,"campfire_choices":[{"floor":10,"key":"REST"},{"floor":15,"key":"REST"}],"neow_cost":"TEN_PERCENT_HP_LOSS","seed_source_timestamp":22377328188124,"circlet_count":0,"master_deck":["AscendersBane","Strike_B","Strike_B","Strike_B","Defend_B","Defend_B","Defend_B","Defend_B","Zap","Dualcast","Bandage Up","Deep Breath","Steam","Core Surge","Metamorphosis","FTL"],"relics":["Cracked Core","Bag of Marbles","Omamori","Bottled Lightning"],"potions_floor_usage":[6,6,16],"damage_taken":[{"damage":1,"enemies":"2 Louse","floor":1,"turns":3},{"damage":0,"enemies":"Small Slimes","floor":3,"turns":3},{"damage":2,"enemies":"Jaw Worm","floor":5,"turns":4},{"damage":48,"enemies":"Gremlin Nob","floor":6,"turns":5},{"damage":7,"enemies":"Exordium Wildlife","floor":7,"turns":5},{"damage":35,"enemies":"Lagavulin","floor":12,"turns":6},{"damage":8,"enemies":"Red Slaver","floor":14,"turns":3},{"damage":42,"enemies":"Hexaghost","floor":16,"turns":12}],"seed_played":"6333424426658044228","potions_obtained":[{"floor":3,"key":"GamblersBrew"},{"floor":5,"key":"SkillPotion"},{"floor":14,"key":"FearPotion"}],"is_trial":false,"path_per_floor":["M","?","M","?","M","E","M","$","T","R","?","E","$","M","R","B"],"character_chosen":"DEFECT","items_purchased":["Metamorphosis","FTL"],"campfire_rested":2,"item_purchase_floors":[8,13],"current_hp_per_floor":[67,56,60,53,55,11,8,8,8,28,50,19,19,15,35,0],"gold":46,"neow_bonus":"RANDOM_COLORLESS_2","is_prod":false,"is_daily":false,"chose_seed":false,"campfire_upgraded":0,"win_rate":0,"timestamp":1549508855,"path_taken":["M","?","M","?","?","E","M","$","T","R","?","E","?","?","R","BOSS"],"build_version":"2019-01-23","purchased_purges":0,"victory":false,"max_hp_per_floor":[68,68,68,68,68,68,68,68,68,68,68,68,68,68,68,68],"card_choices":[{"not_picked":["Tempest","Turbo","Compile Driver"],"picked":"SKIP","floor":1},{"not_picked":["Scrape","Chaos","Cold Snap"],"picked":"SKIP","floor":3},{"not_picked":["Stack","Ball Lightning"],"picked":"Steam","floor":5},{"not_picked":["Conserve Battery","Cold Snap"],"picked":"Core Surge","floor":6},{"not_picked":["Turbo","Streamline","Conserve Battery"],"picked":"SKIP","floor":7},{"not_picked":["Stack","Storm","Glacier"],"picked":"SKIP","floor":12},{"not_picked":["Scrape","Conserve Battery","Rebound"],"picked":"SKIP","floor":14}],"player_experience":574158,"relics_obtained":[{"floor":6,"key":"Bag of Marbles"},{"floor":9,"key":"Omamori"},{"floor":12,"key":"Bottled Lightning"}],"event_choices":[{"damage_healed":0,"gold_gain":75,"player_choice":"Gather Gold","damage_taken":11,"max_hp_gain":0,"max_hp_loss":0,"event_name":"World of Goop","floor":2,"gold_loss":0},{"cards_removed":["Strike_B"],"damage_healed":0,"gold_gain":0,"player_choice":"Card Removal","damage_taken":7,"max_hp_gain":0,"max_hp_loss":0,"event_name":"Golden Wing","floor":4,"gold_loss":0},{"damage_healed":22,"gold_gain":0,"player_choice":"Banana","damage_taken":0,"max_hp_gain":0,"max_hp_loss":0,"event_name":"Big Fish","floor":11,"gold_loss":0}],"is_beta":true,"boss_relics":[],"items_purged_floors":[],"is_endless":false,"potions_floor_spawned":[3,5,14],"killed_by":"Hexaghost","ascension_level":13}