{"path_per_floor":["M","?","?","$","?","R","M","R","T","R","$","E","M","M","R","B",null,"M","M","?","M","$","R","M","$","T","M","M","R","$","?","R"],"character_chosen":"DEFECT","items_purchased":["Dark Shackles"],"gold_per_floor":[10,10,10,10,0,0,13,13,90,90,90,128,141,159,159,284,322,337,358,283,283,208,208,226,28,55,76,94,94,94,94,94,94],"floor_reached":33,"campfire_rested":1,"playtime":1330,"current_hp_per_floor":[65,65,65,65,65,65,65,65,65,65,65,56,56,56,56,41,67,64,64,64,64,64,64,32,32,32,32,32,54,54,74,74,0],"items_purged":["Strike_B","Strike_B"],"gold":94,"score":343,"play_id":"81512775-2022-4100-ad5f-597b0ec740f0","local_time":"20180513155716","is_prod":false,"is_daily":false,"chose_seed":false,"is_ascension_mode":true,"campfire_upgraded":6,"timestamp":1526252236,"path_taken":["M","?","?","$","?","R","M","R","T","R","?","E","M","M","R","BOSS","M","M","?","M","$","R","M","$","T","M","M","R","$","?","R","BOSS"],"build_version":"2018-05-12v2","seed_source_timestamp":108311342979381,"purchased_purges":2,"victory":false,"master_deck":["Strike_B","Strike_B","Defend_B+1","Defend_B+1","Defend_B","Zap+1","Dualcast","Sunder+1","Axe Kick+1","Ball Lightning+1","Beam Cell+1","Reboot","Auto Shields","Dark Shackles"],"max_hp_per_floor":[75,75,69,69,69,69,69,69,69,69,69,69,69,69,69,69,74,74,74,74,74,74,74,74,74,74,74,74,74,74,74,74,74],"relics":["Cracked Core","Gambling Chip","Ornamental Fan","Golden Idol","Pantograph","Happy Flower","Tiny House","Bronze Scales"],"card_choices":[{"not_picked":["Rebound","Capacitor"],"picked":"Sunder","floor":1},{"not_picked":["Consume","Blizzard","Rip and Tear"],"picked":"SKIP","floor":7},{"not_picked":["Barrage","Leap"],"picked":"Axe Kick","floor":12},{"not_picked":["Genetic Algorithm","Glacier"],"picked":"Ball Lightning","floor":13},{"not_picked":["Go for the Eyes","Axe Kick"],"picked":"Beam Cell","floor":14},{"not_picked":["Fusion","Creative AI"],"picked":"Reboot","floor":16},{"not_picked":["Capacitor","Sunder"],"picked":"Auto Shields","floor":18},{"not_picked":["Barrage","Axe Kick","Coolheaded"],"picked":"SKIP","floor":19},{"not_picked":["Go for the Eyes+1","Stack","Hologram"],"picked":"SKIP","floor":24},{"not_picked":["Go for the Eyes+1","Rebound","Lockon"],"picked":"SKIP","floor":27},{"not_picked":["Leap","Skim","Hyperbeam"],"picked":"SKIP","floor":28}],"player_experience":239580,"potions_floor_usage":[16,16,21,27,27,27,33,33,33],"damage_taken":[{"damage":3,"enemies":"Jaw Worm","floor":1,"turns":4},{"damage":0,"enemies":"Cultist","floor":7,"turns":2},{"damage":9,"enemies":"Gremlin Nob","floor":12,"turns":3},{"damage":0,"enemies":"2 Louse","floor":13,"turns":1},{"damage":0,"enemies":"Blue Slaver","floor":14,"turns":1},{"damage":28,"enemies":"Hexaghost","floor":16,"turns":5},{"damage":3,"enemies":"Shell Parasite","floor":18,"turns":4},{"damage":0,"enemies":"2 Thieves","floor":19,"turns":2},{"damage":0,"enemies":"Snecko","floor":21,"turns":2},{"damage":32,"enemies":"Snake Plant","floor":24,"turns":4},{"damage":0,"enemies":"Slaver and Parasite","floor":27,"turns":3},{"damage":0,"enemies":"Snecko","floor":28,"turns":2},{"damage":87,"enemies":"Champ","floor":33,"turns":8}],"event_choices":[{"event_name":"Wheel of Change","player_choice":"Relic","floor":2,"damage_taken":0},{"event_name":"Golden Idol","player_choice":"Lose Max HP","floor":3,"damage_taken":0},{"event_name":"World of Goop","player_choice":"Left","floor":5,"damage_taken":0},{"event_name":"Beggar","player_choice":"Gave Gold","floor":20,"damage_taken":0},{"event_name":"The Library","player_choice":"Heal","floor":31,"damage_taken":0}],"boss_relics":[{"not_picked":["Snecko Eye","Astrolabe"],"picked":"Tiny House"}],"potions_floor_spawned":[12,13,14,16,21,27,28],"seed_played":"1533698007959490822","killed_by":"Champ","ascension_level":8,"is_trial":false}