{"gold_per_floor":[119,119,131,30,41,41,67,85,163,163,163,173,37,49,49,145,145,160,195,214,489,192,209,47,47,101,1,1,14,27,52,52,151,151,163,263,485,113,126,161,161,196,196,196,196,209,219,239,239,239],"floor_reached":51,"playtime":4421,"items_purged":["Regret","Strike_B","Strike_B"],"score":727,"play_id":"19eb0302-2550-4399-ad73-0af5df7490d6","local_time":"20190212231138","is_ascension_mode":false,"campfire_choices":[{"data":"Dualcast","floor":6.0,"key":"SMITH"},{"floor":11.0,"key":"REST"},{"data":"Buffer","floor":15.0,"key":"SMITH"},{"data":"Apotheosis","floor":25.0,"key":"SMITH"},{"floor":28.0,"key":"REST"},{"floor":32.0,"key":"REST"},{"floor":41.0,"key":"REST"},{"data":"Storm","floor":44.0,"key":"SMITH"},{"floor":49.0,"key":"REST"}],"neow_cost":"NONE","seed_source_timestamp":0,"circlet_count":0,"master_deck":["Strike_B+1","Strike_B","Defend_B","Defend_B","Defend_B","Defend_B","Zap+1","Dualcast+1","BootSequence","Reprogram","Storm+1","Go for the Eyes","Ball Lightning","White Noise","Steam Power","Core Surge","Buffer+1","Biased Cognition","Conserve Battery","Chaos","Reprogram","Capacitor","Redo","Cold Snap+1","Reboot","Cold Snap+1","Heatsinks","Reinforced Body","Apotheosis+1","Coolheaded+1","BootSequence","Creative AI","Flash of Steel","Skim+1","Turbo","Heatsinks+1","Aggregate+1"],"special_seed":0,"relics":["Cracked Core","NeowsBlessing","Pocketwatch","Mercury Hourglass","Bag of Marbles","Orrery","Red Mask","Blood Vial","Tiny Chest","Dream Catcher","Busted Crown","Calipers","Happy Flower","Pear","Toxic Egg 2","Incense Burner"],"potions_floor_usage":[50],"damage_taken":[{"damage":0.0,"enemies":"Small Slimes","floor":1.0,"turns":1.0},{"damage":0.0,"enemies":"Cultist","floor":3.0,"turns":1.0},{"damage":0.0,"enemies":"2 Louse","floor":5.0,"turns":1.0},{"damage":26.0,"enemies":"Lagavulin","floor":7.0,"turns":5.0},{"damage":0.0,"enemies":"Looter","floor":8.0,"turns":3.0},{"damage":0.0,"enemies":"Lots of Slimes","floor":12.0,"turns":2.0},{"damage":0.0,"enemies":"Exordium Wildlife","floor":14.0,"turns":3.0},{"damage":10.0,"enemies":"Slime Boss","floor":16.0,"turns":7.0},{"damage":20.0,"enemies":"2 Thieves","floor":18.0,"turns":3.0},{"damage":32.0,"enemies":"Masked Bandits","floor":19.0,"turns":5.0},{"damage":10.0,"enemies":"Spheric Guardian","floor":20.0,"turns":4.0},{"damage":0.0,"enemies":"Centurion and Healer","floor":23.0,"turns":4.0},{"damage":17.0,"enemies":"Sentry and Sphere","floor":29.0,"turns":5.0},{"damage":0.0,"enemies":"Snake Plant","floor":30.0,"turns":4.0},{"damage":2.0,"enemies":"Book of Stabbing","floor":31.0,"turns":5.0},{"damage":40.0,"enemies":"Champ","floor":33.0,"turns":14.0},{"damage":2.0,"enemies":"Orb Walker","floor":35.0,"turns":5.0},{"damage":0.0,"enemies":"Mind Bloom Boss Battle","floor":36.0,"turns":4.0},{"damage":0.0,"enemies":"3 Shapes","floor":39.0,"turns":4.0},{"damage":52.0,"enemies":"Reptomancer","floor":40.0,"turns":4.0},{"damage":6.0,"enemies":"Giant Head","floor":42.0,"turns":8.0},{"damage":0.0,"enemies":"Jaw Worm Horde","floor":46.0,"turns":3.0},{"damage":0.0,"enemies":"Writhing Mass","floor":47.0,"turns":4.0},{"damage":9.0,"enemies":"3 Darklings","floor":48.0,"turns":4.0},{"damage":46,"enemies":"Awakened One","floor":50,"turns":11}],"seed_played":"7218778367152533758","potions_obtained":[{"floor":1.0,"key":"SmokeBomb"},{"floor":3.0,"key":"Dexterity Potion"},{"floor":8.0,"key":"FocusPotion"},{"floor":16.0,"key":"Energy Potion"},{"floor":19.0,"key":"Explosive Potion"},{"floor":20.0,"key":"Regen Potion"},{"floor":23.0,"key":"Swift Potion"},{"floor":30.0,"key":"Explosive Potion"},{"floor":36.0,"key":"Dexterity Potion"},{"floor":40.0,"key":"Swift Potion"}],"is_trial":false,"path_per_floor":["M","?","M","$","M","R","E","M","T","?","R","M","$","M","R","B",null,"M","?","M","?","$","M","$","R","T","$","R","M","M","E","R","B",null,"M","?","?","$","M","E","R","E","T","R","?","M","M","M","R","B",null],"character_chosen":"DEFECT","items_purchased":["Storm","Go for the Eyes","Core Surge","Blood Vial","Heatsinks","Apotheosis","Flash of Steel","Happy Flower"],"campfire_rested":5,"item_purchase_floors":[4,4,13,22,22,24,38,38],"current_hp_per_floor":[75,60,60,60,60,60,34,34,34,34,56,56,56,56,56,46,75,55,23,13,13,13,24,24,24,24,24,46,31,33,33,55,17,75,73,75,75,75,75,33,58,54,54,54,54,56,58,51,76,32],"gold":239,"neow_bonus":"THREE_ENEMY_KILL","is_prod":false,"is_daily":false,"chose_seed":false,"campfire_upgraded":4,"win_rate":0,"timestamp":1550034698,"path_taken":["M","?","M","$","M","R","E","M","T","?","R","?","$","M","R","BOSS","M","?","M","?","$","M","$","R","T","$","R","M","?","E","R","BOSS","M","?","?","$","M","E","R","E","T","R","?","M","M","?","R","BOSS"],"build_version":"2019-01-23","purchased_purges":3,"victory":true,"max_hp_per_floor":[75,75,75,75,75,75,75,75,75,75,75,75,75,75,75,75,75,75,75,75,75,75,75,75,75,75,75,75,75,75,75,75,75,75,75,75,75,75,75,85,85,85,85,85,85,85,85,85,85,85],"card_choices":[{"not_picked":["Gash","Skim"],"picked":"BootSequence","floor":1.0},{"not_picked":["Beam Cell","Streamline"],"picked":"Reprogram","floor":3.0},{"not_picked":["Hologram","Streamline"],"picked":"Ball Lightning","floor":5.0},{"not_picked":["Lockon","Rebound"],"picked":"White Noise","floor":7.0},{"not_picked":["Redo","Force Field"],"picked":"Steam Power","floor":8.0},{"not_picked":["Static Discharge","Compile Driver","Beam Cell"],"picked":"SKIP","floor":12.0},{"not_picked":["Stack","Redo"],"picked":"Buffer","floor":14.0},{"not_picked":["Reboot","Rainbow"],"picked":"Biased Cognition","floor":16.0},{"not_picked":["Fusion","Streamline"],"picked":"Conserve Battery","floor":17.0},{"not_picked":["Lockon","Sweeping Beam"],"picked":"Chaos","floor":17.0},{"not_picked":["Redo","Gash"],"picked":"Reprogram","floor":17.0},{"not_picked":["Self Repair","Ball Lightning"],"picked":"Capacitor","floor":17.0},{"not_picked":["Streamline","Sweeping Beam"],"picked":"Redo","floor":17.0},{"not_picked":["Ball Lightning+1","Rip and Tear"],"picked":"Cold Snap+1","floor":18.0},{"not_picked":["Go for the Eyes+1","Redo"],"picked":"Reboot","floor":19.0},{"not_picked":["Hologram","Barrage"],"picked":"Cold Snap+1","floor":20.0},{"not_picked":["Beam Cell+1","Darkness+1"],"picked":"Reinforced Body","floor":23.0},{"not_picked":["Rebound","Leap","Hologram"],"picked":"SKIP","floor":29.0},{"not_picked":["Lockon","Barrage"],"picked":"Coolheaded+1","floor":30.0},{"not_picked":["Steam Power","Fusion","Stack"],"picked":"SKIP","floor":31.0},{"not_picked":["FTL","Stack+1"],"picked":"BootSequence","floor":32.0},{"not_picked":["Thunder Strike","Hyperbeam"],"picked":"Creative AI","floor":33.0},{"not_picked":["Beam Cell+1"],"picked":"SKIP","floor":35.0},{"not_picked":["Steam"],"picked":"SKIP","floor":39.0},{"not_picked":[],"picked":"Skim+1","floor":40.0},{"not_picked":[],"picked":"Turbo","floor":41.0},{"not_picked":["Genetic Algorithm+1"],"picked":"SKIP","floor":42.0},{"not_picked":[],"picked":"Heatsinks+1","floor":46.0},{"not_picked":[],"picked":"Aggregate+1","floor":47.0},{"not_picked":["Cold Snap+1"],"picked":"SKIP","floor":48.0}],"player_experience":62957,"relics_obtained":[{"floor":7.0,"key":"Pocketwatch"},{"floor":9.0,"key":"Mercury Hourglass"},{"floor":19.0,"key":"Red Mask"},{"floor":26.0,"key":"Tiny Chest"},{"floor":31.0,"key":"Dream Catcher"},{"floor":36.0,"key":"Calipers"},{"floor":40.0,"key":"Pear"},{"floor":42.0,"key":"Toxic Egg 2"},{"floor":43.0,"key":"Incense Burner"}],"event_choices":[{"damage_healed":0.0,"max_hp_gain":0.0,"max_hp_loss":0.0,"gold_gain":0.0,"event_name":"Shining Light","player_choice":"Entered Light","floor":2.0,"gold_loss":0.0,"damage_taken":15.0,"cards_upgraded":["Zap","Strike_B"]},{"damage_healed":0.0,"max_hp_gain":0.0,"max_hp_loss":0.0,"gold_gain":0.0,"event_name":"WeMeetAgain","player_choice":"Gave Potion","floor":10.0,"gold_loss":0.0,"damage_taken":0.0,"relics_obtained":["Bag of Marbles"]},{"damage_healed":0.0,"max_hp_gain":0.0,"max_hp_loss":0.0,"gold_gain":0.0,"event_name":"Masked Bandits","player_choice":"Fought Bandits","floor":19.0,"gold_loss":0.0,"damage_taken":0.0},{"damage_healed":0.0,"max_hp_gain":0.0,"max_hp_loss":0.0,"gold_gain":275.0,"event_name":"Golden Shrine","player_choice":"Desecrate","floor":21.0,"gold_loss":0.0,"damage_taken":0.0,"cards_obtained":["Regret"]},{"damage_healed":0.0,"max_hp_gain":0.0,"max_hp_loss":0.0,"gold_gain":0.0,"event_name":"MindBloom","player_choice":"Fight","floor":36.0,"gold_loss":0.0,"damage_taken":0.0},{"damage_healed":0.0,"max_hp_gain":0.0,"max_hp_loss":0.0,"gold_gain":222.0,"event_name":"Tomb of Lord Red Mask","player_choice":"Wore Mask","floor":37.0,"gold_loss":0.0,"damage_taken":0.0},{"damage_healed":0.0,"max_hp_gain":0.0,"max_hp_loss":0.0,"gold_gain":0.0,"event_name":"The Woman in Blue","player_choice":"Bought 0 Potions","floor":45.0,"gold_loss":0.0,"damage_taken":0.0}],"is_beta":false,"boss_relics":[{"not_picked":["Eternal Feather","Ectoplasm"],"picked":"Orrery"},{"not_picked":["Empty Cage","Inserter"],"picked":"Busted Crown"}],"items_purged_floors":[22,27,38],"is_endless":false,"potions_floor_spawned":[1,3,8,16,19,20,23,30,36,40],"ascension_level":0}