{"gold_per_floor":[118,118,131,33,33,33,43,43,43,43,70,133,153,165,165,264,314,331,656,673,686,755,755,394,456,502,552,585,104,104,121,121,226,226,239,289,305,324,374,374,390,390,390,456,475,488,538,588,588,588],"floor_reached":50,"playtime":2326,"items_purged":["Steam Power","Regret","Writhe"],"score":715,"play_id":"3205fe9a-617b-49eb-908e-ae37ffaf5ffb","local_time":"20190123191134","is_ascension_mode":true,"campfire_choices":[{"data":"Redo","floor":6.0,"key":"SMITH"},{"data":"Zap","floor":8.0,"key":"SMITH"},{"data":"Fission","floor":15.0,"key":"SMITH"},{"floor":23.0,"key":"REST"},{"data":"Beam Cell","floor":30.0,"key":"SMITH"},{"floor":32.0,"key":"REST"},{"data":"Hologram","floor":40.0,"key":"SMITH"},{"data":"Reboot","floor":42.0,"key":"SMITH"},{"floor":49.0,"key":"REST"}],"neow_cost":"PERCENT_DAMAGE","seed_source_timestamp":0,"circlet_count":0,"master_deck":["Zap+1","Dualcast","Scrape","Steam","Beam Cell+1","Redo+1","Sweeping Beam","Fission+1","Gash","Reboot+1","Auto Shields+1","Hologram+1","Chaos+1","Barrage+1","Redo+1","Dramatic Entrance","All For One","BootSequence+1","Go for the Eyes","Undo+1","Chill+1","Reprogram+1","All For One","Coolheaded+1","Tempest+1"],"special_seed":0,"relics":["Cracked Core","Orichalcum","SsserpentHead","Bronze Scales","Tiny House","Shuriken","Centennial Puzzle","Anchor","Toxic Egg 2","Frozen Egg 2","Pandora\u0027s Box","Bag of Preparation","Dodecahedron"],"potions_floor_usage":[],"damage_taken":[{"damage":1.0,"enemies":"2 Louse","floor":1.0,"turns":2.0},{"damage":0.0,"enemies":"Cultist","floor":3.0,"turns":3.0},{"damage":0.0,"enemies":"Jaw Worm","floor":7.0,"turns":2.0},{"damage":6.0,"enemies":"Gremlin Nob","floor":11.0,"turns":3.0},{"damage":0.0,"enemies":"Lots of Slimes","floor":12.0,"turns":2.0},{"damage":0.0,"enemies":"Exordium Wildlife","floor":13.0,"turns":2.0},{"damage":0.0,"enemies":"Gremlin Gang","floor":14.0,"turns":3.0},{"damage":22.0,"enemies":"Slime Boss","floor":16.0,"turns":8.0},{"damage":0.0,"enemies":"Chosen","floor":18.0,"turns":4.0},{"damage":3.0,"enemies":"Spheric Guardian","floor":20.0,"turns":3.0},{"damage":8.0,"enemies":"3 Cultists","floor":21.0,"turns":4.0},{"damage":44.0,"enemies":"Snecko","floor":22.0,"turns":6.0},{"damage":7.0,"enemies":"Centurion and Healer","floor":25.0,"turns":5.0},{"damage":0.0,"enemies":"Gremlin Leader","floor":28.0,"turns":5.0},{"damage":11.0,"enemies":"3 Cultists","floor":31.0,"turns":3.0},{"damage":40.0,"enemies":"Collector","floor":33.0,"turns":6.0},{"damage":4.0,"enemies":"3 Shapes","floor":35.0,"turns":3.0},{"damage":0.0,"enemies":"Orb Walker","floor":37.0,"turns":2.0},{"damage":3.0,"enemies":"4 Shapes","floor":38.0,"turns":5.0},{"damage":13.0,"enemies":"3 Darklings","floor":41.0,"turns":3.0},{"damage":0.0,"enemies":"Jaw Worm Horde","floor":44.0,"turns":3.0},{"damage":0.0,"enemies":"Sphere and 2 Shapes","floor":45.0,"turns":3.0},{"damage":16.0,"enemies":"Spire Growth","floor":46.0,"turns":4.0},{"damage":49,"enemies":"Time Eater","floor":50,"turns":4}],"seed_played":"-8028122342070136101","potions_obtained":[{"floor":1.0,"key":"FocusPotion"},{"floor":13.0,"key":"Poison Potion"},{"floor":17.0,"key":"PowerPotion"},{"floor":22.0,"key":"Ancient Potion"},{"floor":31.0,"key":"Poison Potion"},{"floor":35.0,"key":"EssenceOfSteel"},{"floor":41.0,"key":"Fire Potion"}],"is_trial":false,"path_per_floor":["?","$","M","?","M","?","M","M","?","?","?","M","?","T","B"],"character_chosen":"DEFECT","items_purchased":["Redo","Shuriken","Frozen Egg 2","Dramatic Entrance"],"campfire_rested":3,"item_purchase_floors":[4,24,29,29],"current_hp_per_floor":[49,49,49,49,49,49,49,49,49,49,43,43,43,43,43,21,67,67,67,64,56,12,36,36,29,29,29,29,29,29,18,42,2,61,57,57,57,54,54,54,41,41,41,41,41,25,25,25,49,0],"gold":588,"neow_bonus":"TRANSFORM_TWO_CARDS","is_prod":false,"is_daily":false,"chose_seed":false,"campfire_upgraded":6,"win_rate":0,"timestamp":1548270694,"path_taken":["M","?","M","?","$","R","?","R","T","?","E","?","M","M","R","BOSS","M","?","M","M","?","R","$","?","T","?","E","$","R","M","R","BOSS","M","?","M","M","?","R","M","R","T","?","M","M","?","?","R","BOSS"],"build_version":"2019-01-23","purchased_purges":3,"victory":false,"max_hp_per_floor":[75,75,75,75,75,75,75,75,75,75,75,75,75,75,75,75,80,80,80,80,80,80,80,80,80,80,80,80,80,80,80,80,80,80,80,80,80,80,80,80,80,80,80,80,80,80,80,80,80,80],"card_choices":[{"not_picked":["Double Energy","Rebound"],"picked":"Steam","floor":1.0},{"not_picked":["Cold Snap","Barrage"],"picked":"Beam Cell","floor":3.0},{"not_picked":["Beam Cell","Stack","Fusion"],"picked":"SKIP","floor":7.0},{"not_picked":["Leap","Cold Snap","Aggregate"],"picked":"SKIP","floor":11.0},{"not_picked":["Storm","Leap"],"picked":"Sweeping Beam","floor":12.0},{"not_picked":["Go for the Eyes","Streamline"],"picked":"Fission","floor":13.0},{"not_picked":["Fusion","Turbo"],"picked":"Gash","floor":14.0},{"not_picked":["Creative AI","Rainbow"],"picked":"Reboot","floor":16.0},{"not_picked":["Reprogram+1","Compile Driver","Stack"],"picked":"SKIP","floor":18.0},{"not_picked":["Steam","Turbo+1"],"picked":"Auto Shields+1","floor":20.0},{"not_picked":["Chaos","Gash"],"picked":"Hologram","floor":21.0},{"not_picked":["Ball Lightning","Stack+1"],"picked":"Chaos+1","floor":22.0},{"not_picked":["Steam","Compile Driver"],"picked":"Barrage+1","floor":25.0},{"not_picked":["Cold Snap","Leap"],"picked":"Redo","floor":28.0},{"not_picked":["Glacier+1","Amplify+1","Turbo+1"],"picked":"SKIP","floor":31.0},{"not_picked":["Amplify+1","Seek+1"],"picked":"All For One","floor":33.0},{"not_picked":["Chaos+1","Auto Shields+1","Lockon"],"picked":"SKIP","floor":35.0},{"not_picked":["Genetic Algorithm+1","Steam Power+1","Turbo+1"],"picked":"SKIP","floor":37.0},{"not_picked":["Storm+1","Sweeping Beam+1"],"picked":"Reprogram+1","floor":38.0},{"not_picked":["Chill+1","Double Energy+1"],"picked":"Coolheaded+1","floor":41.0},{"not_picked":["Beam Cell+1","Barrage+1","Coolheaded+1"],"picked":"SKIP","floor":44.0},{"not_picked":["Reinforced Body+1","Rip and Tear+1"],"picked":"Tempest+1","floor":45.0},{"not_picked":["Steam+1","Stack+1","Turbo+1"],"picked":"SKIP","floor":46.0}],"player_experience":460311,"relics_obtained":[{"floor":9.0,"key":"Orichalcum"},{"floor":11.0,"key":"Bronze Scales"},{"floor":26.0,"key":"Centennial Puzzle"},{"floor":28.0,"key":"Toxic Egg 2"},{"floor":43.0,"key":"Bag of Preparation"},{"floor":48.0,"key":"Dodecahedron"}],"event_choices":[{"cards_removed":["Defend_B"],"damage_healed":0.0,"max_hp_gain":0.0,"max_hp_loss":0.0,"gold_gain":0.0,"event_name":"Bonfire Elementals","player_choice":"Offered Basic","floor":2.0,"gold_loss":0.0,"damage_taken":0.0},{"damage_healed":0.0,"max_hp_gain":0.0,"max_hp_loss":0.0,"gold_gain":0.0,"event_name":"FaceTrader","player_choice":"Trade","floor":10.0,"gold_loss":0.0,"damage_taken":0.0,"relics_obtained":["SsserpentHead"]},{"damage_healed":0.0,"max_hp_gain":0.0,"max_hp_loss":0.0,"gold_gain":275.0,"event_name":"Golden Shrine","player_choice":"Desecrate","floor":19.0,"gold_loss":0.0,"damage_taken":0.0,"cards_obtained":["Regret"]},{"damage_healed":0.0,"max_hp_gain":0.0,"max_hp_loss":0.0,"gold_gain":0.0,"event_name":"The Mausoleum","player_choice":"Opened","floor":27.0,"gold_loss":0.0,"damage_taken":0.0,"relics_obtained":["Anchor"],"cards_obtained":["Writhe"]},{"cards_removed":["Aggregate"],"damage_healed":0.0,"max_hp_gain":0.0,"max_hp_loss":0.0,"gold_gain":0.0,"event_name":"Falling","player_choice":"Removed Skill","floor":36.0,"gold_loss":0.0,"damage_taken":0.0},{"damage_healed":0.0,"max_hp_gain":0.0,"max_hp_loss":0.0,"gold_gain":0.0,"event_name":"Duplicator","player_choice":"Copied","floor":39.0,"gold_loss":0.0,"damage_taken":0.0,"cards_obtained":["All For One"]},{"damage_healed":0.0,"max_hp_gain":0.0,"max_hp_loss":0.0,"gold_gain":0.0,"event_name":"Mysterious Sphere","player_choice":"Ignored","floor":47.0,"gold_loss":0.0,"damage_taken":0.0}],"is_beta":true,"boss_relics":[{"not_picked":["White Beast Statue","Sozu"],"picked":"Tiny House"},{"not_picked":["Inserter","Calling Bell"],"picked":"Pandora\u0027s Box"}],"items_purged_floors":[4,24,29],"is_endless":false,"potions_floor_spawned":[1,13,22,31,35,41],"killed_by":"Time Eater","ascension_level":8}