{"gold_per_floor":[110,60,60,60,60,95,48,84,84,99,123,60,60,80,80,205,205,229,229,229,229,41,41,41],"floor_reached":24,"playtime":561,"items_purged":["Strike_B","Defend_B"],"score":248,"play_id":"28fb128d-c2d1-45ca-be8d-7150ccbe550e","local_time":"20190128061807","is_ascension_mode":false,"campfire_choices":[{"data":"Hologram","floor":13,"key":"SMITH"},{"data":"Zap","floor":15,"key":"SMITH"}],"neow_cost":"NONE","seed_source_timestamp":1519552835992702,"circlet_count":0,"master_deck":["Defend_B","Defend_B","Zap+1","Dualcast","BootSequence","Hologram+1","Go for the Eyes","Fission","Fusion","Panacea"],"relics":["Cracked Core","NeowsBlessing","Golden Idol","Frozen Egg 2","Art of War","Potion Belt","Incense Burner","MawBank","Empty Cage","Pen Nib"],"potions_floor_usage":[18,20],"damage_taken":[{"damage":0,"enemies":"Jaw Worm","floor":1,"turns":1},{"damage":0,"enemies":"Gremlin Nob","floor":6,"turns":1},{"damage":0,"enemies":"3 Sentries","floor":8,"turns":1},{"damage":0,"enemies":"2 Louse","floor":10,"turns":2},{"damage":0,"enemies":"Small Slimes","floor":14,"turns":2},{"damage":55,"enemies":"Hexaghost","floor":16,"turns":13},{"damage":15,"enemies":"2 Thieves","floor":18,"turns":5},{"damage":26,"enemies":"Colosseum Slavers","floor":20,"turns":6},{"damage":0,"enemies":"Chosen","floor":24,"turns":4}],"seed_played":"5863030329343887044","potions_obtained":[{"floor":1,"key":"SpeedPotion"},{"floor":6,"key":"Regen Potion"},{"floor":8,"key":"Weak Potion"},{"floor":16,"key":"Fire Potion"},{"floor":18,"key":"Weak Potion"}],"is_trial":false,"path_per_floor":["M","?","?","$","?","E","$","E","T","M","T","$","R","M","R","B",null,"M","?","?","T","$","?","M"],"character_chosen":"DEFECT","items_purchased":["Hologram","Panacea"],"campfire_rested":0,"item_purchase_floors":[7,22],"current_hp_per_floor":[75,75,69,69,62,62,62,62,62,62,62,62,62,62,62,7,69,54,54,28,28,28,28,28],"gold":41,"neow_bonus":"THREE_ENEMY_KILL","is_prod":false,"is_daily":false,"chose_seed":false,"campfire_upgraded":2,"win_rate":0,"timestamp":1548656287,"path_taken":["M","?","?","$","?","E","?","E","T","M","?","?","R","M","R","BOSS","M","?","?","?","$","?","M"],"build_version":"2019-01-23","purchased_purges":2,"victory":false,"max_hp_per_floor":[75,75,69,69,69,69,69,69,69,69,69,69,69,69,69,69,69,69,69,69,69,69,69,69],"card_choices":[{"not_picked":["Sweeping Beam","Turbo"],"picked":"BootSequence","floor":1},{"not_picked":["Hologram","Chaos","Sweeping Beam"],"picked":"SKIP","floor":6},{"not_picked":["Ball Lightning","Redo","Electrodynamics+1"],"picked":"SKIP","floor":8},{"not_picked":["Coolheaded","Self Repair+1","Turbo"],"picked":"SKIP","floor":10},{"not_picked":["Beam Cell","Sweeping Beam"],"picked":"Go for the Eyes","floor":14},{"not_picked":["Buffer+1","Thunder Strike"],"picked":"Fission","floor":16},{"not_picked":["Go for the Eyes","Compile Driver"],"picked":"Fusion","floor":18}],"player_experience":500491,"relics_obtained":[{"floor":6,"key":"Art of War"},{"floor":8,"key":"Potion Belt"},{"floor":9,"key":"Incense Burner"},{"floor":11,"key":"MawBank"},{"floor":21,"key":"Pen Nib"}],"event_choices":[{"cards_removed":["Strike_B"],"damage_healed":0,"gold_gain":0,"player_choice":"Card Removal","damage_taken":0,"max_hp_gain":0,"max_hp_loss":0,"event_name":"The Cleric","floor":2,"gold_loss":50},{"damage_healed":0,"gold_gain":0,"player_choice":"Lose Max HP","damage_taken":0,"relics_obtained":["Golden Idol"],"max_hp_gain":0,"max_hp_loss":6,"event_name":"Golden Idol","floor":3,"gold_loss":0},{"damage_healed":0,"gold_gain":0,"player_choice":"Success","damage_taken":7,"relics_obtained":["Frozen Egg 2"],"max_hp_gain":0,"max_hp_loss":0,"event_name":"Scrap Ooze","floor":5,"gold_loss":0},{"damage_healed":0,"gold_gain":0,"player_choice":"Ignored","damage_taken":0,"max_hp_gain":0,"max_hp_loss":0,"event_name":"Vampires","floor":19,"gold_loss":0},{"damage_healed":0,"gold_gain":0,"player_choice":"Fight","damage_taken":0,"max_hp_gain":0,"max_hp_loss":0,"event_name":"Colosseum","floor":20,"gold_loss":0},{"damage_healed":0,"gold_gain":0,"player_choice":"Fled From Nobs","damage_taken":0,"max_hp_gain":0,"max_hp_loss":0,"event_name":"Colosseum","floor":20,"gold_loss":0},{"cards_removed":["Strike_B"],"damage_healed":0,"gold_gain":0,"player_choice":"Purged","damage_taken":0,"max_hp_gain":0,"max_hp_loss":0,"event_name":"Purifier","floor":23,"gold_loss":0}],"is_beta":true,"boss_relics":[{"not_picked":["Coffee Dripper","Philosopher\u0027s Stone"],"picked":"Empty Cage"}],"items_purged_floors":[12,22],"is_endless":false,"potions_floor_spawned":[1,6,8,16,18],"killed_by":"Chosen","ascension_level":0}