{"gold_per_floor":[118,135,135,151,164,194,212,212],"floor_reached":8,"playtime":315,"items_purged":[],"score":66,"play_id":"18059603-6d40-4e38-a645-c9fa6d0d06ad","local_time":"20190131222213","is_ascension_mode":true,"campfire_choices":[],"neow_cost":"NONE","seed_source_timestamp":28991069914869,"circlet_count":0,"master_deck":["Defend_G","Defend_G","Defend_G","Defend_G","Defend_G","Strike_G","Strike_G","Strike_G","Strike_G","Strike_G","Survivor","Neutralize","Slice","Slice","Prepared","Cloak And Dagger","Slice","Backstab"],"relics":["Ring of the Snake","NeowsBlessing","StoneCalendar","Frozen Egg 2"],"potions_floor_usage":[8],"damage_taken":[{"damage":0,"enemies":"Jaw Worm","floor":1,"turns":1},{"damage":0,"enemies":"Small Slimes","floor":2,"turns":1},{"damage":0,"enemies":"2 Louse","floor":4,"turns":1},{"damage":11,"enemies":"Exordium Wildlife","floor":5,"turns":7},{"damage":40,"enemies":"Gremlin Nob","floor":6,"turns":6},{"damage":5,"enemies":"2 Fungi Beasts","floor":7,"turns":4},{"damage":8,"enemies":"3 Sentries","floor":8,"turns":3}],"seed_played":"5682674602535357333","potions_obtained":[{"floor":2,"key":"Ancient Potion"},{"floor":7,"key":"Energy Potion"}],"is_trial":false,"path_per_floor":["M","M","?","M","M","E","M","E"],"character_chosen":"THE_SILENT","items_purchased":[],"campfire_rested":0,"item_purchase_floors":[],"current_hp_per_floor":[70,70,63,63,52,12,7,0],"gold":212,"neow_bonus":"THREE_ENEMY_KILL","is_prod":false,"is_daily":false,"chose_seed":false,"campfire_upgraded":0,"win_rate":0,"timestamp":1548969733,"path_taken":["M","M","?","M","M","E","M","E"],"build_version":"2019-01-23","purchased_purges":0,"victory":false,"max_hp_per_floor":[70,70,70,70,70,70,70,70],"card_choices":[{"not_picked":["Prepared","Deadly Poison"],"picked":"Slice","floor":1},{"not_picked":["Skewer","Underhanded Strike"],"picked":"Slice","floor":2},{"not_picked":["Underhanded Strike","Well Laid Plans"],"picked":"Prepared","floor":4},{"not_picked":["Heel Hook","Skewer"],"picked":"Cloak And Dagger","floor":5},{"not_picked":["Prepared","Bouncing Flask"],"picked":"Slice","floor":6},{"not_picked":["Cloak And Dagger","Quick Slash"],"picked":"Backstab","floor":7}],"player_experience":144958,"relics_obtained":[{"floor":6,"key":"Frozen Egg 2"}],"event_choices":[{"damage_healed":0,"gold_gain":0,"player_choice":"Success","damage_taken":7,"relics_obtained":["StoneCalendar"],"max_hp_gain":0,"max_hp_loss":0,"event_name":"Scrap Ooze","floor":3,"gold_loss":0}],"is_beta":false,"boss_relics":[],"items_purged_floors":[],"is_endless":false,"potions_floor_spawned":[2,7],"killed_by":"3 Sentries","ascension_level":2}