{"gold_per_floor":[113,113,388,398,43,55,74,2,80,107,124,124,124,141,141,214,214,239,266,278,305,329,341,364,376,415,427,218,229,255,268,268,268],"floor_reached":33,"playtime":1816,"items_purged":["Regret","Strike_G"],"score":414,"play_id":"82673eea-9ec3-4295-9f62-839b28fefb59","local_time":"20190205230450","is_ascension_mode":true,"campfire_choices":[{"floor":13.0,"key":"REST"},{"data":"Panache","floor":15.0,"key":"SMITH"},{"floor":23,"key":"REST"},{"floor":25,"key":"REST"},{"data":"Blade Dance","floor":27,"key":"SMITH"},{"data":"Blade Dance","floor":32,"key":"SMITH"}],"neow_cost":"TEN_PERCENT_HP_LOSS","seed_source_timestamp":0,"circlet_count":0,"master_deck":["AscendersBane","Defend_G","Defend_G","Defend_G","Defend_G","Defend_G","Strike_G","Strike_G","Strike_G","Strike_G","Survivor","Neutralize","Backflip","Dagger Throw","Adrenaline","Panache+1","Blade Dance+1","Distraction","Accuracy","Venomology","Blade Dance+1","Adrenaline","Writhe","Writhe","Parasite","Leg Sweep+1","Prepared+1","Adrenaline+1","Venomology+1","Concentrate+1","Calculated Gamble+1","Bandage Up+1","Cloak And Dagger+1"],"special_seed":0,"relics":["Ring of the Snake","Ginger","Bag of Preparation","Blue Candle","Boot","Tough Bandages","Calling Bell","MawBank","Toxic Egg 2","WingedGreaves","Smiling Mask","Bronze Scales"],"potions_floor_usage":[22,22,22,22,22,22,24,29,29,29,31,31,33,33,33],"damage_taken":[{"damage":0.0,"enemies":"Cultist","floor":1.0,"turns":4.0},{"damage":26.0,"enemies":"Jaw Worm","floor":4.0,"turns":9.0},{"damage":0.0,"enemies":"2 Louse","floor":6.0,"turns":1.0},{"damage":0.0,"enemies":"Looter","floor":7.0,"turns":4.0},{"damage":5.0,"enemies":"3 Sentries","floor":10.0,"turns":8.0},{"damage":0.0,"enemies":"Lots of Slimes","floor":11.0,"turns":1.0},{"damage":0.0,"enemies":"Gremlin Gang","floor":14.0,"turns":1.0},{"damage":26.0,"enemies":"The Guardian","floor":16.0,"turns":13.0},{"damage":25.0,"enemies":"Chosen","floor":18.0,"turns":5.0},{"damage":0.0,"enemies":"Spheric Guardian","floor":19.0,"turns":1.0},{"damage":8.0,"enemies":"Snake Plant","floor":21.0,"turns":4.0},{"damage":44,"enemies":"Chosen and Byrds","floor":22,"turns":10},{"damage":10,"enemies":"Shelled Parasite and Fungi","floor":24,"turns":3},{"damage":1,"enemies":"Snecko","floor":29,"turns":5},{"damage":3,"enemies":"Cultist and Chosen","floor":31,"turns":5},{"damage":96,"enemies":"Automaton","floor":33,"turns":12}],"seed_played":"3668770040072760239","potions_obtained":[{"floor":4.0,"key":"Swift Potion"},{"floor":6.0,"key":"Fruit Juice"},{"floor":7.0,"key":"AttackPotion"},{"floor":16.0,"key":"Energy Potion"},{"floor":24,"key":"Ancient Potion"},{"floor":29,"key":"PowerPotion"}],"is_trial":false,"path_per_floor":["M","T","?","M","$","M","M","$","T","E","M","?","R","M","R","B",null,"M","M","?","M","M","R","M","R","T","R","$","M","T","M","R","B"],"character_chosen":"THE_SILENT","items_purchased":["Adrenaline","Panache","Blade Dance","Accuracy","Calculated Gamble+1","Bandage Up+1","Cloak And Dagger+1"],"campfire_rested":3,"item_purchase_floors":[5,5,5,8,28,28,28],"current_hp_per_floor":[63,63,63,37,37,42,42,42,42,37,37,12,32,32,32,6,53,28,28,28,20,20,40,30,50,50,50,50,55,55,58,58,0],"gold":268,"neow_bonus":"ONE_RARE_RELIC","is_prod":false,"is_daily":false,"chose_seed":false,"campfire_upgraded":3,"win_rate":0,"timestamp":1549407890,"path_taken":["M","?","?","M","$","M","M","$","T","E","?","?","R","M","R","BOSS","M","M","?","?","?","R","M","R","T","R","$","M","?","M","R","BOSS"],"build_version":"2019-01-23","purchased_purges":2,"victory":false,"max_hp_per_floor":[63,63,63,63,63,68,68,68,68,68,68,68,68,68,68,68,68,68,68,68,68,68,68,68,68,68,68,68,68,68,68,68,68],"card_choices":[{"not_picked":["Prepared","Reflex"],"picked":"Backflip","floor":1.0},{"not_picked":["Poisoned Stab","Dagger Spray"],"picked":"Dagger Throw","floor":4.0},{"not_picked":["Sucker Punch","Dagger Throw","Heel Hook"],"picked":"SKIP","floor":6.0},{"not_picked":["Dagger Spray","Bane"],"picked":"Distraction","floor":7.0},{"not_picked":["Acrobatics","Poisoned Stab"],"picked":"Venomology","floor":10.0},{"not_picked":["Heel Hook","Dagger Throw"],"picked":"Blade Dance","floor":11.0},{"not_picked":["Expertise","Slice","Dagger Throw"],"picked":"SKIP","floor":14.0},{"not_picked":["Venomology","Envenom"],"picked":"Adrenaline","floor":16.0},{"not_picked":["Crippling Poison+1","Expertise+1"],"picked":"Leg Sweep+1","floor":18.0},{"not_picked":["Concentrate+1","Crippling Poison+1"],"picked":"Prepared+1","floor":19.0},{"not_picked":["PiercingWail+1","Prepared+1"],"picked":"Venomology+1","floor":21.0},{"not_picked":["Finisher","Bane"],"picked":"Concentrate+1","floor":22},{"not_picked":["Underhanded Strike","Backflip+1","Blade Dance+1"],"picked":"SKIP","floor":24},{"not_picked":["Heel Hook","Flechettes","Deflect+1"],"picked":"SKIP","floor":29},{"not_picked":["Masterful Stab","Deadly Poison+1","Noxious Fumes"],"picked":"SKIP","floor":31}],"player_experience":565612,"relics_obtained":[{"floor":2.0,"key":"Bag of Preparation"},{"floor":9.0,"key":"Blue Candle"},{"floor":10.0,"key":"Boot"},{"floor":17.0,"key":"MawBank"},{"floor":17.0,"key":"Toxic Egg 2"},{"floor":17.0,"key":"WingedGreaves"},{"floor":26,"key":"Smiling Mask"},{"floor":30,"key":"Bronze Scales"}],"event_choices":[{"damage_healed":0.0,"max_hp_gain":0.0,"max_hp_loss":0.0,"gold_gain":275.0,"event_name":"Golden Shrine","player_choice":"Desecrate","floor":3.0,"gold_loss":0.0,"damage_taken":0.0,"cards_obtained":["Regret"]},{"damage_healed":0.0,"max_hp_gain":0.0,"max_hp_loss":0.0,"gold_gain":0.0,"event_name":"Scrap Ooze","player_choice":"Success","floor":12.0,"gold_loss":0.0,"damage_taken":25.0,"relics_obtained":["Tough Bandages"]},{"damage_healed":0.0,"max_hp_gain":0.0,"max_hp_loss":0.0,"gold_gain":0.0,"event_name":"Duplicator","player_choice":"Copied","floor":20.0,"gold_loss":0.0,"damage_taken":0.0,"cards_obtained":["Adrenaline"]}],"is_beta":true,"boss_relics":[{"not_picked":["White Beast Statue","Tiny House"],"picked":"Calling Bell"}],"items_purged_floors":[5,28],"is_endless":false,"potions_floor_spawned":[4,6,7,16,24,29],"killed_by":"Automaton","ascension_level":13}