{"path_per_floor":["M","?","?","?","M","R","E","R","T","M","?","M","M","M","R","B",null,"M","M","M","$","M","R","$","M","T","?","M","R","M","M","R"],"character_chosen":"DEFECT","items_purchased":["Thinking Ahead","Master of Strategy"],"gold_per_floor":[112,112,112,287,300,300,326,326,326,336,366,384,403,420,420,520,550,563,582,597,321,334,334,23,34,34,34,48,48,68,78,78,78],"floor_reached":33,"campfire_rested":2,"playtime":1476,"current_hp_per_floor":[75,75,75,75,74,74,38,38,38,34,34,34,33,39,61,14,80,69,36,34,34,26,26,26,26,26,26,26,26,15,11,35,0],"items_purged":["Doubt","Strike_B"],"gold":78,"score":291,"play_id":"18052120-5e94-4a0b-8226-2ec5ac5004f0","local_time":"20180507190238","is_prod":false,"is_daily":false,"chose_seed":false,"is_ascension_mode":true,"campfire_upgraded":4,"timestamp":1525744958,"path_taken":["M","?","?","?","?","R","E","R","T","M","?","M","M","M","R","BOSS","M","M","M","$","M","R","$","M","T","?","M","R","M","M","R","BOSS"],"build_version":"2018-05-03","seed_source_timestamp":39783430975808,"purchased_purges":2,"victory":false,"master_deck":["Strike_B","Strike_B","Defend_B","Defend_B","Defend_B+1","Zap+1","Dualcast+1","Recycle","Buffer+1","Streamline","Scrape+1","Reboot","Thinking Ahead+1","Master of Strategy"],"max_hp_per_floor":[75,75,75,75,75,75,75,75,75,75,75,75,75,75,75,75,80,80,80,80,80,80,80,80,80,80,80,80,80,80,80,80,80],"relics":["Cracked Core","Prayer Wheel","Girya","Bag of Preparation","Tiny House","Blood Vial"],"card_choices":[{"not_picked":["Leap","Beam Cell"],"picked":"Recycle","floor":1},{"not_picked":["Stack","Fission"],"picked":"Streamline","floor":9},{"not_picked":["Undo","Beam Cell"],"picked":"Scrape","floor":12},{"not_picked":["Rainbow","Redo"],"picked":"Reboot","floor":16}],"player_experience":175610,"potions_floor_usage":[12,14,16,20,20,25,25,31],"damage_taken":[{"damage":0,"enemies":"Small Slimes","floor":1,"turns":2},{"damage":1,"enemies":"Cultist","floor":5,"turns":3},{"damage":36,"enemies":"Gremlin Nob","floor":7,"turns":5},{"damage":4,"enemies":"2 Louse","floor":10,"turns":2},{"damage":0,"enemies":"Gremlin Gang","floor":12,"turns":5},{"damage":1,"enemies":"Looter","floor":13,"turns":2},{"damage":0,"enemies":"Large Slime","floor":14,"turns":3},{"damage":47,"enemies":"Hexaghost","floor":16,"turns":9},{"damage":11,"enemies":"Spheric Guardian","floor":18,"turns":4},{"damage":33,"enemies":"Shell Parasite","floor":19,"turns":7},{"damage":2,"enemies":"3 Cultists","floor":20,"turns":5},{"damage":8,"enemies":"Snake Plant","floor":22,"turns":4},{"damage":0,"enemies":"Centurion and Healer","floor":25,"turns":2},{"damage":2,"enemies":"Snecko","floor":28,"turns":3},{"damage":13,"enemies":"3 Cultists","floor":30,"turns":5},{"damage":6,"enemies":"Centurion and Healer","floor":31,"turns":3},{"damage":43,"enemies":"Champ","floor":33,"turns":8}],"event_choices":[{"event_name":"Living Wall","player_choice":"Change","floor":2,"damage_taken":0},{"event_name":"Bonfire Elementals","player_choice":"BASIC","floor":3,"damage_taken":0},{"event_name":"Liars Game","player_choice":"agreed","floor":4,"damage_taken":0},{"event_name":"Dead Adventurer","player_choice":"Searched \u00272\u0027 times","floor":11,"damage_taken":0},{"event_name":"Addict","player_choice":"Ignored","floor":27,"damage_taken":0}],"boss_relics":[{"not_picked":["Runic Pyramid","Philosopher\u0027s Stone"],"picked":"Tiny House"}],"potions_floor_spawned":[1,12,13,19,20,22,30],"seed_played":"4563026594053265796","killed_by":"Champ","ascension_level":3,"is_trial":false}