{"gold_per_floor":[165,183,203,219,16,16,28,28,28,28,40,40,60,60,60,163,163,181,181,56,68,86,86,86,113,138,38,58,68,68,86,86,188,188,205,215,90,90,90,90,125,125,125,136,185,185,0,0,0,0],"floor_reached":51,"playtime":1689,"items_purged":["Strike_R","Strike_R","Strike_R"],"score":762,"play_id":"63fe6153-f41c-4935-80aa-21b8cecc591a","local_time":"20181222221336","is_ascension_mode":false,"campfire_choices":[{"data":"Body Slam","floor":6.0,"key":"SMITH"},{"data":"Iron Wave","floor":8.0,"key":"SMITH"},{"data":"Cleave","floor":10.0,"key":"SMITH"},{"floor":15.0,"key":"REST"},{"data":"Iron Wave","floor":23.0,"key":"SMITH"},{"floor":30.0,"key":"REST"},{"data":"Twin Strike","floor":32.0,"key":"SMITH"},{"data":"Defend_R","floor":40.0,"key":"SMITH"},{"floor":42.0,"key":"REST"},{"floor":46.0,"key":"REST"},{"floor":49.0,"key":"REST"}],"neow_cost":"NONE","seed_source_timestamp":0,"circlet_count":0,"master_deck":["Strike_R","Defend_R","Defend_R+1","Defend_R+1","Bash+1","Body Slam+1","Iron Wave+1","Thunderclap+1","Cleave+1","Pommel Strike+1","Twin Strike+1","Thunderclap+1","Iron Wave+1","Iron Wave+1","Shrug It Off+1"],"special_seed":0,"relics":["Tiny House","Brimstone","Dodecahedron","Mark of Pain","Mango","Happy Flower","Singing Bowl","Toxic Egg 2","Torii","Red Mask"],"potions_floor_usage":[50],"damage_taken":[{"damage":0.0,"enemies":"Cultist","floor":1.0,"turns":4.0},{"damage":5.0,"enemies":"Small Slimes","floor":2.0,"turns":3.0},{"damage":1.0,"enemies":"2 Louse","floor":3.0,"turns":3.0},{"damage":13.0,"enemies":"Large Slime","floor":4.0,"turns":7.0},{"damage":12.0,"enemies":"Blue Slaver","floor":7.0,"turns":3.0},{"damage":0.0,"enemies":"Exordium Wildlife","floor":11.0,"turns":2.0},{"damage":2.0,"enemies":"Large Slime","floor":13.0,"turns":3.0},{"damage":47.0,"enemies":"The Guardian","floor":16.0,"turns":8.0},{"damage":9.0,"enemies":"Shell Parasite","floor":18.0,"turns":2.0},{"damage":2.0,"enemies":"Spheric Guardian","floor":21.0,"turns":3.0},{"damage":10.0,"enemies":"Shelled Parasite and Fungi","floor":22.0,"turns":3.0},{"damage":26.0,"enemies":"Book of Stabbing","floor":25.0,"turns":4.0},{"damage":12.0,"enemies":"Snake Plant","floor":28.0,"turns":3.0},{"damage":3.0,"enemies":"Centurion and Healer","floor":29.0,"turns":4.0},{"damage":0.0,"enemies":"3 Cultists","floor":31.0,"turns":2.0},{"damage":6.0,"enemies":"Automaton","floor":33.0,"turns":6.0},{"damage":17.0,"enemies":"3 Darklings","floor":35.0,"turns":4.0},{"damage":6.0,"enemies":"Orb Walker","floor":36.0,"turns":3.0},{"damage":55.0,"enemies":"Nemesis","floor":41.0,"turns":5.0},{"damage":5.0,"enemies":"Spire Growth","floor":44.0,"turns":3.0},{"damage":26.0,"enemies":"2 Orb Walkers","floor":45.0,"turns":4.0},{"damage":73,"enemies":"Donu and Deca","floor":50,"turns":7}],"seed_played":"2551252229908021715","potions_obtained":[{"floor":0.0,"key":"Strength Potion"},{"floor":2.0,"key":"AttackPotion"},{"floor":3.0,"key":"EntropicBrew"},{"floor":11.0,"key":"Ancient Potion"},{"floor":21.0,"key":"Explosive Potion"},{"floor":22.0,"key":"FearPotion"},{"floor":31.0,"key":"SpeedPotion"},{"floor":33.0,"key":"Poison Potion"},{"floor":35.0,"key":"BloodPotion"},{"floor":45.0,"key":"Poison Potion"}],"is_trial":false,"path_per_floor":["M","M","M","M","$","R","M","R","T","R","M","$","M","?","R","B",null,"M","?","$","M","M","R","?","E","T","$","M","M","R","M","R","B",null,"M","M","$","?","$","R","E","R","T","M","?","R","?","?","R","B",null],"character_chosen":"IRONCLAD","items_purchased":["Brimstone","Twin Strike"],"campfire_rested":5,"item_purchase_floors":[5,20],"current_hp_per_floor":[85,80,79,66,66,66,54,54,54,54,54,54,52,52,77,30,85,76,76,76,74,64,64,64,52,52,52,40,37,66,66,66,60,99,82,85,85,85,85,85,32,62,62,57,33,63,63,63,93,20],"gold":0,"neow_bonus":"BOSS_RELIC","is_prod":false,"is_daily":false,"chose_seed":false,"campfire_upgraded":6,"win_rate":0,"timestamp":1545516816,"path_taken":["M","M","?","M","$","R","M","R","T","R","M","$","M","?","R","BOSS","M","?","$","M","?","R","?","E","T","$","M","?","R","M","R","BOSS","M","M","$","?","?","R","E","R","T","M","?","R","?","?","R","BOSS"],"build_version":"2018-12-20","purchased_purges":3,"victory":true,"max_hp_per_floor":[85,85,85,85,85,85,85,85,85,85,85,85,85,85,85,85,85,85,85,85,85,85,85,85,99,99,99,99,99,99,99,99,99,99,99,99,99,99,99,99,101,101,101,101,103,103,103,103,103,103],"card_choices":[{"not_picked":["Havoc","Sever Soul"],"picked":"Body Slam","floor":0.0},{"not_picked":["Pommel Strike","Blood for Blood"],"picked":"Iron Wave","floor":1.0},{"not_picked":["Sword Boomerang","Twin Strike"],"picked":"Thunderclap","floor":2.0},{"not_picked":["Rage","Bloodletting","Seeing Red"],"picked":"SKIP","floor":3.0},{"not_picked":["Second Wind","Heavy Blade"],"picked":"Cleave","floor":4.0},{"not_picked":["Cleave","Hemokinesis","Flame Barrier"],"picked":"SKIP","floor":7.0},{"not_picked":["Intimidate","Whirlwind","Havoc"],"picked":"SKIP","floor":11.0},{"not_picked":["Battle Trance","Spot Weakness","Shockwave"],"picked":"SKIP","floor":13.0},{"not_picked":["Metallicize","Corruption"],"picked":"Pommel Strike+1","floor":18.0},{"not_picked":["Sentinel+1","Carnage+1"],"picked":"Thunderclap+1","floor":21.0},{"not_picked":["Sword Boomerang","Body Slam"],"picked":"Iron Wave","floor":22.0},{"not_picked":["Warcry","Searing Blow","Headbutt"],"picked":"SKIP","floor":25.0},{"not_picked":["Sever Soul+1","Feel No Pain","Dropkick"],"picked":"SKIP","floor":28.0},{"not_picked":["Inflame","Clash","Havoc"],"picked":"SKIP","floor":29.0},{"not_picked":["Juggernaut","Metallicize","Feel No Pain"],"picked":"SKIP","floor":31.0},{"not_picked":["Thunderclap+1","Wild Strike+1","Heavy Blade"],"picked":"SKIP","floor":35.0},{"not_picked":["True Grit","Flex"],"picked":"Iron Wave+1","floor":36.0},{"not_picked":["Limit Break","Pommel Strike","Armaments"],"picked":"Singing Bowl","floor":41.0},{"not_picked":["Clothesline","Twin Strike+1"],"picked":"Shrug It Off+1","floor":44.0},{"not_picked":["Dual Wield+1","Dropkick","Sentinel+1"],"picked":"Singing Bowl","floor":45.0}],"player_experience":348471,"relics_obtained":[{"floor":9.0,"key":"Dodecahedron"},{"floor":25.0,"key":"Mango"},{"floor":26.0,"key":"Happy Flower"},{"floor":41.0,"key":"Singing Bowl"},{"floor":43.0,"key":"Toxic Egg 2"},{"floor":45.0,"key":"Torii"}],"event_choices":[{"damage_healed":0.0,"max_hp_gain":0.0,"max_hp_loss":0.0,"gold_gain":0.0,"event_name":"Liars Game","player_choice":"Ignored","floor":14.0,"gold_loss":0.0,"damage_taken":0.0},{"cards_removed":["Strike_R"],"damage_healed":0.0,"max_hp_gain":0.0,"max_hp_loss":0.0,"gold_gain":0.0,"event_name":"Wheel of Change","player_choice":"Card Removal","floor":19.0,"gold_loss":0.0,"damage_taken":0.0},{"damage_healed":0.0,"max_hp_gain":0.0,"max_hp_loss":0.0,"gold_gain":0.0,"event_name":"Upgrade Shrine","player_choice":"Upgraded","floor":24.0,"gold_loss":0.0,"damage_taken":0.0,"cards_upgraded":["Thunderclap"]},{"damage_healed":0.0,"max_hp_gain":0.0,"max_hp_loss":0.0,"gold_gain":0.0,"event_name":"Accursed Blacksmith","player_choice":"Forge","floor":38.0,"gold_loss":0.0,"damage_taken":0.0,"cards_upgraded":["Defend_R"]},{"damage_healed":0.0,"max_hp_gain":0.0,"max_hp_loss":0.0,"gold_gain":0.0,"event_name":"Mysterious Sphere","player_choice":"Fight","floor":45.0,"gold_loss":0.0,"damage_taken":0.0},{"damage_healed":0.0,"max_hp_gain":0.0,"max_hp_loss":0.0,"gold_gain":0.0,"event_name":"Tomb of Lord Red Mask","player_choice":"Paid","floor":47.0,"gold_loss":185.0,"damage_taken":0.0,"relics_obtained":["Red Mask"]},{"cards_removed":["Defend_R"],"damage_healed":0.0,"max_hp_gain":0.0,"max_hp_loss":0.0,"gold_gain":0.0,"event_name":"Falling","player_choice":"Removed Skill","floor":48.0,"gold_loss":0.0,"damage_taken":0.0}],"is_beta":true,"boss_relics":[{"not_picked":["Snecko Eye","Coffee Dripper"],"picked":"Mark of Pain"},{"not_picked":["Pandora\u0027s Box","Calling Bell","Philosopher\u0027s Stone"]}],"items_purged_floors":[20,27,37],"is_endless":false,"potions_floor_spawned":[2,3,11,21,22,31,33,35,45],"ascension_level":0}