{"gold_per_floor":[115,133,151,151,165,197,39,39],"floor_reached":8,"playtime":467,"items_purged":["Doubt"],"score":64,"play_id":"fc8e9ca2-c9db-4d33-a861-f428fc53d702","local_time":"20190131165814","is_ascension_mode":true,"campfire_choices":[],"neow_cost":"CURSE","seed_source_timestamp":9401373471354,"circlet_count":0,"master_deck":["Defend_G","Defend_G","Defend_G","Defend_G","Defend_G","Strike_G","Strike_G","Strike_G","Strike_G","Strike_G","Survivor","Neutralize","Bullet Time","Slice","Deadly Poison","Masterful Stab","Underhanded Strike","Jack Of All Trades"],"relics":["Ring of the Snake","SsserpentHead","StoneCalendar"],"potions_floor_usage":[6],"damage_taken":[{"damage":7,"enemies":"Jaw Worm","floor":1,"turns":11},{"damage":6,"enemies":"Cultist","floor":2,"turns":4},{"damage":2,"enemies":"Small Slimes","floor":3,"turns":4},{"damage":17,"enemies":"Blue Slaver","floor":5,"turns":4},{"damage":51,"enemies":"Lagavulin","floor":6,"turns":9},{"damage":9,"enemies":"3 Sentries","floor":8,"turns":3}],"seed_played":"-2328872617823676317","potions_obtained":[{"floor":1,"key":"Regen Potion"},{"floor":3,"key":"GamblersBrew"}],"is_trial":false,"path_per_floor":["M","M","M","?","M","E","$","E"],"character_chosen":"THE_SILENT","items_purchased":["Jack Of All Trades"],"campfire_rested":0,"item_purchase_floors":[7],"current_hp_per_floor":[63,57,55,55,38,2,2,0],"gold":39,"neow_bonus":"THREE_RARE_CARDS","is_prod":false,"is_daily":false,"chose_seed":false,"campfire_upgraded":0,"win_rate":0,"timestamp":1548950294,"path_taken":["M","M","M","?","M","E","$","E"],"build_version":"2019-01-23","purchased_purges":1,"victory":false,"max_hp_per_floor":[70,70,70,70,70,70,70,70],"card_choices":[{"not_picked":["Doppelganger","Night Terror"],"picked":"Bullet Time","floor":0},{"not_picked":["Backflip","Dagger Spray"],"picked":"Slice","floor":1},{"not_picked":["Dagger Spray","Terror"],"picked":"Deadly Poison","floor":2},{"not_picked":["Sucker Punch","Grand Finale"],"picked":"Masterful Stab","floor":3},{"not_picked":["Outmaneuver","PiercingWail","Acrobatics"],"picked":"SKIP","floor":5},{"not_picked":["Outmaneuver","Dagger Spray"],"picked":"Underhanded Strike","floor":6}],"player_experience":128475,"relics_obtained":[{"floor":6,"key":"StoneCalendar"}],"event_choices":[{"damage_healed":0,"gold_gain":0,"player_choice":"Trade","damage_taken":0,"relics_obtained":["SsserpentHead"],"max_hp_gain":0,"max_hp_loss":0,"event_name":"FaceTrader","floor":4,"gold_loss":0}],"is_beta":false,"boss_relics":[],"items_purged_floors":[7],"is_endless":false,"potions_floor_spawned":[1,3],"killed_by":"3 Sentries","ascension_level":2}