{"gold_per_floor":[109,109,184,184,24,24,58,58,58,83,83,97,156,174,174,246,246,261,261,83,96,107,107,125,148,173,173,273,273,293,322,322,401,401,413,7,24,0,0,13,13,13,13,13,30,42,42,42,42,42,42],"floor_reached":52,"playtime":1644,"items_purged":["Strike_G"],"score":1902,"play_id":"fc112f6a-73c4-490c-9815-ef209aa51584","local_time":"20190204021721","is_ascension_mode":true,"campfire_choices":[{"data":"Neutralize","floor":6.0,"key":"SMITH"},{"data":"All Out Attack","floor":11.0,"key":"SMITH"},{"data":"Poisoned Stab","floor":15.0,"key":"SMITH"},{"data":"Enlightenment","floor":23.0,"key":"SMITH"},{"data":"Sucker Punch","floor":27.0,"key":"SMITH"},{"data":"Noxious Fumes","floor":29.0,"key":"SMITH"},{"floor":32.0,"key":"REST"},{"data":"After Image","floor":42.0,"key":"SMITH"},{"data":"Footwork","floor":44.0,"key":"SMITH"},{"data":"Burst","floor":49.0,"key":"SMITH"}],"neow_cost":"NONE","seed_source_timestamp":10363692507618,"circlet_count":0,"master_deck":["AscendersBane","Survivor","Neutralize+1","All Out Attack+1","Backstab","Poisoned Stab+1","Predator","Backflip","Dodge and Roll","Corpse Explosion","Underhanded Strike","Deadly Poison","Riddle With Holes","Backstab","Corpse Explosion","Backflip","Underhanded Strike","Sucker Punch","After Image","Sucker Punch+1","Enlightenment+1","Outmaneuver","Flying Knee","Noxious Fumes+1","Sucker Punch+1","Crippling Poison+1","After Image+1","Cloak And Dagger+1","Bullet Time","Deflect","Footwork+1","Adrenaline","Burst+1","Parasite","Crippling Poison+1"],"special_seed":0,"relics":["Ring of the Snake","NeowsBlessing","Paper Crane","Mummified Hand","Bronze Scales","Mango","Pantograph","Pandora\u0027s Box","Strawberry","Blood Vial","Calipers","Shuriken","PreservedInsect","Cursed Key","Oddly Smooth Stone","Red Mask","StoneCalendar"],"potions_floor_usage":[51],"damage_taken":[{"damage":0.0,"enemies":"Jaw Worm","floor":1.0,"turns":1.0},{"damage":0.0,"enemies":"Gremlin Nob","floor":7.0,"turns":1.0},{"damage":0.0,"enemies":"Lagavulin","floor":10.0,"turns":1.0},{"damage":0.0,"enemies":"2 Louse","floor":12.0,"turns":3.0},{"damage":26.0,"enemies":"Lagavulin Event","floor":13.0,"turns":6.0},{"damage":0.0,"enemies":"Small Slimes","floor":14.0,"turns":2.0},{"damage":51.0,"enemies":"Hexaghost","floor":16.0,"turns":11.0},{"damage":10.0,"enemies":"Shell Parasite","floor":18.0,"turns":4.0},{"damage":0.0,"enemies":"Chosen","floor":21.0,"turns":3.0},{"damage":0.0,"enemies":"Centurion and Healer","floor":22.0,"turns":5.0},{"damage":7.0,"enemies":"Chosen and Byrds","floor":24.0,"turns":5.0},{"damage":0.0,"enemies":"Colosseum Slavers","floor":28.0,"turns":2.0},{"damage":4.0,"enemies":"Colosseum Nobs","floor":28.0,"turns":3.0},{"damage":23.0,"enemies":"Shelled Parasite and Fungi","floor":30.0,"turns":5.0},{"damage":9.0,"enemies":"Book of Stabbing","floor":31.0,"turns":4.0},{"damage":47.0,"enemies":"Champ","floor":33.0,"turns":11.0},{"damage":6.0,"enemies":"Orb Walker","floor":35.0,"turns":3.0},{"damage":0.0,"enemies":"3 Darklings","floor":37.0,"turns":2.0},{"damage":0.0,"enemies":"4 Shapes","floor":40.0,"turns":3.0},{"damage":6.0,"enemies":"Jaw Worm Horde","floor":45.0,"turns":4.0},{"damage":11.0,"enemies":"Maw","floor":46.0,"turns":7.0},{"damage":32.0,"enemies":"Awakened One","floor":50.0,"turns":14.0},{"damage":56,"enemies":"Donu and Deca","floor":51,"turns":7}],"seed_played":"319508367103981194","potions_obtained":[{"floor":1.0,"key":"SkillPotion"},{"floor":10.0,"key":"SpeedPotion"},{"floor":14.0,"key":"SpeedPotion"},{"floor":16.0,"key":"Block Potion"},{"floor":21.0,"key":"Explosive Potion"},{"floor":30.0,"key":"Swift Potion"},{"floor":31.0,"key":"Poison Potion"},{"floor":37.0,"key":"Strength Potion"},{"floor":46.0,"key":"LiquidBronze"}],"is_trial":false,"path_per_floor":["M","?","?","?","$","R","E","?","T","E","R","M","?","M","R","B",null,"M","?","$","M","M","R","M","T","T","R","?","R","M","E","R","B",null,"M","$","M","?","?","M","?","R","T","R","M","M","$","T","R","B","B",null],"character_chosen":"THE_SILENT","items_purchased":["Backstab","Enlightenment","Outmaneuver","Flying Knee","Footwork","Oddly Smooth Stone","Adrenaline"],"campfire_rested":1,"item_purchase_floors":[5,20,20,20,36,36,36],"current_hp_per_floor":[59,64,53,48,48,48,48,48,48,62,62,62,36,36,36,10,66,56,56,56,56,56,56,49,56,56,56,56,56,35,28,55,35,78,74,74,76,76,76,78,78,78,78,78,74,65,65,65,65,60,31],"gold":42,"neow_bonus":"THREE_ENEMY_KILL","is_prod":false,"is_daily":false,"chose_seed":false,"campfire_upgraded":9,"win_rate":0,"timestamp":1549275441,"path_taken":["M","?","?","?","?","R","E","?","T","E","R","M","?","M","R","BOSS","M","?","$","M","M","R","M","?","T","R","?","R","M","E","R","BOSS","M","$","M","?","?","M","?","R","T","R","?","M","$","?","R","BOSS","BOSS"],"build_version":"2019-01-23","purchased_purges":1,"victory":true,"max_hp_per_floor":[66,71,71,71,71,71,71,71,71,85,85,85,85,85,85,85,85,85,85,85,85,85,85,85,92,92,92,92,92,92,92,92,92,92,92,92,92,92,92,92,92,92,92,92,92,92,92,92,92,92,92],"card_choices":[{"not_picked":["Infinite Blades","Dodge and Roll"],"picked":"All Out Attack","floor":1.0},{"not_picked":["Dagger Throw","Flying Knee"],"picked":"Poisoned Stab","floor":7.0},{"not_picked":["Grand Finale","Quick Slash"],"picked":"Predator","floor":10.0},{"not_picked":["Dagger Spray","Slice"],"picked":"Backflip","floor":13.0},{"not_picked":["Outmaneuver","Blade Dance"],"picked":"Dodge and Roll","floor":14.0},{"not_picked":["Adrenaline","Burst"],"picked":"Corpse Explosion","floor":16.0},{"not_picked":["Escape Plan","Blade Dance"],"picked":"Sucker Punch","floor":18.0},{"not_picked":["Skewer","Acrobatics"],"picked":"Noxious Fumes","floor":22.0},{"not_picked":["Tactician","Dodge and Roll"],"picked":"Sucker Punch+1","floor":24.0},{"not_picked":["Accuracy","Dagger Throw"],"picked":"Crippling Poison+1","floor":28.0},{"not_picked":["Blade Dance","Noxious Fumes"],"picked":"After Image","floor":30.0},{"not_picked":["Outmaneuver","Slice"],"picked":"Cloak And Dagger+1","floor":31.0},{"not_picked":["Burst","Night Terror"],"picked":"Bullet Time","floor":33.0},{"not_picked":["Caltrops","Dagger Throw+1"],"picked":"Deflect","floor":35.0},{"not_picked":["Terror","Distraction"],"picked":"Crippling Poison+1","floor":46.0}],"player_experience":1125953,"relics_obtained":[{"floor":7.0,"key":"Mummified Hand"},{"floor":9.0,"key":"Bronze Scales"},{"floor":10.0,"key":"Mango"},{"floor":25.0,"key":"Strawberry"},{"floor":26.0,"key":"Blood Vial"},{"floor":28.0,"key":"Calipers"},{"floor":28.0,"key":"Shuriken"},{"floor":31.0,"key":"PreservedInsect"},{"floor":43.0,"key":"StoneCalendar"}],"event_choices":[{"damage_healed":0.0,"max_hp_gain":5.0,"max_hp_loss":0.0,"gold_gain":0.0,"event_name":"Big Fish","player_choice":"Donut","floor":2.0,"gold_loss":0.0,"damage_taken":0.0},{"damage_healed":0.0,"max_hp_gain":0.0,"max_hp_loss":0.0,"gold_gain":75.0,"event_name":"World of Goop","player_choice":"Gather Gold","floor":3.0,"gold_loss":0.0,"damage_taken":11.0},{"damage_healed":0.0,"max_hp_gain":0.0,"max_hp_loss":0.0,"gold_gain":0.0,"event_name":"Scrap Ooze","player_choice":"Success","floor":4.0,"gold_loss":0.0,"damage_taken":5.0,"relics_obtained":["Paper Crane"]},{"damage_healed":0.0,"max_hp_gain":0.0,"max_hp_loss":0.0,"gold_gain":0.0,"event_name":"The Cleric","player_choice":"Leave","floor":8.0,"gold_loss":0.0,"damage_taken":0.0},{"damage_healed":0.0,"max_hp_gain":0.0,"max_hp_loss":0.0,"gold_gain":0.0,"event_name":"Dead Adventurer","player_choice":"Searched \u00272\u0027 times","floor":13.0,"gold_loss":0.0,"damage_taken":0.0,"relics_obtained":["Pantograph"]},{"damage_healed":0.0,"max_hp_gain":0.0,"max_hp_loss":0.0,"gold_gain":0.0,"cards_transformed":["Eviscerate","Expertise"],"event_name":"Drug Dealer","player_choice":"Became Test Subject","floor":19.0,"gold_loss":0.0,"damage_taken":0.0,"cards_obtained":["After Image","Sucker Punch"]},{"damage_healed":0.0,"max_hp_gain":0.0,"max_hp_loss":0.0,"gold_gain":0.0,"event_name":"Colosseum","player_choice":"Fight","floor":28.0,"gold_loss":0.0,"damage_taken":0.0},{"damage_healed":0.0,"max_hp_gain":0.0,"max_hp_loss":0.0,"gold_gain":0.0,"event_name":"Colosseum","player_choice":"Fought Nobs","floor":28.0,"gold_loss":0.0,"damage_taken":0.0},{"damage_healed":0.0,"max_hp_gain":0.0,"max_hp_loss":0.0,"gold_gain":0.0,"event_name":"Tomb of Lord Red Mask","player_choice":"Paid","floor":38.0,"gold_loss":24.0,"damage_taken":0.0,"relics_obtained":["Red Mask"]},{"damage_healed":0.0,"max_hp_gain":0.0,"max_hp_loss":0.0,"gold_gain":0.0,"event_name":"Mysterious Sphere","player_choice":"Ignored","floor":39.0,"gold_loss":0.0,"damage_taken":0.0},{"damage_healed":0.0,"max_hp_gain":0.0,"max_hp_loss":0.0,"gold_gain":0.0,"event_name":"Match and Keep!","player_choice":"1 cards matched","floor":41.0,"gold_loss":0.0,"damage_taken":0.0,"cards_obtained":["Burst"]}],"is_beta":true,"boss_relics":[{"not_picked":["Runic Dome","Eternal Feather"],"picked":"Pandora\u0027s Box"},{"not_picked":["Sozu","WristBlade"],"picked":"Cursed Key"}],"items_purged_floors":[5],"is_endless":false,"potions_floor_spawned":[1,10,14,16,21,28,30,31,37,46],"ascension_level":20}