{"gold_per_floor":[111,36,111,111,61,61,95,115,115,146,161,12,30,43,43,121,171,184,184,184,196,18,18],"floor_reached":23,"playtime":831,"items_purged":["Strike_B","Defend_B","Strike_B"],"score":328,"play_id":"e05d8d30-9bd1-44ed-8ea4-504721bfe056","local_time":"20190206220119","is_ascension_mode":true,"campfire_choices":[{"data":"Gash","floor":6,"key":"SMITH"},{"data":"Hologram","floor":15,"key":"SMITH"}],"neow_cost":"TEN_PERCENT_HP_LOSS","seed_source_timestamp":3763925610538,"circlet_count":0,"master_deck":["AscendersBane","Strike_B+1","Defend_B+1","Defend_B","Zap","Dualcast+1","Gash+1","Skim","Gash","Hologram+1","Beam Cell","Undo","Echo Form","Coolheaded"],"relics":["Cracked Core","Turnip","Mercury Hourglass","Meat on the Bone","Anchor","Tiny House"],"potions_floor_usage":[7,16,23],"damage_taken":[{"damage":1,"enemies":"Cultist","floor":1,"turns":3},{"damage":7,"enemies":"3 Sentries","floor":7,"turns":6},{"damage":4,"enemies":"2 Louse","floor":8,"turns":2},{"damage":28,"enemies":"Gremlin Nob","floor":10,"turns":4},{"damage":0,"enemies":"Small Slimes","floor":11,"turns":2},{"damage":0,"enemies":"Blue Slaver","floor":13,"turns":2},{"damage":0,"enemies":"Red Slaver","floor":14,"turns":2},{"damage":12,"enemies":"Hexaghost","floor":16,"turns":9},{"damage":8,"enemies":"2 Thieves","floor":18,"turns":4},{"damage":7,"enemies":"3 Byrds","floor":21,"turns":3},{"damage":32,"enemies":"Book of Stabbing","floor":23,"turns":5}],"seed_played":"-8267189047887206697","potions_obtained":[{"floor":1,"key":"Fire Potion"},{"floor":8,"key":"SteroidPotion"},{"floor":11,"key":"Strength Potion"},{"floor":16,"key":"EssenceOfSteel"},{"floor":17,"key":"SkillPotion"}],"is_trial":false,"path_per_floor":["M","$","?","?","?","R","E","M","T","E","M","$","M","M","R","B",null,"M","?","?","M","$","E"],"character_chosen":"DEFECT","items_purchased":["Hologram","Coolheaded"],"campfire_rested":0,"item_purchase_floors":[12,22],"current_hp_per_floor":[67,67,56,42,42,42,35,31,31,15,27,27,39,39,39,39,66,58,58,58,51,51,19],"gold":18,"neow_bonus":"ONE_RARE_RELIC","is_prod":false,"is_daily":false,"chose_seed":false,"campfire_upgraded":2,"win_rate":0,"timestamp":1549490479,"path_taken":["M","?","?","?","?","R","E","M","T","E","?","?","M","M","R","BOSS","M","?","?","M","$","E"],"build_version":"2019-01-23","purchased_purges":3,"victory":false,"max_hp_per_floor":[68,68,68,68,68,68,68,68,68,68,68,68,68,68,68,68,73,73,73,73,73,73,73],"card_choices":[{"not_picked":["Turbo","Hologram"],"picked":"Gash","floor":1},{"not_picked":["Rainbow","Fusion"],"picked":"Skim","floor":7},{"not_picked":["Compile Driver","Redo","Lockon"],"picked":"SKIP","floor":8},{"not_picked":["Capacitor","Chill"],"picked":"Gash","floor":10},{"not_picked":["Barrage","Lockon","Turbo"],"picked":"SKIP","floor":11},{"not_picked":["Sweeping Beam","Cold Snap"],"picked":"Beam Cell","floor":13},{"not_picked":["Beam Cell","Reprogram"],"picked":"Undo","floor":14},{"not_picked":["Glacier","Redo","Beam Cell"],"picked":"SKIP","floor":18},{"not_picked":["Hologram","Stack"],"picked":"Echo Form","floor":21}],"player_experience":571478,"relics_obtained":[{"floor":7,"key":"Mercury Hourglass"},{"floor":9,"key":"Meat on the Bone"},{"floor":10,"key":"Anchor"}],"event_choices":[{"damage_healed":0,"gold_gain":75,"player_choice":"Gather Gold","damage_taken":11,"max_hp_gain":0,"max_hp_loss":0,"event_name":"World of Goop","floor":3,"gold_loss":0},{"damage_healed":0,"gold_gain":0,"player_choice":"Entered Light","damage_taken":14,"max_hp_gain":0,"max_hp_loss":0,"event_name":"Shining Light","floor":4,"gold_loss":0,"cards_upgraded":["Dualcast","Defend_B"]},{"cards_removed":["Strike_B"],"damage_healed":0,"gold_gain":0,"player_choice":"Card Removal","damage_taken":0,"max_hp_gain":0,"max_hp_loss":0,"event_name":"The Cleric","floor":5,"gold_loss":50},{"cards_removed":["Defend_B"],"damage_healed":0,"gold_gain":0,"player_choice":"Elegance","damage_taken":0,"max_hp_gain":0,"max_hp_loss":0,"event_name":"Back to Basics","floor":19,"gold_loss":0},{"damage_healed":0,"gold_gain":0,"player_choice":"Ignored","damage_taken":0,"max_hp_gain":0,"max_hp_loss":0,"event_name":"Ghosts","floor":20,"gold_loss":0}],"is_beta":true,"boss_relics":[{"not_picked":["Ectoplasm","Lizard Tail"],"picked":"Tiny House"}],"items_purged_floors":[2,12,22],"is_endless":false,"potions_floor_spawned":[1,8,11,16,21],"killed_by":"Book of Stabbing","ascension_level":13}