{"path_per_floor":["M","?","M","M","?","R","M","?","T","M","M","E","M","?","R","B",null,"M","?","?","M","?","E","M","$","T","?","R","M","$","M","R","B",null,"M","?","?","$","M","E","?","M","T","R","M","$","T","$","R","B"],"character_chosen":"IRONCLAD","items_purchased":["Gremlin Horn","Shrug It Off","Twin Strike","Lee\u0027s Waffle","Metallicize","Dramatic Entrance","Bronze Scales","Armaments","Warcry"],"gold_per_floor":[114,114,129,144,144,144,159,159,184,203,222,260,279,279,279,404,404,423,673,673,692,692,730,749,402,427,453,453,472,102,121,121,246,246,265,265,265,40,59,97,97,116,116,116,135,135,135,30,30,30],"floor_reached":51,"campfire_rested":1,"playtime":3109,"current_hp_per_floor":[78,77,76,75,60,60,64,46,46,51,51,54,65,58,71,55,69,68,67,66,75,51,48,49,48,47,46,45,44,50,49,48,34,46,45,39,43,42,41,35,35,38,37,36,35,34,35,34,33,25],"items_purged":["Normality"],"gold":30,"score":798,"play_id":"9fedcea7-376c-4f0f-b83e-b8276c79621d","local_time":"20180327030501","daily_mods":["Allstar","Terminal","Vintage"],"is_prod":false,"is_daily":true,"is_ascension_mode":false,"campfire_upgraded":5,"timestamp":1522116301,"path_taken":["M","?","M","M","?","R","?","?","T","?","M","E","M","?","R","BOSS","M","?","?","M","?","E","M","$","T","?","R","M","$","M","R","BOSS","M","?","?","$","M","E","?","M","T","R","M","$","?","$","R","BOSS"],"build_version":"2018-03-25","purchased_purges":3,"victory":true,"master_deck":["Bash+1","Dramatic Entrance+1","Enlightenment+1","Rampage","Exhume","Shockwave","Headbutt","Body Slam","Clash","Dropkick","Carnage+1","Battle Trance+1","Regret","Bite+1","Bite+1","Bite+1","Bite","Bite","Shrug It Off","Twin Strike","Inflame+1","Clash","Metallicize+1","Dramatic Entrance","Demon Form+1","Injury","Doubt","Madness+1","Madness+1","Pummel+1","Carnage+1","Armaments+1","Warcry+1"],"max_hp_per_floor":[78,77,76,75,74,73,72,71,70,69,68,67,73,72,71,70,69,68,67,66,75,51,50,49,48,47,46,45,44,50,49,48,47,46,45,44,43,42,41,40,39,38,37,36,35,34,35,34,33,32],"relics":["Burning Blood","Paper Frog","Dream Catcher","Meat on the Bone","Orichalcum","Frozen Egg 2","Golden Idol","War Paint","Juzu Bracelet","Art of War","Toolbox","Strawberry","Prayer Wheel","Pandora\u0027s Box","Kunai","Pear","Vajra","Du-Vu Doll","Gremlin Horn","Anchor","Red Mask","Regal Pillow","Lee\u0027s Waffle","Whetstone","Ancient Tea Set","Calling Bell","Toxic Egg 2","Ginger","Self Forming Clay","Bottled Lightning","Bronze Scales","Pen Nib","Bag of Marbles","Bag of Preparation","Singing Bowl","Centennial Puzzle","Happy Flower"],"card_choices":[{"not_picked":["Pummel","Disarm"],"picked":"Rampage","floor":12},{"not_picked":["Limit Break","Brutality"],"picked":"Exhume","floor":16},{"not_picked":["Hemokinesis","Shrug It Off"],"picked":"Inflame","floor":26},{"not_picked":["Body Slam","Dropkick"],"picked":"Clash","floor":27},{"not_picked":["Berserk","Juggernaut"],"picked":"Demon Form","floor":33},{"not_picked":["Flex","Rage"],"picked":"Pummel","floor":40},{"not_picked":["Corruption","Sentinel"],"picked":"Carnage","floor":43}],"player_experience":36185,"potions_floor_usage":[3,12,33,33,50,50,50],"damage_taken":[{"damage":1,"enemies":"Jaw Worm","floor":1,"turns":3},{"damage":2,"enemies":"2 Louse","floor":3,"turns":2},{"damage":3,"enemies":"Small Slimes","floor":4,"turns":3},{"damage":2,"enemies":"Exordium Wildlife","floor":7,"turns":4},{"damage":1,"enemies":"3 Louse","floor":10,"turns":2},{"damage":6,"enemies":"Red Slaver","floor":11,"turns":5},{"damage":3,"enemies":"Gremlin Nob","floor":12,"turns":5},{"damage":2,"enemies":"Blue Slaver","floor":13,"turns":4},{"damage":22,"enemies":"The Guardian","floor":16,"turns":10},{"damage":0,"enemies":"Spheric Guardian","floor":18,"turns":3},{"damage":3,"enemies":"Chosen","floor":21,"turns":3},{"damage":13,"enemies":"Slavers","floor":23,"turns":4},{"damage":0,"enemies":"Snecko","floor":24,"turns":3},{"damage":0,"enemies":"Masked Bandits","floor":27,"turns":2},{"damage":0,"enemies":"Snake Plant","floor":29,"turns":2},{"damage":0,"enemies":"Centurion and Healer","floor":31,"turns":2},{"damage":36,"enemies":"Champ","floor":33,"turns":7},{"damage":0,"enemies":"Flame Bruiser 1 Orb","floor":35,"turns":2},{"damage":0,"enemies":"Orb Walker","floor":39,"turns":2},{"damage":12,"enemies":"2 Orb Walkers","floor":40,"turns":3},{"damage":0,"enemies":"Spire Growth","floor":42,"turns":1},{"damage":0,"enemies":"Flame Bruiser 2 Orb","floor":45,"turns":1},{"damage":26,"enemies":"Time Eater","floor":50,"turns":5}],"event_choices":[{"event_name":"Big Fish","player_choice":"Box","floor":2,"damage_taken":0},{"event_name":"Shining Light","player_choice":"Entered Light","floor":5,"damage_taken":0},{"event_name":"Golden Idol","player_choice":"Take Damage","floor":8,"damage_taken":0},{"event_name":"Golden Wing","player_choice":"Card Removal","floor":14,"damage_taken":0},{"event_name":"Golden Shrine","player_choice":"Desecrate","floor":19,"damage_taken":0},{"event_name":"Transmorgrifier","player_choice":"Transform","floor":20,"damage_taken":0},{"event_name":"Vampires","player_choice":"Became a vampire","floor":22,"damage_taken":0},{"event_name":"Masked Bandits","player_choice":"Fought over 427 gold","floor":27,"damage_taken":0},{"event_name":"Winding Halls","player_choice":"Embrace Madness","floor":36,"damage_taken":0},{"event_name":"Bonfire Elementals","player_choice":"UNCOMMON","floor":37,"damage_taken":0}],"boss_relics":[{"not_picked":["Mark of Pain","Velvet Choker"],"picked":"Pandora\u0027s Box"},{"not_picked":["Sozu","Runic Dome"],"picked":"Calling Bell"}],"potions_floor_spawned":[1,4,10,13,18,24,31,35,42],"seed_played":"7182393064752794015","ascension_level":0,"is_trial":false}