{"gold_per_floor":[16,291,306,317,317,349,349,67,92,107,142,159,66,141,141,241,241,257,257,182,202,2,34,34,0,55,65,17,17,17,50,50,50],"floor_reached":33,"playtime":1510,"items_purged":["Strike_B","Sunder"],"score":512,"play_id":"fc4395f1-d683-4231-8d96-45a14211ef75","local_time":"20190122230248","is_ascension_mode":true,"campfire_choices":[{"floor":7,"key":"REST"},{"floor":15,"key":"REST"},{"floor":24,"key":"REST"},{"floor":30,"key":"REST"},{"floor":32,"key":"REST"}],"neow_cost":"NO_GOLD","seed_source_timestamp":1060485037296031,"circlet_count":0,"master_deck":["Zap","Dualcast","Gash","BootSequence","Hologram","Gash","Apotheosis","Streamline","Core Surge","Scrape","Madness","Reprogram","Genetic Algorithm","Hello World","BootSequence","Static Discharge","Recycle","Redo","Reinforced Body","Gash","Stack","Conserve Battery","Auto Shields","Hologram","Coolheaded+1"],"relics":["Cracked Core","FossilizedHelix","Dream Catcher","Anchor","PreservedInsect","Bag of Marbles","Pandora\u0027s Box","Omamori","Tiny Chest","Boot"],"potions_floor_usage":[6,16,23,23,33,33],"damage_taken":[{"damage":0,"enemies":"Small Slimes","floor":1,"turns":2},{"damage":6,"enemies":"Cultist","floor":3,"turns":3},{"damage":7,"enemies":"2 Louse","floor":4,"turns":3},{"damage":46,"enemies":"3 Sentries","floor":6,"turns":9},{"damage":4,"enemies":"Gremlin Gang","floor":10,"turns":4},{"damage":0,"enemies":"Lagavulin","floor":11,"turns":5},{"damage":5,"enemies":"Exordium Thugs","floor":12,"turns":4},{"damage":1,"enemies":"Slime Boss","floor":16,"turns":6},{"damage":11,"enemies":"Chosen","floor":18,"turns":4},{"damage":31,"enemies":"Shell Parasite","floor":21,"turns":5},{"damage":13,"enemies":"Book of Stabbing","floor":23,"turns":4},{"damage":22,"enemies":"Snake Plant","floor":27,"turns":6},{"damage":19,"enemies":"Slavers","floor":31,"turns":5},{"damage":39,"enemies":"Champ","floor":33,"turns":11}],"seed_played":"-762271479285223882","potions_obtained":[{"floor":4,"key":"Swift Potion"},{"floor":6,"key":"SteroidPotion"},{"floor":11,"key":"FocusPotion"},{"floor":16,"key":"FearPotion"},{"floor":23,"key":"Energy Potion"},{"floor":31,"key":"FearPotion"}],"is_trial":false,"path_per_floor":["?","M","?","M","$","?","?","?","?","$","?"],"character_chosen":"DEFECT","items_purchased":["Gash","Apotheosis","Madness","Gash","Stack","PowerPotion"],"campfire_rested":5,"item_purchase_floors":[8,8,13,22,22,28],"current_hp_per_floor":[68,68,62,55,55,9,31,31,31,27,27,22,22,11,33,32,64,53,53,53,22,22,9,31,31,31,9,9,9,31,12,34,0],"gold":50,"neow_bonus":"ONE_RARE_RELIC","is_prod":false,"is_daily":false,"chose_seed":false,"campfire_upgraded":0,"win_rate":0,"timestamp":1548198168,"path_taken":["M","?","?","M","?","E","R","$","T","M","E","?","?","?","R","BOSS","M","?","?","M","$","E","R","?","T","M","?","?","R","E","R","BOSS"],"build_version":"2019-01-20","purchased_purges":2,"victory":false,"max_hp_per_floor":[75,75,75,75,75,75,75,75,75,75,75,75,75,75,75,75,75,75,75,75,75,75,75,75,75,75,75,75,75,75,75,75,75],"card_choices":[{"not_picked":["Ball Lightning","BootSequence"],"picked":"Gash","floor":1},{"not_picked":["Blizzard","Chaos"],"picked":"BootSequence","floor":3},{"not_picked":["Double Energy","Barrage"],"picked":"Hologram","floor":4},{"not_picked":["Stack","Capacitor","Genetic Algorithm"],"picked":"SKIP","floor":6},{"not_picked":["Redo","Melter"],"picked":"Streamline","floor":10},{"not_picked":["Leap","Compile Driver"],"picked":"Core Surge","floor":11},{"not_picked":["FTL","Hello World"],"picked":"Scrape","floor":12},{"not_picked":["Rebound","Cold Snap"],"picked":"Reprogram","floor":15},{"not_picked":["Cold Snap+1","Compile Driver"],"picked":"Redo","floor":18},{"not_picked":["Melter","Turbo"],"picked":"Reinforced Body","floor":21},{"not_picked":["Turbo","Doom and Gloom+1"],"picked":"Conserve Battery","floor":23},{"not_picked":["Stack","Rebound"],"picked":"Auto Shields","floor":24},{"not_picked":["Conserve Battery","Streamline","Darkness"],"picked":"SKIP","floor":27},{"not_picked":["Conserve Battery+1","Ball Lightning"],"picked":"Hologram","floor":30},{"not_picked":["Recycle+1","Capacitor"],"picked":"Coolheaded+1","floor":31}],"player_experience":452659,"relics_obtained":[{"floor":5,"key":"Dream Catcher"},{"floor":6,"key":"Anchor"},{"floor":9,"key":"PreservedInsect"},{"floor":11,"key":"Bag of Marbles"},{"floor":23,"key":"Omamori"},{"floor":26,"key":"Tiny Chest"},{"floor":31,"key":"Boot"}],"event_choices":[{"damage_healed":0,"gold_gain":275,"player_choice":"Desecrate","damage_taken":0,"max_hp_gain":0,"max_hp_loss":0,"event_name":"Golden Shrine","floor":2,"gold_loss":0,"cards_obtained":["Regret"]},{"damage_healed":0,"gold_gain":0,"player_choice":"Relic","damage_taken":0,"max_hp_gain":0,"max_hp_loss":0,"event_name":"Wheel of Change","floor":5,"gold_loss":0},{"damage_healed":0,"gold_gain":75,"player_choice":"Gather Gold","damage_taken":11,"max_hp_gain":0,"max_hp_loss":0,"event_name":"World of Goop","floor":14,"gold_loss":0},{"cards_removed":["Regret"],"damage_healed":0,"gold_gain":0,"player_choice":"Elegance","damage_taken":0,"max_hp_gain":0,"max_hp_loss":0,"event_name":"Back to Basics","floor":19,"gold_loss":0},{"cards_removed":["Storm"],"damage_healed":0,"gold_gain":0,"player_choice":"Gave Gold","damage_taken":0,"max_hp_gain":0,"max_hp_loss":0,"event_name":"Beggar","floor":20,"gold_loss":75},{"damage_healed":0,"gold_gain":0,"player_choice":"Paid Fearfully","damage_taken":0,"max_hp_gain":0,"max_hp_loss":0,"event_name":"Masked Bandits","floor":25,"gold_loss":34},{"damage_healed":0,"gold_gain":0,"player_choice":"Ignored","damage_taken":0,"max_hp_gain":0,"max_hp_loss":0,"event_name":"Vampires","floor":29,"gold_loss":0}],"is_beta":true,"boss_relics":[{"not_picked":["Runic Dome","Runic Pyramid"],"picked":"Pandora\u0027s Box"}],"items_purged_floors":[8,22],"is_endless":false,"potions_floor_spawned":[4,6,11,16,23,31],"killed_by":"Champ","ascension_level":8}