{"gold_per_floor":[118,118,193,42,56,56,81,92,147,72,72,102,115,143,143,238,238,257,108,120,30,46,46,58,58,58,76,76,76,92,92,92,92],"floor_reached":33,"playtime":1353,"items_purged":["Strike_G","Regret"],"score":410,"play_id":"bef05743-9653-44ec-854b-96aa14ce13d8","local_time":"20190210001159","is_ascension_mode":true,"campfire_choices":[{"data":"Noxious Fumes","floor":6,"key":"SMITH"},{"data":"Leg Sweep","floor":11,"key":"SMITH"},{"floor":15,"key":"REST"},{"floor":23,"key":"DIG"},{"floor":25,"key":"DIG"},{"floor":28,"key":"DIG"},{"floor":32,"key":"REST"}],"neow_cost":"NONE","seed_source_timestamp":29461923633097,"circlet_count":0,"master_deck":["Defend_G","Defend_G","Defend_G","Defend_G","Strike_G+1","Strike_G","Strike_G","Strike_G","Survivor","Neutralize+1","Leg Sweep+1","Noxious Fumes+1","Crippling Poison","Blur","Deadly Poison","Blur","Corpse Explosion","Doubt","PiercingWail+1","Skewer","Adrenaline","Shame","Distraction"],"relics":["Ring of the Snake","NeowsBlessing","Orichalcum","Happy Flower","Tiny Chest","Sundial","Juzu Bracelet","Calling Bell","Lantern","Shuriken","Shovel","Darkstone Periapt","Question Card","Whetstone","Pantograph","Anchor"],"potions_floor_usage":[14,24,33,33],"damage_taken":[{"damage":0,"enemies":"Small Slimes","floor":1,"turns":1},{"damage":0,"enemies":"Jaw Worm","floor":5,"turns":2},{"damage":0,"enemies":"Gremlin Nob","floor":7,"turns":1},{"damage":2,"enemies":"2 Louse","floor":8,"turns":4},{"damage":9,"enemies":"3 Sentries","floor":12,"turns":7},{"damage":0,"enemies":"Red Slaver","floor":13,"turns":5},{"damage":0,"enemies":"Lagavulin","floor":14,"turns":7},{"damage":34,"enemies":"Slime Boss","floor":16,"turns":13},{"damage":27,"enemies":"Chosen","floor":18,"turns":6},{"damage":0,"enemies":"Spheric Guardian","floor":20,"turns":4},{"damage":0,"enemies":"Snake Plant","floor":22,"turns":7},{"damage":5,"enemies":"Snecko","floor":24,"turns":5},{"damage":6,"enemies":"3 Cultists","floor":27,"turns":3},{"damage":40,"enemies":"Sentry and Sphere","floor":30,"turns":6},{"damage":51,"enemies":"Champ","floor":33,"turns":10}],"seed_played":"-2581115441921062523","potions_obtained":[{"floor":5,"key":"FearPotion"},{"floor":12,"key":"Dexterity Potion"},{"floor":13,"key":"SmokeBomb"},{"floor":22,"key":"Regen Potion"},{"floor":30,"key":"Energy Potion"}],"is_trial":false,"path_per_floor":["M","?","?","$","M","R","E","M","T","$","R","E","M","E","R","B",null,"M","$","M","?","M","R","M","R","T","M","R","?","M","$","R","B"],"character_chosen":"THE_SILENT","items_purchased":["Orichalcum","Fire Potion"],"campfire_rested":2,"item_purchase_floors":[4,19],"current_hp_per_floor":[63,63,52,52,52,52,52,50,50,50,50,41,41,41,62,28,60,33,33,33,33,33,33,42,42,42,36,36,42,2,2,24,0],"gold":92,"neow_bonus":"THREE_ENEMY_KILL","is_prod":false,"is_daily":false,"chose_seed":false,"campfire_upgraded":2,"win_rate":0,"timestamp":1549753919,"path_taken":["M","?","?","?","M","R","E","M","T","$","R","E","M","E","R","BOSS","M","$","M","?","M","R","M","R","T","M","R","?","M","$","R","BOSS"],"build_version":"2019-01-23","purchased_purges":2,"victory":false,"max_hp_per_floor":[70,70,70,70,70,70,70,70,70,70,70,70,70,70,70,70,70,70,70,70,70,70,70,70,70,70,70,70,76,76,76,76,76],"card_choices":[{"not_picked":["Outmaneuver","Sucker Punch"],"picked":"Leg Sweep","floor":1},{"not_picked":["Deadly Poison","Sucker Punch"],"picked":"Crippling Poison","floor":5},{"not_picked":["Bouncing Flask","Deflect"],"picked":"Blur","floor":7},{"not_picked":["Endless Agony","Caltrops"],"picked":"Deadly Poison","floor":8},{"not_picked":["Grand Finale","Accuracy","Dagger Throw"],"picked":"SKIP","floor":12},{"not_picked":["Deflect","Sucker Punch"],"picked":"Blur","floor":13},{"not_picked":["Dodge and Roll","Poisoned Stab","Sucker Punch"],"picked":"SKIP","floor":14},{"not_picked":["Storm of Steel","Bullet Time"],"picked":"Corpse Explosion","floor":16},{"not_picked":["Reflex","Sucker Punch"],"picked":"PiercingWail","floor":18},{"not_picked":["Predator+1","Backflip","Outmaneuver"],"picked":"SKIP","floor":20},{"not_picked":["PiercingWail","Backflip"],"picked":"Skewer","floor":22},{"not_picked":["Calculated Gamble","Underhanded Strike"],"picked":"Adrenaline","floor":24},{"not_picked":["Deflect","Outmaneuver","Acrobatics","Sucker Punch"],"picked":"SKIP","floor":27},{"not_picked":["Flying Knee","Slice","Dodge and Roll+1"],"picked":"Distraction","floor":30}],"player_experience":275725,"relics_obtained":[{"floor":7,"key":"Happy Flower"},{"floor":9,"key":"Tiny Chest"},{"floor":12,"key":"Sundial"},{"floor":14,"key":"Juzu Bracelet"},{"floor":17,"key":"Lantern"},{"floor":17,"key":"Shuriken"},{"floor":17,"key":"Shovel"},{"floor":23,"key":"Darkstone Periapt"},{"floor":25,"key":"Question Card"},{"floor":26,"key":"Whetstone"},{"floor":28,"key":"Pantograph"}],"event_choices":[{"damage_healed":0,"gold_gain":0,"cards_transformed":["Defend_G"],"player_choice":"Change","damage_taken":0,"max_hp_gain":0,"max_hp_loss":0,"event_name":"Living Wall","floor":2,"gold_loss":0,"cards_obtained":["Noxious Fumes"]},{"damage_healed":0,"gold_gain":75,"player_choice":"Gather Gold","damage_taken":11,"max_hp_gain":0,"max_hp_loss":0,"event_name":"World of Goop","floor":3,"gold_loss":0},{"cards_removed":["Doubt"],"damage_healed":0,"gold_gain":0,"player_choice":"Upgrade and Remove","damage_taken":0,"max_hp_gain":0,"max_hp_loss":0,"event_name":"Designer","floor":21,"gold_loss":90,"cards_upgraded":["PiercingWail"]},{"damage_healed":0,"gold_gain":0,"player_choice":"Stole Relic","damage_taken":0,"relics_obtained":["Anchor"],"max_hp_gain":0,"max_hp_loss":0,"event_name":"Addict","floor":29,"gold_loss":0,"cards_obtained":["Shame"]}],"is_beta":false,"boss_relics":[{"not_picked":["White Beast Statue","Ectoplasm"],"picked":"Calling Bell"}],"items_purged_floors":[10,19],"is_endless":false,"potions_floor_spawned":[5,12,13,22,30],"killed_by":"Champ","ascension_level":6}