{"gold_per_floor":[113,113,129,142,161,161,196,216,216,216,233,233,253,272,272,375,375,375,135,135,57,57,57,57,57],"floor_reached":25,"playtime":1269,"items_purged":[],"score":250,"play_id":"b295c20b-831e-4add-b653-8ba395452695","local_time":"20190202224226","is_ascension_mode":false,"campfire_choices":[{"data":"Seeing Red","floor":6,"key":"SMITH"},{"floor":12,"key":"REST"},{"data":"Whirlwind","floor":15,"key":"SMITH"},{"data":"Panache","floor":23,"key":"SMITH"}],"neow_cost":"NONE","seed_source_timestamp":5720050662859,"circlet_count":0,"master_deck":["Defend_R","Defend_R","Defend_R","Defend_R","Bash","Seeing Red+1","Armaments","Clothesline","Twin Strike","Feed","Rampage","Thunderclap","Perfected Strike","Armaments+1","Whirlwind+1","Limit Break+1","Dual Wield+1","Panache+1","Heavy Blade","Bite","Bite","Bite","Bite","Bite","Evolve","Shrug It Off+1","Immolate"],"relics":["Burning Blood","Toxic Egg 2","Ectoplasm","Mercury Hourglass"],"potions_floor_usage":[16,25,25],"damage_taken":[{"damage":1,"enemies":"2 Louse","floor":1,"turns":4},{"damage":10,"enemies":"Small Slimes","floor":3,"turns":4},{"damage":1,"enemies":"Cultist","floor":4,"turns":4},{"damage":13,"enemies":"3 Louse","floor":5,"turns":4},{"damage":33,"enemies":"3 Sentries","floor":7,"turns":11},{"damage":9,"enemies":"Looter","floor":8,"turns":4},{"damage":0,"enemies":"Lots of Slimes","floor":11,"turns":3},{"damage":8,"enemies":"3 Louse","floor":13,"turns":3},{"damage":10,"enemies":"Looter","floor":14,"turns":3},{"damage":77,"enemies":"The Guardian","floor":16,"turns":13},{"damage":17,"enemies":"Spheric Guardian","floor":18,"turns":4},{"damage":10,"enemies":"3 Byrds","floor":22,"turns":5},{"damage":92,"enemies":"Book of Stabbing","floor":24,"turns":9},{"damage":27,"enemies":"Snake Plant","floor":25,"turns":4}],"seed_played":"-4195163523918427945","potions_obtained":[{"floor":1,"key":"AttackPotion"},{"floor":3,"key":"GamblersBrew"},{"floor":5,"key":"Strength Potion"},{"floor":22,"key":"Weak Potion"}],"is_trial":false,"path_per_floor":["M","?","M","M","M","R","E","M","T","?","M","R","M","M","R","B",null,"M","$","?","$","M","R","E","M"],"character_chosen":"IRONCLAD","items_purchased":["Panache","Heavy Blade","Evolve"],"campfire_rested":1,"item_purchase_floors":[19,19,21],"current_hp_per_floor":[80,80,76,80,73,73,50,49,49,49,60,86,88,86,86,17,90,79,79,79,79,86,86,18,0],"gold":57,"neow_bonus":"TRANSFORM_CARD","is_prod":false,"is_daily":false,"chose_seed":false,"campfire_upgraded":3,"win_rate":0.0,"timestamp":1549168946,"path_taken":["M","?","M","M","M","R","E","M","T","?","M","R","?","M","R","BOSS","M","$","?","$","M","R","E","M"],"build_version":"2019-01-23","purchased_purges":0,"victory":false,"max_hp_per_floor":[80,80,80,80,80,80,84,84,84,84,87,87,90,90,90,90,90,90,90,90,90,90,90,90,90],"card_choices":[{"not_picked":["Burning Pact","True Grit"],"picked":"Armaments","floor":1},{"not_picked":["Pummel","Hemokinesis"],"picked":"Clothesline","floor":3},{"not_picked":["Flex","Wild Strike"],"picked":"Twin Strike","floor":4},{"not_picked":["Pommel Strike","Corruption"],"picked":"Feed","floor":5},{"not_picked":["Thunderclap","Corruption"],"picked":"Rampage","floor":7},{"not_picked":["Second Wind","Armaments"],"picked":"Thunderclap","floor":8},{"not_picked":["Sword Boomerang","Cleave"],"picked":"Perfected Strike","floor":11},{"not_picked":["Flex+1","Seeing Red+1"],"picked":"Armaments+1","floor":13},{"not_picked":["Shrug It Off+1","Exhume+1"],"picked":"Whirlwind","floor":14},{"not_picked":["Offering+1","Feed"],"picked":"Limit Break+1","floor":16},{"not_picked":["Anger","Headbutt+1"],"picked":"Dual Wield+1","floor":18},{"not_picked":["Rampage","Clothesline"],"picked":"Shrug It Off+1","floor":22},{"not_picked":["Body Slam","Perfected Strike+1"],"picked":"Immolate","floor":24}],"player_experience":78464,"relics_obtained":[{"floor":7,"key":"Blood Vial"},{"floor":9,"key":"Toxic Egg 2"},{"floor":24,"key":"Mercury Hourglass"}],"event_choices":[{"damage_healed":0,"gold_gain":0,"player_choice":"Leave","damage_taken":0,"max_hp_gain":0,"max_hp_loss":0,"event_name":"The Cleric","floor":2,"gold_loss":0},{"cards_removed":["Strike_R"],"damage_healed":0,"gold_gain":0,"player_choice":"Card Removal","damage_taken":0,"max_hp_gain":0,"max_hp_loss":0,"event_name":"Wheel of Change","floor":10,"gold_loss":0},{"damage_healed":0,"gold_gain":0,"player_choice":"Became a vampire (Vial)","damage_taken":0,"max_hp_gain":0,"max_hp_loss":0,"event_name":"Vampires","floor":20,"relics_lost":["Blood Vial"],"gold_loss":0,"cards_obtained":["Bite","Bite","Bite","Bite","Bite"]}],"is_beta":false,"boss_relics":[{"not_picked":["Black Star","Tiny House"],"picked":"Ectoplasm"}],"items_purged_floors":[],"is_endless":false,"potions_floor_spawned":[1,3,5,22,24],"killed_by":"Snake Plant","ascension_level":0}