{"gold_per_floor":[16,32,47,47,47,222,258,258,284,302,302,316,160,178,178,301,301,314,314,314],"floor_reached":20,"playtime":581,"items_purged":["Strike_B"],"score":269,"play_id":"4cef3b22-e146-448d-b665-9795249abfa4","local_time":"20190123065701","is_ascension_mode":true,"campfire_choices":[{"data":"Panacea","floor":8,"key":"SMITH"},{"floor":15,"key":"REST"}],"neow_cost":"NO_GOLD","seed_source_timestamp":1089867138870552,"circlet_count":0,"master_deck":["Defend_B","Defend_B","Defend_B","Defend_B","Zap","Dualcast","Panacea+1","Dramatic Entrance+1","Hologram","Beam Cell","Rebound","Defragment","Biased Cognition","White Noise","Echo Form","BootSequence","Bite","Bite","Bite","Bite","Bite"],"relics":["Cracked Core","Golden Idol","Whetstone","Art of War","White Beast Statue"],"potions_floor_usage":[3,7,10,20],"damage_taken":[{"damage":4,"enemies":"2 Louse","floor":1,"turns":2},{"damage":0,"enemies":"Small Slimes","floor":2,"turns":2},{"damage":0,"enemies":"Jaw Worm","floor":3,"turns":2},{"damage":16,"enemies":"Gremlin Nob","floor":7,"turns":3},{"damage":11,"enemies":"Red Slaver","floor":10,"turns":2},{"damage":11,"enemies":"3 Louse","floor":12,"turns":2},{"damage":6,"enemies":"Blue Slaver","floor":14,"turns":3},{"damage":33,"enemies":"The Guardian","floor":16,"turns":12},{"damage":49,"enemies":"2 Thieves","floor":18,"turns":4},{"damage":14,"enemies":"Spheric Guardian","floor":20,"turns":3}],"seed_played":"6468525298097884011","potions_obtained":[{"floor":1,"key":"Block Potion"},{"floor":2,"key":"Poison Potion"},{"floor":7,"key":"SkillPotion"},{"floor":12,"key":"SteroidPotion"},{"floor":18,"key":"EssenceOfSteel"}],"is_trial":false,"path_per_floor":["?","?","?","?","M","?"],"character_chosen":"DEFECT","items_purchased":["White Noise"],"campfire_rested":1,"item_purchase_floors":[13],"current_hp_per_floor":[64,64,64,64,64,64,48,48,48,37,37,26,26,20,40,7,54,5,5,0],"gold":314,"neow_bonus":"RANDOM_COLORLESS_2","is_prod":false,"is_daily":false,"chose_seed":false,"campfire_upgraded":1,"win_rate":0,"timestamp":1548226621,"path_taken":["M","M","M","?","?","?","E","R","T","M","?","?","$","M","R","BOSS","M","?","M"],"build_version":"2019-01-22","purchased_purges":1,"victory":false,"max_hp_per_floor":[75,75,75,75,69,69,69,69,69,69,69,69,69,69,69,69,69,69,48,48],"card_choices":[{"not_picked":["Stack","Force Field"],"picked":"Hologram","floor":1},{"not_picked":["Doom and Gloom","Barrage"],"picked":"Beam Cell","floor":2},{"not_picked":["Gash","Hologram"],"picked":"Rebound","floor":3},{"not_picked":["Go for the Eyes","Recycle"],"picked":"Defragment","floor":7},{"not_picked":["Coolheaded","Go for the Eyes"],"picked":"Biased Cognition","floor":10},{"not_picked":["Stack","Ball Lightning","Redo"],"picked":"SKIP","floor":12},{"not_picked":["Melter","Force Field","Hologram"],"picked":"SKIP","floor":14},{"not_picked":["Thunder Strike","Meteor Strike"],"picked":"Echo Form","floor":16},{"not_picked":["Ball Lightning","Stack"],"picked":"BootSequence","floor":18}],"player_experience":459730,"relics_obtained":[{"floor":7,"key":"Whetstone"},{"floor":9,"key":"Art of War"}],"event_choices":[{"damage_healed":0,"gold_gain":0,"player_choice":"Leave","damage_taken":0,"max_hp_gain":0,"max_hp_loss":0,"event_name":"The Cleric","floor":4,"gold_loss":0},{"damage_healed":0,"gold_gain":0,"player_choice":"Lose Max HP","damage_taken":0,"relics_obtained":["Golden Idol"],"max_hp_gain":0,"max_hp_loss":6,"event_name":"Golden Idol","floor":5,"gold_loss":0},{"damage_healed":0,"gold_gain":175,"player_choice":"AGREE","damage_taken":0,"max_hp_gain":0,"max_hp_loss":0,"event_name":"Liars Game","floor":6,"gold_loss":0,"cards_obtained":["Doubt"]},{"cards_removed":["Doubt"],"damage_healed":0,"gold_gain":0,"player_choice":"Forget","damage_taken":0,"max_hp_gain":0,"max_hp_loss":0,"event_name":"Living Wall","floor":11,"gold_loss":0},{"damage_healed":0,"gold_gain":0,"player_choice":"Became a vampire","damage_taken":0,"max_hp_gain":0,"max_hp_loss":21,"event_name":"Vampires","floor":19,"gold_loss":0,"cards_obtained":["Bite","Bite","Bite","Bite","Bite"]}],"is_beta":true,"boss_relics":[{"not_picked":["Busted Crown","Snecko Eye"],"picked":"White Beast Statue"}],"items_purged_floors":[13],"is_endless":false,"potions_floor_spawned":[1,2,7,12,18],"killed_by":"Spheric Guardian","ascension_level":8}