{"gold_per_floor":[115,135,149,149,33,33,46,76,76,92,92,112,112,130,130,227,227,245,255,255,255,265,265,277,277,328,340,45,77,7,24,24,24],"floor_reached":33,"playtime":1818,"items_purged":[],"score":325,"play_id":"efd07d92-61dd-4dcb-8dbc-78527723f509","local_time":"20190207183729","is_ascension_mode":true,"campfire_choices":[{"data":"Armaments","floor":6,"key":"SMITH"},{"data":"Whirlwind","floor":11,"key":"SMITH"},{"data":"Spot Weakness","floor":13,"key":"SMITH"},{"data":"Clothesline","floor":15,"key":"SMITH"},{"data":"RitualDagger","floor":23,"key":"SMITH"},{"floor":25,"key":"REST"},{"floor":32,"key":"REST"}],"neow_cost":"NONE","seed_source_timestamp":10555983937096,"circlet_count":0,"master_deck":["Strike_R","Strike_R","Defend_R","Defend_R","Defend_R","Defend_R","Bash","Headbutt","Spot Weakness+1","Shrug It Off","Armaments+1","Whirlwind+1","Twin Strike","True Grit+1","Infernal Blade+1","Flame Barrier+1","Clothesline+1","Impervious+1","Sentinel+1","Bludgeon+1","Exhume+1","Body Slam","Bloodletting+1","RitualDagger+1","Madness+1","Metallicize","Flame Barrier+1","Flame Barrier+1","Offering+1","Metallicize","Flex+1"],"relics":["Burning Blood","NeowsBlessing","CultistMask","Toxic Egg 2","Bottled Lightning","Astrolabe","Pen Nib","Gambling Chip","Pantograph"],"potions_floor_usage":[16,22,22,29],"damage_taken":[{"damage":0,"enemies":"Cultist","floor":1,"turns":1},{"damage":0,"enemies":"2 Louse","floor":2,"turns":1},{"damage":0,"enemies":"Jaw Worm","floor":3,"turns":1},{"damage":1,"enemies":"2 Fungi Beasts","floor":7,"turns":5},{"damage":35,"enemies":"Gremlin Nob","floor":8,"turns":4},{"damage":23,"enemies":"Exordium Thugs","floor":10,"turns":5},{"damage":0,"enemies":"Blue Slaver","floor":12,"turns":1},{"damage":2,"enemies":"Looter","floor":14,"turns":3},{"damage":44,"enemies":"The Guardian","floor":16,"turns":14},{"damage":20,"enemies":"2 Thieves","floor":18,"turns":4},{"damage":2,"enemies":"Spheric Guardian","floor":19,"turns":3},{"damage":16,"enemies":"Cultist and Chosen","floor":22,"turns":5},{"damage":22,"enemies":"Centurion and Healer","floor":24,"turns":6},{"damage":38,"enemies":"3 Cultists","floor":27,"turns":6},{"damage":13,"enemies":"Slavers","floor":29,"turns":4},{"damage":9,"enemies":"Shelled Parasite and Fungi","floor":31,"turns":7},{"damage":67,"enemies":"Champ","floor":33,"turns":22}],"seed_played":"-7021605606004311804","potions_obtained":[{"floor":7,"key":"BloodPotion"},{"floor":8,"key":"Explosive Potion"},{"floor":12,"key":"BloodPotion"},{"floor":18,"key":"AttackPotion"},{"floor":29,"key":"Fire Potion"}],"is_trial":false,"path_per_floor":["M","M","M","?","$","R","M","E","T","M","R","M","R","M","R","B",null,"M","M","?","?","M","R","M","R","T","M","$","E","$","M","R","B"],"character_chosen":"IRONCLAD","items_purchased":["Armaments","Whirlwind","Gambling Chip","Metallicize"],"campfire_rested":2,"item_purchase_floors":[5,5,28,30],"current_hp_per_floor":[80,80,80,80,80,80,80,51,51,34,34,40,40,44,44,14,80,66,70,64,48,38,38,22,46,46,14,14,15,15,12,36,0],"gold":24,"neow_bonus":"THREE_ENEMY_KILL","is_prod":false,"is_daily":false,"chose_seed":false,"campfire_upgraded":5,"win_rate":0,"timestamp":1549561049,"path_taken":["M","?","M","?","$","R","M","E","T","M","R","M","R","M","R","BOSS","M","?","?","?","M","R","?","R","T","M","?","E","$","M","R","BOSS"],"build_version":"2019-01-23","purchased_purges":0,"victory":false,"max_hp_per_floor":[80,80,80,80,80,80,80,80,80,80,80,80,80,80,80,80,80,80,80,80,80,80,80,80,80,80,80,80,80,80,80,80,80],"card_choices":[{"not_picked":["Thunderclap","Clothesline"],"picked":"Headbutt","floor":1},{"not_picked":["Burning Pact","Pommel Strike"],"picked":"Spot Weakness","floor":2},{"not_picked":["Wild Strike","Perfected Strike"],"picked":"Shrug It Off","floor":3},{"not_picked":["Clash","Sever Soul"],"picked":"Twin Strike","floor":7},{"not_picked":["Perfected Strike","Havoc"],"picked":"True Grit","floor":8},{"not_picked":["Armaments+1","Cleave"],"picked":"Infernal Blade+1","floor":10},{"not_picked":["Sever Soul","Body Slam"],"picked":"Flame Barrier+1","floor":12},{"not_picked":["Feel No Pain","Havoc+1"],"picked":"Clothesline","floor":14},{"not_picked":["Dark Embrace","Limit Break+1"],"picked":"Impervious+1","floor":16},{"not_picked":["Havoc+1","Flex+1"],"picked":"Body Slam","floor":18},{"not_picked":["Shrug It Off+1","Body Slam"],"picked":"Bloodletting+1","floor":19},{"not_picked":["Sword Boomerang","Dropkick+1"],"picked":"Metallicize","floor":22},{"not_picked":["Clothesline","Inflame+1"],"picked":"Flame Barrier+1","floor":24},{"not_picked":["Heavy Blade","Anger+1"],"picked":"Flame Barrier+1","floor":27},{"not_picked":["Bloodletting+1","Whirlwind+1"],"picked":"Offering+1","floor":29},{"not_picked":["Whirlwind+1","Pommel Strike+1"],"picked":"Flex+1","floor":31}],"player_experience":228843,"relics_obtained":[{"floor":8,"key":"Toxic Egg 2"},{"floor":9,"key":"Bottled Lightning"},{"floor":26,"key":"Pen Nib"},{"floor":29,"key":"Pantograph"}],"event_choices":[{"damage_healed":0,"gold_gain":0,"player_choice":"Trade","damage_taken":0,"relics_obtained":["CultistMask"],"max_hp_gain":0,"max_hp_loss":0,"event_name":"FaceTrader","floor":4,"gold_loss":0},{"damage_healed":0,"gold_gain":0,"player_choice":"Joined the Cult","damage_taken":6,"max_hp_gain":0,"max_hp_loss":0,"event_name":"Nest","floor":20,"gold_loss":0,"cards_obtained":["RitualDagger"]},{"damage_healed":0,"gold_gain":0,"player_choice":"CARD ","damage_taken":16,"max_hp_gain":0,"max_hp_loss":0,"event_name":"Knowing Skull","floor":21,"potions_obtained":[],"gold_loss":0,"cards_obtained":["Madness"]}],"is_beta":false,"boss_relics":[{"not_picked":["Coffee Dripper","Orrery"],"picked":"Astrolabe"}],"items_purged_floors":[],"is_endless":false,"potions_floor_spawned":[7,8,12,18,19,29],"killed_by":"Champ","ascension_level":4}