{"gold_per_floor":[118,118,128,53,65,100,55,80,152,152,167,194,214,241,241,342,342,323,339,353,353,353,353],"floor_reached":23,"playtime":1376,"items_purged":["Strike_G"],"score":381,"play_id":"5f58ab64-175d-4289-b234-6e310c9957d5","local_time":"20190213005902","is_ascension_mode":true,"campfire_choices":[{"floor":10,"key":"REST"},{"floor":15,"key":"REST"}],"neow_cost":"NONE","seed_source_timestamp":39915084021553,"circlet_count":0,"master_deck":["AscendersBane","Defend_G","Defend_G","Defend_G","Defend_G","Defend_G","Strike_G","Strike_G","Strike_G","Survivor","Neutralize","Dash","Footwork","PiercingWail","Skewer","After Image","Prepared","Noxious Fumes","Leg Sweep","Catalyst","Outmaneuver","After Image","Acrobatics+1","Necronomicurse"],"relics":["Ring of the Snake","Bag of Preparation","Ginger","Snake Skull","Sundial","Matryoshka","Vajra","Black Star","Necronomicon"],"potions_floor_usage":[6,12,13,20,23],"damage_taken":[{"damage":0,"enemies":"2 Louse","floor":1,"turns":5},{"damage":0,"enemies":"Cultist","floor":3,"turns":4},{"damage":0,"enemies":"Jaw Worm","floor":5,"turns":6},{"damage":4,"enemies":"Lagavulin","floor":6,"turns":9},{"damage":0,"enemies":"Looter","floor":7,"turns":5},{"damage":45,"enemies":"Gremlin Nob","floor":8,"turns":6},{"damage":2,"enemies":"3 Louse","floor":11,"turns":5},{"damage":3,"enemies":"3 Sentries","floor":12,"turns":8},{"damage":9,"enemies":"Exordium Wildlife","floor":13,"turns":5},{"damage":0,"enemies":"Lagavulin","floor":14,"turns":9},{"damage":1,"enemies":"Hexaghost","floor":16,"turns":12},{"damage":24,"enemies":"2 Thieves","floor":18,"turns":5},{"damage":9,"enemies":"Shell Parasite","floor":19,"turns":7},{"damage":4,"enemies":"Shelled Parasite and Fungi","floor":20,"turns":9},{"damage":18,"enemies":"Slavers","floor":23,"turns":3}],"seed_played":"1280685591547801697","potions_obtained":[{"floor":1,"key":"EssenceOfSteel"},{"floor":8,"key":"GhostInAJar"},{"floor":11,"key":"Block Potion"},{"floor":12,"key":"PowerPotion"},{"floor":14,"key":"Strength Potion"},{"floor":18,"key":"GhostInAJar"}],"is_trial":false,"path_per_floor":["M","?","M","$","M","E","M","E","T","R","M","E","M","E","R","B",null,"M","M","M","?","?","E"],"character_chosen":"THE_SILENT","items_purchased":[],"campfire_rested":2,"item_purchase_floors":[],"current_hp_per_floor":[63,63,63,63,63,59,59,14,14,35,33,30,21,21,42,41,63,39,30,26,26,10,0],"gold":353,"neow_bonus":"RANDOM_COMMON_RELIC","is_prod":false,"is_daily":false,"chose_seed":false,"campfire_upgraded":0,"win_rate":0,"timestamp":1550015942,"path_taken":["M","?","?","?","M","E","M","E","T","R","M","E","M","E","R","BOSS","M","M","M","?","?","E"],"build_version":"2019-01-23","purchased_purges":1,"victory":false,"max_hp_per_floor":[70,70,70,70,70,70,70,70,70,70,70,70,70,70,70,70,70,70,70,70,70,70,70],"card_choices":[{"not_picked":["Predator","Deadly Poison"],"picked":"Dash","floor":1},{"not_picked":["Deflect","Flechettes"],"picked":"PiercingWail","floor":3},{"not_picked":["All Out Attack","Escape Plan"],"picked":"Skewer","floor":5},{"not_picked":["Concentrate","All Out Attack"],"picked":"After Image","floor":6},{"not_picked":["Sucker Punch","Poisoned Stab"],"picked":"Prepared","floor":7},{"not_picked":["Flying Knee","Underhanded Strike","All Out Attack"],"picked":"SKIP","floor":8},{"not_picked":["Quick Slash","Well Laid Plans"],"picked":"Noxious Fumes","floor":11},{"not_picked":["Dagger Spray","Prepared"],"picked":"Leg Sweep","floor":12},{"not_picked":["Expertise","Bane"],"picked":"Catalyst","floor":13},{"not_picked":["Eviscerate","Dash"],"picked":"Outmaneuver","floor":14},{"not_picked":["Bullet Time","Unload"],"picked":"After Image","floor":16},{"not_picked":["Outmaneuver","Underhanded Strike","Concentrate"],"picked":"SKIP","floor":18},{"not_picked":["Dodge and Roll","Dash"],"picked":"Acrobatics+1","floor":19},{"not_picked":["Outmaneuver","Flying Knee+1","Prepared"],"picked":"SKIP","floor":20}],"player_experience":325202,"relics_obtained":[{"floor":6,"key":"Ginger"},{"floor":8,"key":"Snake Skull"},{"floor":9,"key":"Sundial"},{"floor":12,"key":"Matryoshka"},{"floor":14,"key":"Vajra"},{"floor":22,"key":"Necronomicon"}],"event_choices":[{"damage_healed":0,"gold_gain":0,"cards_transformed":["Strike_G"],"player_choice":"Transformed","damage_taken":0,"max_hp_gain":0,"max_hp_loss":0,"event_name":"Transmorgrifier","floor":2,"gold_loss":0,"cards_obtained":["Footwork"]},{"damage_healed":0,"gold_gain":0,"player_choice":"Ignored","damage_taken":0,"max_hp_gain":0,"max_hp_loss":0,"event_name":"Ghosts","floor":21,"gold_loss":0},{"damage_healed":0,"gold_gain":0,"player_choice":"Obtained Book","damage_taken":16,"max_hp_gain":0,"max_hp_loss":0,"event_name":"Cursed Tome","floor":22,"gold_loss":0}],"is_beta":false,"boss_relics":[{"not_picked":["HoveringKite","White Beast Statue"],"picked":"Black Star"}],"items_purged_floors":[4],"is_endless":false,"potions_floor_spawned":[1,8,11,12,14,18],"killed_by":"Slavers","ascension_level":11}