{"path_per_floor":["M","?","$","M","M","R","E","R","T","$","M","E","T","?","R","B",null,"M","M","$","?","$","R","E","R","T","M","M","M","M","M","R","B",null,"M","?","$","M","$","R","E","R","T","?","R","E","?","M","R","B"],"character_chosen":"DEFECT","items_purchased":["Glacier","Blizzard","Cold Snap","Capacitor","Gash"],"gold_per_floor":[416,396,51,62,79,79,107,107,107,7,20,51,51,51,51,146,146,111,126,1,1,1,1,28,28,28,42,57,72,83,83,83,181,181,196,242,21,41,41,41,74,74,100,100,100,125,125,139,139,139],"floor_reached":51,"campfire_rested":5,"playtime":2913,"item_purchase_floors":[3,3,3,3,37],"current_hp_per_floor":[30,30,30,30,30,52,52,52,52,52,48,14,14,7,29,18,75,74,73,73,73,73,73,51,51,51,31,24,16,30,30,52,24,75,75,24,24,16,16,38,20,42,42,61,61,57,57,52,52,41],"items_purged":["Strike_B","Defend_B","Defend_B","Strike_B"],"gold":139,"score":839,"play_id":"15c0e339-3671-4abf-86a1-00d8b75f322c","local_time":"20180528232105","is_prod":false,"is_daily":false,"chose_seed":false,"is_ascension_mode":true,"campfire_upgraded":2,"win_rate":0,"timestamp":1527546065,"campfire_choices":[{"floor":6,"key":"REST"},{"data":"Consume","floor":8,"key":"SMITH"},{"floor":15,"key":"REST"},{"floor":23,"key":"DIG"},{"floor":25,"key":"DIG"},{"floor":32,"key":"REST"},{"floor":40,"key":"REST"},{"floor":42,"key":"REST"},{"floor":45,"key":"DIG"},{"data":"Glacier","floor":49,"key":"SMITH"}],"path_taken":["M","?","$","M","M","R","E","R","T","?","M","E","?","?","R","BOSS","M","M","$","?","$","R","E","R","T","M","M","M","M","M","R","BOSS","M","?","$","M","$","R","E","R","T","?","R","E","?","M","R","BOSS"],"build_version":"2018-05-27","seed_source_timestamp":1339612053360165,"purchased_purges":4,"victory":true,"master_deck":["Strike_B","Strike_B","Defend_B","Defend_B","Zap","Dualcast","Chill","Glacier+1","Blizzard","Cold Snap","Capacitor","Consume+1","Coolheaded","Gash","Hologram","Echo Form+1","Seek","White Noise","Barrage+1","Self Repair","Barrage+1","Reboot","Reboot","Gash","Sweeping Beam+1","Tempest","Writhe","Compile Driver+1","Bandage Up"],"max_hp_per_floor":[75,75,75,75,75,75,75,75,75,75,75,75,75,75,75,75,75,75,75,75,75,75,75,75,75,75,75,75,75,75,75,75,75,75,75,75,75,75,75,75,75,75,75,75,75,75,75,75,75,75],"relics":["Cracked Core","Old Coin","Symbiotic Virus","Gremlin Horn","Ancient Tea Set","Torii","Shovel","Inserter","Turnip","Du-Vu Doll","Girya","Bottled Tornado","Philosopher\u0027s Stone","Calipers","Vajra","Anchor","Pantograph","Blood Vial"],"card_choices":[{"not_picked":["Ball Lightning","Sweeping Beam"],"picked":"Chill","floor":1},{"not_picked":["Sweeping Beam","Capacitor"],"picked":"Consume","floor":4},{"not_picked":["Undo","Hologram"],"picked":"Coolheaded","floor":5},{"not_picked":["Force Field","Steam"],"picked":"Gash","floor":7},{"not_picked":["Steam","Conserve Battery"],"picked":"Hologram","floor":11},{"not_picked":["Gash","Cold Snap"],"picked":"Echo Form","floor":12},{"not_picked":["Hyperbeam","Multi-Cast"],"picked":"Seek","floor":16},{"not_picked":["Self Repair+1","Sweeping Beam"],"picked":"White Noise","floor":18},{"not_picked":["Self Repair+1","Redo"],"picked":"Barrage+1","floor":19},{"not_picked":["Beam Cell","Recycle","Aggregate+1"],"picked":"SKIP","floor":24},{"not_picked":["Stack","Reinforced Body","Sweeping Beam+1"],"picked":"SKIP","floor":27},{"not_picked":["Beam Cell","FTL+1"],"picked":"Self Repair","floor":28},{"not_picked":["Go for the Eyes+1","Ball Lightning"],"picked":"Barrage+1","floor":29},{"not_picked":["Rebound","Glacier"],"picked":"Reboot","floor":30},{"not_picked":["Machine Learning","Rainbow"],"picked":"Reboot","floor":33},{"not_picked":["Self Repair","Beam Cell+1","Compile Driver"],"picked":"SKIP","floor":35},{"not_picked":["Leap+1","Stack+1"],"picked":"Sweeping Beam+1","floor":38},{"not_picked":["Sweeping Beam","Blizzard"],"picked":"Tempest","floor":41},{"not_picked":["Redo","Hologram"],"picked":"Compile Driver+1","floor":46},{"not_picked":["Mind Blast","Dark Shackles"],"picked":"Bandage Up","floor":47},{"not_picked":["Stack+1","Consume","Creative AI"],"picked":"SKIP","floor":48}],"player_experience":210801,"potions_floor_usage":[18,31,36,41,41,48],"damage_taken":[{"damage":8,"enemies":"Small Slimes","floor":1,"turns":3},{"damage":0,"enemies":"2 Louse","floor":4,"turns":3},{"damage":0,"enemies":"Cultist","floor":5,"turns":5},{"damage":0,"enemies":"3 Sentries","floor":7,"turns":8},{"damage":4,"enemies":"Exordium Thugs","floor":11,"turns":7},{"damage":34,"enemies":"Gremlin Nob","floor":12,"turns":5},{"damage":11,"enemies":"Slime Boss","floor":16,"turns":10},{"damage":1,"enemies":"2 Thieves","floor":18,"turns":5},{"damage":1,"enemies":"Spheric Guardian","floor":19,"turns":7},{"damage":22,"enemies":"Gremlin Leader","floor":24,"turns":7},{"damage":20,"enemies":"Centurion and Healer","floor":27,"turns":6},{"damage":7,"enemies":"Snecko","floor":28,"turns":5},{"damage":15,"enemies":"Snake Plant","floor":29,"turns":7},{"damage":0,"enemies":"Chosen and Byrds","floor":30,"turns":8},{"damage":0,"enemies":"3 Cultists","floor":31,"turns":2},{"damage":28,"enemies":"Automaton","floor":33,"turns":7},{"damage":7,"enemies":"Flame Bruiser 1 Orb","floor":35,"turns":7},{"damage":58,"enemies":"Mysterious Sphere","floor":36,"turns":5},{"damage":22,"enemies":"3 Darklings","floor":38,"turns":6},{"damage":32,"enemies":"2 Orb Walkers","floor":41,"turns":6},{"damage":18,"enemies":"Nemesis","floor":46,"turns":5},{"damage":21,"enemies":"Flame Bruiser 2 Orb","floor":48,"turns":3},{"damage":49,"enemies":"Time Eater","floor":50,"turns":13}],"relics_obtained":[{"floor":7,"key":"Symbiotic Virus"},{"floor":9,"key":"Gremlin Horn"},{"floor":12,"key":"Ancient Tea Set"},{"floor":13,"key":"Torii"},{"floor":23,"key":"Turnip"},{"floor":24,"key":"Du-Vu Doll"},{"floor":25,"key":"Girya"},{"floor":26,"key":"Bottled Tornado"},{"floor":36,"key":"Calipers"},{"floor":41,"key":"Vajra"},{"floor":43,"key":"Anchor"},{"floor":45,"key":"Pantograph"},{"floor":46,"key":"Blood Vial"}],"event_choices":[{"event_name":"World of Goop","player_choice":"Left","floor":2,"damage_taken":0},{"event_name":"Scrap Ooze","player_choice":"success","floor":14,"damage_taken":7},{"event_name":"Accursed Blacksmith","player_choice":"Forge","floor":21,"damage_taken":0},{"event_name":"Mysterious Sphere","player_choice":"Fight","floor":36,"damage_taken":0},{"event_name":"Winding Halls","player_choice":"Writhe","floor":44,"damage_taken":0},{"event_name":"SensoryStone","player_choice":"Memory 1","floor":47,"damage_taken":0}],"boss_relics":[{"not_picked":["Eternal Feather","Ectoplasm"],"picked":"Inserter"},{"not_picked":["Runic Pyramid","Snecko Eye"],"picked":"Philosopher\u0027s Stone"}],"items_purged_floors":[3,10,20,37],"potions_floor_spawned":[1,5,12,16,18,29,35,38,46],"seed_played":"-5262807234092028696","ascension_level":3,"potions_obtained":[{"floor":1,"key":"SpeedPotion"},{"floor":5,"key":"SpeedPotion"},{"floor":12,"key":"Weak Potion"},{"floor":18,"key":"SmokeBomb"},{"floor":35,"key":"Fire Potion"},{"floor":38,"key":"SteroidPotion"},{"floor":46,"key":"Fire Potion"}],"is_trial":false}