{"gold_per_floor":[112,112,112,37,37,81,4,42,42,42,55,55,93,118,118,216,216,240,240,240,240,257,257,257,101,101,120,188,206,225,257,257,331,331,347,347,361,371,371,371,371],"floor_reached":41,"playtime":1111,"items_purged":["Strike_R+1"],"score":1004,"play_id":"6b3e1177-c734-4d58-9acc-d9e8831042c8","local_time":"20190212174632","is_ascension_mode":true,"campfire_choices":[{"data":"Armaments","floor":10.0,"key":"SMITH"},{"data":"Bash","floor":12.0,"key":"SMITH"},{"data":"Inflame","floor":15.0,"key":"SMITH"},{"data":"Offering","floor":23.0,"key":"SMITH"},{"floor":32.0,"key":"REST"},{"floor":40,"key":"REST"}],"neow_cost":"NONE","seed_source_timestamp":2957163982036,"circlet_count":0,"master_deck":["AscendersBane","Strike_R+1","Strike_R+1","Strike_R+1","Strike_R+1","Defend_R+1","Defend_R+1","Defend_R+1","Bash+1","Disarm","Armaments+1","Headbutt","Inflame+1","Disarm","Pummel","Whirlwind","Double Tap","Offering+1","Dropkick","Necronomicurse","Inflame","Heavy Blade+1","True Grit","Twin Strike+1","Demon Form","Evolve+1","Heavy Blade+1","Pommel Strike+1","Discovery"],"special_seed":0,"relics":["Burning Blood","NeowsBlessing","Bloody Idol","Torii","Pear","Letter Opener","Pantograph","Philosopher\u0027s Stone","Necronomicon","Molten Egg 2","Self Forming Clay","Orichalcum","Sozu"],"potions_floor_usage":[41,41],"damage_taken":[{"damage":0.0,"enemies":"2 Louse","floor":1.0,"turns":1.0},{"damage":0.0,"enemies":"Gremlin Nob","floor":6.0,"turns":1.0},{"damage":0.0,"enemies":"Lagavulin","floor":8.0,"turns":1.0},{"damage":1.0,"enemies":"Small Slimes","floor":11.0,"turns":4.0},{"damage":26.0,"enemies":"Gremlin Nob","floor":13.0,"turns":4.0},{"damage":1.0,"enemies":"Cultist","floor":14.0,"turns":3.0},{"damage":43.0,"enemies":"Hexaghost","floor":16.0,"turns":8.0},{"damage":6.0,"enemies":"Spheric Guardian","floor":18.0,"turns":2.0},{"damage":22.0,"enemies":"2 Thieves","floor":22.0,"turns":2.0},{"damage":6.0,"enemies":"Snecko","floor":27.0,"turns":2.0},{"damage":7.0,"enemies":"3 Cultists","floor":29.0,"turns":4.0},{"damage":43.0,"enemies":"Chosen and Byrds","floor":30.0,"turns":5.0},{"damage":6.0,"enemies":"Gremlin Leader","floor":31.0,"turns":5.0},{"damage":34.0,"enemies":"Collector","floor":33.0,"turns":6.0},{"damage":16.0,"enemies":"3 Shapes","floor":35.0,"turns":8.0},{"damage":40,"enemies":"3 Darklings","floor":37,"turns":5},{"damage":19,"enemies":"Writhing Mass","floor":38,"turns":4},{"damage":40,"enemies":"Reptomancer","floor":41,"turns":5}],"seed_played":"-77106289660283924","potions_obtained":[{"floor":1.0,"key":"Block Potion"},{"floor":8.0,"key":"Swift Potion"},{"floor":14.0,"key":"AttackPotion"},{"floor":16.0,"key":"SkillPotion"},{"floor":22.0,"key":"Swift Potion"},{"floor":27.0,"key":"SpeedPotion"},{"floor":30.0,"key":"SkillPotion"},{"floor":33.0,"key":"EntropicBrew"}],"is_trial":false,"path_per_floor":["M","?","?","?","?","E","$","E","T","R","M","R","E","M","R","B",null,"M","?","?","?","M","R","?","$","T","M","T","M","M","E","R","B",null,"M","?","M","M","?","R","E"],"character_chosen":"IRONCLAD","items_purchased":["Inflame","Inflame"],"campfire_rested":2,"item_purchase_floors":[7,25],"current_hp_per_floor":[74,79,72,72,72,72,72,82,82,82,82,82,62,67,67,45,73,73,52,52,52,46,46,46,46,46,51,56,60,28,33,57,59,76,71,71,42,34,34,58,18],"gold":371,"neow_bonus":"THREE_ENEMY_KILL","is_prod":false,"is_daily":false,"chose_seed":false,"campfire_upgraded":4,"win_rate":0,"timestamp":1550022392,"path_taken":["M","?","?","?","?","E","$","E","T","R","M","R","E","M","R","BOSS","M","?","?","?","M","R","?","$","T","M","?","?","?","E","R","BOSS","M","?","M","M","?","R","E"],"build_version":"2019-02-06","purchased_purges":1,"victory":false,"max_hp_per_floor":[75,80,72,72,72,72,72,82,82,82,82,82,82,82,82,82,82,82,82,82,82,82,82,82,82,82,82,82,82,82,82,82,82,82,82,82,82,82,82,82,82],"card_choices":[{"not_picked":["Inflame","Headbutt"],"picked":"Disarm","floor":1.0},{"not_picked":["Second Wind","Burning Pact"],"picked":"Headbutt","floor":6.0},{"not_picked":["Pummel","Battle Trance"],"picked":"Disarm","floor":8.0},{"not_picked":["Whirlwind","Carnage"],"picked":"Pummel","floor":11.0},{"not_picked":["True Grit","Sword Boomerang"],"picked":"Whirlwind","floor":13.0},{"not_picked":["Disarm","Headbutt"],"picked":"Double Tap","floor":14.0},{"not_picked":["Brutality","Limit Break"],"picked":"Offering","floor":16.0},{"not_picked":["Anger","Pommel Strike"],"picked":"Dropkick","floor":18.0},{"not_picked":["Headbutt+1","Iron Wave+1"],"picked":"Heavy Blade+1","floor":27.0},{"not_picked":["Hemokinesis+1","Thunderclap+1"],"picked":"True Grit","floor":30.0},{"not_picked":["Entrench","Flex"],"picked":"Twin Strike+1","floor":31.0},{"not_picked":["Exhume","Impervious"],"picked":"Demon Form","floor":33.0},{"not_picked":["Searing Blow+1","Wild Strike+1"],"picked":"Evolve+1","floor":35.0},{"not_picked":["Cleave+1","Armaments"],"picked":"Heavy Blade+1","floor":37},{"not_picked":["Bludgeon+1","Pummel+1"],"picked":"Pommel Strike+1","floor":38},{"not_picked":["Good Instincts","Violence"],"picked":"Discovery","floor":39}],"player_experience":1145295,"relics_obtained":[{"floor":6.0,"key":"Torii"},{"floor":8.0,"key":"Pear"},{"floor":9.0,"key":"Letter Opener"},{"floor":13.0,"key":"Pantograph"},{"floor":19.0,"key":"Necronomicon"},{"floor":26.0,"key":"Molten Egg 2"},{"floor":28.0,"key":"Self Forming Clay"},{"floor":31.0,"key":"Orichalcum"}],"event_choices":[{"damage_healed":0.0,"max_hp_gain":5.0,"max_hp_loss":0.0,"gold_gain":0.0,"event_name":"Big Fish","player_choice":"Donut","floor":2.0,"gold_loss":0.0,"damage_taken":0.0},{"damage_healed":0.0,"max_hp_gain":0.0,"max_hp_loss":8.0,"gold_gain":0.0,"event_name":"Golden Idol","player_choice":"Lose Max HP","floor":3.0,"gold_loss":0.0,"damage_taken":0.0,"relics_obtained":["Golden Idol"]},{"cards_removed":["Defend_R"],"damage_healed":0.0,"max_hp_gain":0.0,"max_hp_loss":0.0,"gold_gain":0.0,"event_name":"The Cleric","player_choice":"Card Removal","floor":4.0,"gold_loss":75.0,"damage_taken":0.0},{"damage_healed":0.0,"max_hp_gain":0.0,"max_hp_loss":0.0,"gold_gain":0.0,"event_name":"Match and Keep!","player_choice":"1 cards matched","floor":5.0,"gold_loss":0.0,"damage_taken":0.0,"cards_obtained":["Armaments"]},{"damage_healed":0.0,"max_hp_gain":0.0,"max_hp_loss":0.0,"gold_gain":0.0,"event_name":"Cursed Tome","player_choice":"Obtained Book","floor":19.0,"gold_loss":0.0,"damage_taken":21.0},{"damage_healed":0.0,"max_hp_gain":0.0,"max_hp_loss":0.0,"gold_gain":0.0,"event_name":"Forgotten Altar","player_choice":"Gave Idol","floor":20.0,"relics_lost":["Golden Idol"],"gold_loss":0.0,"damage_taken":0.0,"relics_obtained":["Bloody Idol"]},{"damage_healed":0.0,"max_hp_gain":0.0,"max_hp_loss":0.0,"gold_gain":0.0,"event_name":"The Mausoleum","player_choice":"Ignored","floor":21.0,"gold_loss":0.0,"damage_taken":0.0},{"damage_healed":0.0,"max_hp_gain":0.0,"max_hp_loss":0.0,"gold_gain":0.0,"event_name":"Back to Basics","player_choice":"Simplicity","floor":24.0,"gold_loss":0.0,"damage_taken":0.0,"cards_upgraded":["Strike_R","Strike_R","Strike_R","Strike_R","Strike_R","Defend_R","Defend_R","Defend_R"]},{"damage_healed":0,"gold_gain":0,"player_choice":"Ignored","damage_taken":0,"max_hp_gain":0,"max_hp_loss":0,"event_name":"Mysterious Sphere","floor":36,"gold_loss":0},{"damage_healed":0,"gold_gain":0,"player_choice":"Memory 1","damage_taken":0,"max_hp_gain":0,"max_hp_loss":0,"event_name":"SensoryStone","floor":39,"gold_loss":0}],"is_beta":true,"boss_relics":[{"not_picked":["Runic Pyramid","Runic Cube"],"picked":"Philosopher\u0027s Stone"},{"not_picked":["Velvet Choker","Calling Bell"],"picked":"Sozu"}],"items_purged_floors":[25],"is_endless":false,"potions_floor_spawned":[1,8,14,16,22,27,30,33,35],"killed_by":"Reptomancer","ascension_level":20}