{"gold_per_floor":[111,40,54,54,54,97,97,141,141,141,141,141,141,155,155,275,275,288,115,95,111,34,34,55,68,148,148,60,60],"floor_reached":29,"playtime":1068,"items_purged":[],"score":229,"play_id":"402d6ad7-42cd-4cf5-95e2-63d7ceb08aca","local_time":"20190202220557","is_ascension_mode":false,"campfire_choices":[{"floor":7,"key":"REST"},{"floor":11,"key":"REST"},{"floor":13,"key":"REST"},{"data":"Blood for Blood","floor":15,"key":"SMITH"},{"floor":23,"key":"REST"}],"neow_cost":"NONE","seed_source_timestamp":3732003344981,"circlet_count":0,"master_deck":["Strike_R","Strike_R","Strike_R+1","Strike_R","Strike_R","Defend_R+1","Defend_R","Defend_R","Defend_R","Bash","Cleave","Seeing Red","Shrug It Off","Iron Wave","Heavy Blade","Blood for Blood+1","Exhume","Heavy Blade+1","Fiend Fire+1","Rage","Combust","Swift Strike+1","Perfected Strike+1","Rupture","Juggernaut","Pummel+1","Metallicize","Uppercut+1"],"relics":["Burning Blood","Golden Idol","Centennial Puzzle","Molten Egg 2","Question Card","Mark of Pain","Bottled Tornado","The Courier"],"potions_floor_usage":[16,16,29,29],"damage_taken":[{"damage":3,"enemies":"2 Louse","floor":1,"turns":3},{"damage":1,"enemies":"Cultist","floor":3,"turns":4},{"damage":28,"enemies":"Gremlin Nob","floor":6,"turns":5},{"damage":29,"enemies":"3 Sentries","floor":8,"turns":8},{"damage":6,"enemies":"Jaw Worm","floor":14,"turns":3},{"damage":82,"enemies":"Slime Boss","floor":16,"turns":16},{"damage":30,"enemies":"2 Thieves","floor":18,"turns":4},{"damage":16,"enemies":"Chosen","floor":21,"turns":5},{"damage":35,"enemies":"Centurion and Healer","floor":24,"turns":5},{"damage":27,"enemies":"Snecko","floor":25,"turns":5},{"damage":22,"enemies":"Sentry and Sphere","floor":29,"turns":3}],"seed_played":"-8520248757305853967","potions_obtained":[{"floor":1,"key":"Energy Potion"},{"floor":3,"key":"Dexterity Potion"},{"floor":12,"key":"Regen Potion"},{"floor":16,"key":"Poison Potion"},{"floor":20,"key":"Weak Potion"}],"is_trial":false,"path_per_floor":["M","$","M","?","$","E","R","E","T","?","R","?","R","M","R","B",null,"M","$","?","M","$","R","M","M","T","T","$","M"],"character_chosen":"IRONCLAD","items_purchased":["Shrug It Off","Iron Wave","Combust","Swift Strike+1","Rupture","Metallicize","Uppercut+1"],"campfire_rested":4,"item_purchase_floors":[2,2,19,19,22,28,28],"current_hp_per_floor":[80,80,80,60,60,38,62,39,39,23,47,47,71,71,71,10,80,56,56,56,46,46,70,41,20,20,20,20,0],"gold":60,"neow_bonus":"THREE_CARDS","is_prod":false,"is_daily":false,"chose_seed":false,"campfire_upgraded":1,"win_rate":0.0,"timestamp":1549166757,"path_taken":["M","$","M","?","$","E","R","E","T","?","R","?","R","M","R","BOSS","M","$","?","M","?","R","M","M","T","?","$","M"],"build_version":"2019-01-23","purchased_purges":0,"victory":false,"max_hp_per_floor":[80,80,80,80,80,80,80,80,80,80,80,80,80,80,80,80,80,80,80,80,80,80,80,80,80,80,80,80,80],"card_choices":[{"not_picked":["Twin Strike","Anger"],"picked":"Cleave","floor":0},{"not_picked":["Sword Boomerang","Body Slam"],"picked":"Seeing Red","floor":1},{"not_picked":["Armaments","Power Through"],"picked":"Heavy Blade","floor":3},{"not_picked":["Rampage","Cleave"],"picked":"Blood for Blood","floor":6},{"not_picked":["Clash","Bloodletting"],"picked":"Exhume","floor":8},{"not_picked":["Second Wind","Feel No Pain","True Grit"],"picked":"Heavy Blade+1","floor":14},{"not_picked":["Offering","Exhume","Limit Break"],"picked":"Fiend Fire+1","floor":16},{"not_picked":["True Grit+1","Armaments","Sentinel"],"picked":"Rage","floor":18},{"not_picked":["Anger+1","True Grit","Body Slam+1"],"picked":"Perfected Strike+1","floor":21},{"not_picked":["Iron Wave+1","Perfected Strike+1","Clothesline+1"],"picked":"Juggernaut","floor":24},{"not_picked":["Twin Strike+1","Clash+1","True Grit"],"picked":"Pummel+1","floor":25}],"player_experience":76563,"relics_obtained":[{"floor":6,"key":"Centennial Puzzle"},{"floor":8,"key":"Molten Egg 2"},{"floor":9,"key":"Question Card"},{"floor":26,"key":"Bottled Tornado"},{"floor":27,"key":"The Courier"}],"event_choices":[{"damage_healed":0,"gold_gain":0,"player_choice":"Take Damage","damage_taken":20,"relics_obtained":["Golden Idol"],"max_hp_gain":0,"max_hp_loss":0,"event_name":"Golden Idol","floor":4,"gold_loss":0},{"damage_healed":0,"gold_gain":0,"player_choice":"Entered Light","damage_taken":16,"max_hp_gain":0,"max_hp_loss":0,"event_name":"Shining Light","floor":10,"gold_loss":0,"cards_upgraded":["Strike_R","Defend_R"]},{"damage_healed":0,"gold_gain":0,"player_choice":"Got Potions","damage_taken":0,"max_hp_gain":0,"max_hp_loss":0,"event_name":"Lab","floor":12,"gold_loss":0},{"damage_healed":0,"gold_gain":0,"player_choice":"Bought 1 Potion","damage_taken":0,"max_hp_gain":0,"max_hp_loss":0,"event_name":"The Woman in Blue","floor":20,"gold_loss":0}],"is_beta":false,"boss_relics":[{"not_picked":["Snecko Eye","Astrolabe"],"picked":"Mark of Pain"}],"items_purged_floors":[],"is_endless":false,"potions_floor_spawned":[1,3,14,16,21],"killed_by":"Sentry and Sphere","ascension_level":0}