{"gold_per_floor":[115,23,41,51,51,80,98,116,116,116,116,26,42,55,55,150,150,162,162,162,181,34,34,34,34,34,34],"floor_reached":27,"playtime":1146,"items_purged":["Strike_R"],"score":361,"play_id":"79a817bd-d2c6-4c72-9bd0-dc33e0a6812a","local_time":"20190127233846","is_ascension_mode":true,"campfire_choices":[{"data":"Armaments","floor":10,"key":"SMITH"},{"data":"Discovery","floor":15,"key":"SMITH"},{"floor":23,"key":"REST"}],"neow_cost":"TEN_PERCENT_HP_LOSS","seed_source_timestamp":1495006773001203,"circlet_count":0,"master_deck":["AscendersBane","Strike_R","Strike_R","Strike_R","Defend_R","Defend_R","Defend_R","Bash","Wild Strike","Wild Strike","Anger","Feel No Pain","True Grit+1","Pummel","Rage","Fiend Fire","Armaments+1","Discovery+1","Exhume","Corruption","Feel No Pain","Inflame","Shrug It Off","RitualDagger","Burning Pact","Dual Wield","Clash"],"relics":["Burning Blood","Omamori","Smiling Mask","Orrery","Necronomicon","Sundial"],"potions_floor_usage":[11,14,16,18,24,24],"damage_taken":[{"damage":0,"enemies":"Cultist","floor":1,"turns":2},{"damage":8,"enemies":"Small Slimes","floor":3,"turns":3},{"damage":0,"enemies":"2 Louse","floor":4,"turns":3},{"damage":26,"enemies":"3 Sentries","floor":6,"turns":10},{"damage":10,"enemies":"2 Fungi Beasts","floor":7,"turns":4},{"damage":10,"enemies":"Exordium Wildlife","floor":8,"turns":5},{"damage":0,"enemies":"The Mushroom Lair","floor":11,"turns":1},{"damage":1,"enemies":"3 Louse","floor":13,"turns":2},{"damage":8,"enemies":"Large Slime","floor":14,"turns":5},{"damage":45,"enemies":"Slime Boss","floor":16,"turns":13},{"damage":9,"enemies":"2 Thieves","floor":18,"turns":5},{"damage":8,"enemies":"Spheric Guardian","floor":21,"turns":4},{"damage":0,"enemies":"Gremlin Leader","floor":24,"turns":2},{"damage":59,"enemies":"Book of Stabbing","floor":27,"turns":5}],"seed_played":"5410503882145257837","potions_obtained":[{"floor":4,"key":"SmokeBomb"},{"floor":7,"key":"SkillPotion"},{"floor":14,"key":"Swift Potion"},{"floor":16,"key":"EntropicBrew"}],"is_trial":false,"path_per_floor":["M","$","M","M","?","E","M","M","T","R","?","$","M","M","R","B",null,"M","?","?","M","$","R","E","?","T","E"],"character_chosen":"IRONCLAD","items_purchased":["Feel No Pain","True Grit","Discovery","Dual Wield","Clash"],"campfire_rested":1,"item_purchase_floors":[2,2,12,22,22],"current_hp_per_floor":[72,72,70,72,72,52,48,44,44,44,50,50,55,53,53,14,58,55,49,33,31,31,52,58,58,58,0],"gold":34,"neow_bonus":"TRANSFORM_TWO_CARDS","is_prod":false,"is_daily":false,"chose_seed":false,"campfire_upgraded":2,"win_rate":0,"timestamp":1548632326,"path_taken":["M","$","M","M","?","E","?","M","T","R","?","$","M","M","R","BOSS","M","?","?","M","$","R","E","?","T","E"],"build_version":"2019-01-23","purchased_purges":1,"victory":false,"max_hp_per_floor":[72,72,72,72,72,72,72,72,72,72,72,72,72,72,72,72,72,72,72,72,72,72,72,72,72,72,72],"card_choices":[{"not_picked":["Pommel Strike","Body Slam"],"picked":"Anger","floor":1},{"not_picked":["Shockwave","Clothesline"],"picked":"Pummel","floor":3},{"not_picked":["Flame Barrier","Clash"],"picked":"Rage","floor":4},{"not_picked":["Dropkick","Cleave"],"picked":"Fiend Fire","floor":6},{"not_picked":["Combust","Flex"],"picked":"Armaments","floor":7},{"not_picked":["Fire Breathing","Havoc","Twin Strike"],"picked":"SKIP","floor":8},{"not_picked":["Sword Boomerang","Perfected Strike","Cleave"],"picked":"SKIP","floor":13},{"not_picked":["Headbutt","Armaments","Wild Strike"],"picked":"SKIP","floor":14},{"not_picked":["Berserk","Fiend Fire"],"picked":"Exhume","floor":16},{"not_picked":["Uppercut","Fiend Fire"],"picked":"Corruption","floor":17},{"not_picked":["Entrench","Heavy Blade"],"picked":"Feel No Pain","floor":17},{"not_picked":["Uppercut","Iron Wave"],"picked":"Inflame","floor":17},{"not_picked":["Body Slam+1","Armaments+1"],"picked":"Shrug It Off","floor":18},{"not_picked":["Flex","Thunderclap"],"picked":"Burning Pact","floor":21}],"player_experience":494491,"relics_obtained":[{"floor":6,"key":"Omamori"},{"floor":9,"key":"Smiling Mask"},{"floor":20,"key":"Necronomicon"},{"floor":26,"key":"Sundial"}],"event_choices":[{"damage_healed":0,"gold_gain":0,"player_choice":"Upgraded","damage_taken":0,"max_hp_gain":0,"max_hp_loss":0,"event_name":"Upgrade Shrine","floor":5,"gold_loss":0,"cards_upgraded":["True Grit"]},{"damage_healed":0,"gold_gain":0,"player_choice":"Fought Mushrooms","damage_taken":0,"max_hp_gain":0,"max_hp_loss":0,"event_name":"Mushrooms","floor":11,"gold_loss":0},{"damage_healed":0,"gold_gain":0,"player_choice":"Joined the Cult","damage_taken":6,"max_hp_gain":0,"max_hp_loss":0,"event_name":"Nest","floor":19,"gold_loss":0,"cards_obtained":["RitualDagger"]},{"damage_healed":0,"gold_gain":0,"player_choice":"Obtained Book","damage_taken":16,"max_hp_gain":0,"max_hp_loss":0,"event_name":"Cursed Tome","floor":20,"gold_loss":0},{"damage_healed":0,"gold_gain":0,"player_choice":"Smashed Altar","damage_taken":0,"max_hp_gain":0,"max_hp_loss":0,"event_name":"Forgotten Altar","floor":25,"gold_loss":0,"cards_obtained":["Decay"]}],"is_beta":true,"boss_relics":[{"not_picked":["Runic Dome","Black Star"],"picked":"Orrery"}],"items_purged_floors":[22],"is_endless":false,"potions_floor_spawned":[4,7,11,14,16],"killed_by":"Book of Stabbing","ascension_level":11}