{"gold_per_floor":[116,116,116,133,31,31,65,79,102,102,0,150,150,175,175,175],"floor_reached":16,"playtime":374,"items_purged":[],"score":196,"play_id":"2239e915-8dbe-4399-a527-ae89ae3a32b4","local_time":"20190204121953","is_ascension_mode":true,"campfire_choices":[{"data":"Streamline","floor":6,"key":"SMITH"},{"data":"Hologram","floor":10,"key":"SMITH"},{"floor":15,"key":"REST"}],"neow_cost":"NONE","seed_source_timestamp":19089526920633,"circlet_count":0,"master_deck":["AscendersBane","Strike_B","Strike_B","Strike_B","Strike_B","Defend_B","Defend_B","Defend_B","Zap","Dualcast","Hologram+1","Conserve Battery","Streamline+1","Skim","Hello World","Streamline","Hello World","Stack","Streamline"],"special_seed":0,"relics":["Snecko Eye","Boot","Omamori","Golden Idol"],"potions_floor_usage":[16],"damage_taken":[{"damage":10.0,"enemies":"Small Slimes","floor":1.0,"turns":3.0},{"damage":9,"enemies":"Jaw Worm","floor":4,"turns":5},{"damage":12,"enemies":"Gremlin Nob","floor":7,"turns":3},{"damage":6,"enemies":"2 Louse","floor":8,"turns":4},{"damage":23,"enemies":"Red Slaver","floor":14,"turns":7},{"damage":23,"enemies":"Slime Boss","floor":16,"turns":3}],"seed_played":"3272753619136116202","potions_obtained":[{"floor":7,"key":"LiquidBronze"},{"floor":14,"key":"Swift Potion"}],"is_trial":false,"path_per_floor":["M","?","?","M","$","R","E","M","T","R","$","?","?","M","R","B"],"character_chosen":"DEFECT","items_purchased":["Streamline","Skim","Hello World","Stack"],"campfire_rested":1,"item_purchase_floors":[5,5,11,11],"current_hp_per_floor":[54,54,54,45,45,45,33,27,27,27,27,27,27,4,23,0],"gold":175,"neow_bonus":"BOSS_RELIC","is_prod":false,"is_daily":false,"chose_seed":false,"campfire_upgraded":2,"win_rate":0,"timestamp":1549311593,"path_taken":["M","?","?","M","$","R","E","M","T","R","$","?","?","M","R","BOSS"],"build_version":"2019-01-23","purchased_purges":0,"victory":false,"max_hp_per_floor":[71,71,71,71,71,71,71,71,71,71,71,71,64,64,64,64],"card_choices":[{"not_picked":["Beam Cell","Go for the Eyes"],"picked":"Conserve Battery","floor":4},{"not_picked":["FTL","Buffer"],"picked":"Hello World","floor":7},{"not_picked":["Redo","Stack"],"picked":"Streamline","floor":8},{"not_picked":["Rip and Tear","Turbo"],"picked":"Streamline","floor":14}],"player_experience":1127597,"relics_obtained":[{"floor":7,"key":"Boot"},{"floor":9,"key":"Omamori"}],"event_choices":[{"damage_healed":0.0,"max_hp_gain":0.0,"max_hp_loss":0.0,"gold_gain":0.0,"event_name":"The Cleric","player_choice":"Leave","floor":2.0,"gold_loss":0.0,"damage_taken":0.0},{"damage_healed":0,"gold_gain":0,"cards_transformed":["Defend_B"],"player_choice":"Change","damage_taken":0,"max_hp_gain":0,"max_hp_loss":0,"event_name":"Living Wall","floor":3,"gold_loss":0,"cards_obtained":["Hologram"]},{"damage_healed":0,"gold_gain":150,"player_choice":"AGREE","damage_taken":0,"max_hp_gain":0,"max_hp_loss":0,"event_name":"Liars Game","floor":12,"gold_loss":0,"cards_obtained":["Doubt"]},{"damage_healed":0,"gold_gain":0,"player_choice":"Lose Max HP","damage_taken":0,"relics_obtained":["Golden Idol"],"max_hp_gain":0,"max_hp_loss":7,"event_name":"Golden Idol","floor":13,"gold_loss":0}],"is_beta":true,"boss_relics":[],"items_purged_floors":[],"is_endless":false,"potions_floor_spawned":[7,14],"killed_by":"Slime Boss","ascension_level":20}