{"path_per_floor":["M","?","$","?","M","R","E","R","T","E","M","M","M","?","R"],"character_chosen":"THE_SILENT","items_purchased":["Well Laid Plans"],"gold_per_floor":[148,148,79,79,100,100,131,131,155,195,214,235,256,294,294,294],"floor_reached":16,"campfire_rested":2,"playtime":1330,"current_hp_per_floor":[75,57,57,57,56,75,58,75,75,67,67,63,58,42,42,0],"items_purged":[],"gold":294,"score":116,"play_id":"88b523fb-63f5-449a-b335-227bb17e3127","local_time":"20180410231528","is_prod":false,"is_daily":false,"chose_seed":false,"is_ascension_mode":true,"campfire_upgraded":1,"timestamp":1523398528,"path_taken":["M","?","$","?","M","R","E","R","T","E","M","M","?","?","R","BOSS"],"build_version":"2018-04-10","seed_source_timestamp":967038527712048,"purchased_purges":0,"victory":false,"master_deck":["Defend_G","Defend_G","Defend_G","Defend_G","Strike_G","Strike_G","Strike_G","Strike_G","Strike_G","Survivor","Neutralize+1","Dagger Throw","Backflip","Well Laid Plans","Well Laid Plans","Burst","All Out Attack","Phantasmal Killer+1","Eviscerate","Blade Dance"],"max_hp_per_floor":[75,75,75,75,75,75,75,75,75,75,75,75,75,75,75,75],"relics":["Tiny House","Golden Idol","Gremlin Horn","Regal Pillow","Ancient Tea Set","Odd Mushroom"],"card_choices":[{"not_picked":["Calculated Gamble","Flying Knee"],"picked":"Dagger Throw","floor":0},{"not_picked":["Catalyst","Deadly Poison"],"picked":"Backflip","floor":1},{"not_picked":["Malaise","Poisoned Stab"],"picked":"Well Laid Plans","floor":5},{"not_picked":["Sucker Punch","Poisoned Stab"],"picked":"Burst","floor":7},{"not_picked":["Cloak And Dagger","Bane"],"picked":"All Out Attack","floor":10},{"not_picked":["Deadly Poison","Flechettes"],"picked":"Phantasmal Killer","floor":12},{"not_picked":["Bouncing Flask","Quick Slash"],"picked":"Eviscerate","floor":13},{"not_picked":["All Out Attack","Sucker Punch"],"picked":"Blade Dance","floor":14}],"player_experience":55926,"potions_floor_usage":[7,10,10,16],"damage_taken":[{"damage":0,"enemies":"Cultist","floor":1,"turns":4},{"damage":1,"enemies":"Jaw Worm","floor":5,"turns":3},{"damage":17,"enemies":"3 Sentries","floor":7,"turns":8},{"damage":8,"enemies":"Lagavulin","floor":10,"turns":9},{"damage":0,"enemies":"2 Louse","floor":11,"turns":2},{"damage":4,"enemies":"Blue Slaver","floor":12,"turns":4},{"damage":5,"enemies":"Red Slaver","floor":13,"turns":4},{"damage":16,"enemies":"The Mushroom Lair","floor":14,"turns":4},{"damage":46,"enemies":"Slime Boss","floor":16,"turns":7}],"event_choices":[{"event_name":"Golden Idol","player_choice":"Take Damage","floor":2,"damage_taken":0},{"event_name":"Bonfire Elementals","player_choice":"BASIC","floor":4,"damage_taken":0},{"event_name":"Mushrooms","player_choice":"Fought Mushrooms","floor":14,"damage_taken":0}],"boss_relics":[],"potions_floor_spawned":[1,7,11],"seed_played":"6222862852031462812","killed_by":"Slime Boss","ascension_level":1,"is_trial":false}