{"gold_per_floor":[110,120,32,44,63,63,63,63,63,94,106,106,106,140,140,217,217,233,233,247,260,260,260,260,260,286,297,297,192,192,38,38,38],"floor_reached":33,"playtime":1473,"items_purged":["Decay"],"score":506,"play_id":"21e613ce-0b69-4066-97fb-be2cfe4a5d05","local_time":"20190205020731","is_ascension_mode":true,"campfire_choices":[{"data":"Hologram","floor":6,"key":"SMITH"},{"data":"Streamline","floor":8,"key":"SMITH"},{"floor":13,"key":"REST"},{"data":"Hologram","floor":15,"key":"SMITH"},{"data":"Defragment","floor":23,"key":"SMITH"},{"data":"Force Field","floor":25,"key":"SMITH"},{"data":"Hologram","floor":30,"key":"SMITH"},{"data":"Discovery","floor":32,"key":"SMITH"}],"neow_cost":"NONE","seed_source_timestamp":35814401149112,"circlet_count":0,"master_deck":["AscendersBane","Strike_B","Strike_B","Strike_B","Strike_B","Defend_B","Defend_B","Defend_B","Defend_B","Zap","Dualcast","Hologram+1","Undo","Defragment+1","Conserve Battery","Compile Driver","Streamline+1","Core Surge","Hologram+1","Electrodynamics","Sunder+1","Force Field+1","Conserve Battery","Hologram+1","Discovery+1","Stack"],"relics":["Snecko Eye","Mummified Hand","Mercury Hourglass","Symbiotic Virus","Potion Belt","Bag of Preparation","Sozu","Smiling Mask","DataDisk","Bronze Scales"],"potions_floor_usage":[5,10],"damage_taken":[{"damage":1,"enemies":"Cultist","floor":1,"turns":3},{"damage":2,"enemies":"Jaw Worm","floor":2,"turns":3},{"damage":2,"enemies":"2 Louse","floor":4,"turns":3},{"damage":0,"enemies":"Gremlin Gang","floor":5,"turns":1},{"damage":35,"enemies":"3 Sentries","floor":10,"turns":6},{"damage":0,"enemies":"2 Fungi Beasts","floor":11,"turns":2},{"damage":15,"enemies":"Gremlin Nob","floor":14,"turns":4},{"damage":13,"enemies":"The Guardian","floor":16,"turns":11},{"damage":0,"enemies":"Chosen","floor":18,"turns":3},{"damage":0,"enemies":"3 Byrds","floor":20,"turns":2},{"damage":14,"enemies":"Snake Plant","floor":21,"turns":3},{"damage":0,"enemies":"3 Cultists","floor":27,"turns":3},{"damage":53,"enemies":"Champ","floor":33,"turns":11}],"seed_played":"6136643811401271452","potions_obtained":[{"floor":4,"key":"Explosive Potion"},{"floor":5,"key":"Swift Potion"},{"floor":11,"key":"EssenceOfSteel"},{"floor":14,"key":"Explosive Potion"},{"floor":16,"key":"Explosive Potion"}],"is_trial":false,"path_per_floor":["M","M","$","M","M","R","?","R","T","E","M","T","R","E","R","B",null,"M","?","M","M","T","R","?","R","T","M","?","$","R","$","R","B"],"character_chosen":"DEFECT","items_purchased":["Defragment","Conserve Battery","Hologram","Discovery","Stack"],"campfire_rested":1,"item_purchase_floors":[3,3,29,31,31],"current_hp_per_floor":[63,61,61,59,59,59,48,48,48,13,13,13,34,19,19,6,55,55,51,51,37,37,37,37,37,37,37,37,37,37,37,37,0],"gold":38,"neow_bonus":"BOSS_RELIC","is_prod":false,"is_daily":false,"chose_seed":false,"campfire_upgraded":7,"win_rate":0,"timestamp":1549361251,"path_taken":["M","M","$","?","M","R","?","R","T","E","M","?","R","E","R","BOSS","M","?","?","M","?","R","?","R","T","?","?","$","R","?","R","BOSS"],"build_version":"2019-01-23","purchased_purges":1,"victory":false,"max_hp_per_floor":[71,71,71,71,71,71,71,71,71,71,71,71,71,71,71,71,71,71,71,71,71,71,71,71,71,71,71,71,71,71,71,71,71],"card_choices":[{"not_picked":["Sweeping Beam","Consume"],"picked":"Hologram","floor":1},{"not_picked":["Redo","Lockon"],"picked":"Undo","floor":2},{"not_picked":["Steam","Gash"],"picked":"Compile Driver","floor":4},{"not_picked":["Coolheaded","Hologram"],"picked":"Streamline","floor":5},{"not_picked":["Scrape","Streamline"],"picked":"Core Surge","floor":10},{"not_picked":["Leap","Conserve Battery"],"picked":"Hologram","floor":14},{"not_picked":["Buffer","Creative AI"],"picked":"Electrodynamics","floor":16},{"not_picked":["Ball Lightning","Gash"],"picked":"Sunder+1","floor":20},{"not_picked":["Beam Cell","Blizzard"],"picked":"Force Field","floor":21},{"not_picked":["Scrape","Fission"],"picked":"Conserve Battery","floor":27}],"player_experience":1129325,"relics_obtained":[{"floor":9,"key":"Mercury Hourglass"},{"floor":10,"key":"Symbiotic Virus"},{"floor":12,"key":"Potion Belt"},{"floor":14,"key":"Bag of Preparation"},{"floor":22,"key":"Smiling Mask"},{"floor":26,"key":"Bronze Scales"}],"event_choices":[{"damage_healed":0,"gold_gain":0,"player_choice":"Success","damage_taken":11,"relics_obtained":["Mummified Hand"],"max_hp_gain":0,"max_hp_loss":0,"event_name":"Scrap Ooze","floor":7,"gold_loss":0},{"damage_healed":0,"gold_gain":0,"player_choice":"Bought 0 Potions","damage_taken":0,"max_hp_gain":0,"max_hp_loss":0,"event_name":"The Woman in Blue","floor":19,"gold_loss":0},{"damage_healed":0,"gold_gain":0,"player_choice":"Gave Potion","damage_taken":0,"relics_obtained":["DataDisk"],"max_hp_gain":0,"max_hp_loss":0,"event_name":"WeMeetAgain","floor":24,"gold_loss":0},{"damage_healed":0,"gold_gain":0,"player_choice":"Smashed Altar","damage_taken":0,"max_hp_gain":0,"max_hp_loss":0,"event_name":"Forgotten Altar","floor":28,"gold_loss":0,"cards_obtained":["Decay"]}],"is_beta":true,"boss_relics":[{"not_picked":["Fusion Hammer","Cursed Key"],"picked":"Sozu"}],"items_purged_floors":[29],"is_endless":false,"potions_floor_spawned":[4,5,11,14,16,21,27],"killed_by":"Champ","ascension_level":20}