{"gold_per_floor":[114,129,147,147,164,164,177,177,177,210,160,225,245,245,245,343,343,357,372,386,397,409,409],"floor_reached":23,"playtime":1105,"items_purged":[],"score":236,"play_id":"c3bf4de8-2a80-4d37-9b93-23cf00862fda","local_time":"20190207211230","is_ascension_mode":true,"campfire_choices":[{"data":"Infernal Blade","floor":6,"key":"SMITH"},{"data":"Whirlwind","floor":8,"key":"SMITH"},{"floor":15,"key":"REST"}],"neow_cost":"CURSE","seed_source_timestamp":20571300684673,"circlet_count":0,"master_deck":["Strike_R","Strike_R+1","Strike_R+1","Defend_R","Defend_R","Defend_R","Defend_R","Bash","Double Tap","Shrug It Off","Spot Weakness+1","Infernal Blade+1","Whirlwind+1","Limit Break","Shrug It Off","Headbutt","Feed","Uppercut","Rampage+1","Offering"],"relics":["Burning Blood","Paper Frog","Anchor","Question Card","Empty Cage"],"potions_floor_usage":[12,16,18,21,23,23],"damage_taken":[{"damage":0,"enemies":"Small Slimes","floor":1,"turns":4},{"damage":9,"enemies":"2 Louse","floor":2,"turns":3},{"damage":12,"enemies":"Jaw Worm","floor":3,"turns":2},{"damage":16,"enemies":"3 Louse","floor":5,"turns":4},{"damage":11,"enemies":"Blue Slaver","floor":7,"turns":4},{"damage":17,"enemies":"Lagavulin","floor":10,"turns":6},{"damage":8,"enemies":"3 Sentries","floor":12,"turns":5},{"damage":0,"enemies":"Large Slime","floor":13,"turns":2},{"damage":31,"enemies":"Hexaghost","floor":16,"turns":7},{"damage":0,"enemies":"3 Byrds","floor":18,"turns":3},{"damage":16,"enemies":"Spheric Guardian","floor":19,"turns":4},{"damage":24,"enemies":"Chosen and Byrds","floor":20,"turns":6},{"damage":28,"enemies":"Cultist and Chosen","floor":21,"turns":7},{"damage":27,"enemies":"Centurion and Healer","floor":22,"turns":5},{"damage":21,"enemies":"Book of Stabbing","floor":23,"turns":4}],"seed_played":"1077295106380848394","potions_obtained":[{"floor":1,"key":"GamblersBrew"},{"floor":5,"key":"Ancient Potion"},{"floor":10,"key":"Block Potion"},{"floor":12,"key":"Poison Potion"},{"floor":20,"key":"SpeedPotion"},{"floor":21,"key":"SpeedPotion"}],"is_trial":false,"path_per_floor":["M","M","M","?","M","R","M","R","T","E","?","?","M","?","R","B",null,"M","M","M","M","M","E"],"character_chosen":"IRONCLAD","items_purchased":[],"campfire_rested":1,"item_purchase_floors":[],"current_hp_per_floor":[80,77,71,71,61,61,56,56,56,45,45,43,49,33,57,32,80,80,73,58,39,18,0],"gold":409,"neow_bonus":"THREE_RARE_CARDS","is_prod":false,"is_daily":false,"chose_seed":false,"campfire_upgraded":2,"win_rate":0,"timestamp":1549570350,"path_taken":["M","M","M","?","M","R","M","R","T","E","?","?","M","?","R","BOSS","M","M","M","M","M","E"],"build_version":"2019-01-23","purchased_purges":0,"victory":false,"max_hp_per_floor":[80,80,80,80,80,80,80,80,80,80,80,80,80,80,80,80,80,80,83,86,89,89,89],"card_choices":[{"not_picked":["Bludgeon","Impervious"],"picked":"Double Tap","floor":0},{"not_picked":["Havoc","Clothesline","Evolve"],"picked":"SKIP","floor":1},{"not_picked":["Flex","Pummel"],"picked":"Shrug It Off","floor":2},{"not_picked":["Wild Strike","Iron Wave"],"picked":"Spot Weakness","floor":3},{"not_picked":["Clothesline","Combust"],"picked":"Infernal Blade","floor":5},{"not_picked":["Armaments","Anger"],"picked":"Whirlwind","floor":7},{"not_picked":["Infernal Blade","Sword Boomerang"],"picked":"Limit Break","floor":10},{"not_picked":["Entrench","Havoc"],"picked":"Shrug It Off","floor":12},{"not_picked":["Sword Boomerang","Fiend Fire","Rage"],"picked":"Headbutt","floor":13},{"not_picked":["Fiend Fire","Juggernaut","Brutality"],"picked":"Feed","floor":16},{"not_picked":["Warcry","Cleave+1","Clothesline"],"picked":"Uppercut","floor":18},{"not_picked":["Havoc","Body Slam","Wild Strike"],"picked":"Rampage+1","floor":19},{"not_picked":["Clash+1","Carnage","Rampage","Twin Strike"],"picked":"SKIP","floor":20},{"not_picked":["Headbutt","Clash+1","Bloodletting"],"picked":"Offering","floor":21},{"not_picked":["Fire Breathing","Thunderclap+1","Warcry","Iron Wave"],"picked":"SKIP","floor":22}],"player_experience":238594,"relics_obtained":[{"floor":9,"key":"Paper Frog"},{"floor":10,"key":"Anchor"},{"floor":12,"key":"Question Card"}],"event_choices":[{"damage_healed":0,"gold_gain":0,"player_choice":"Grow","damage_taken":0,"max_hp_gain":0,"max_hp_loss":0,"event_name":"Living Wall","floor":4,"gold_loss":0,"cards_upgraded":["Spot Weakness"]},{"cards_removed":["Injury"],"damage_healed":0,"gold_gain":0,"player_choice":"Card Removal","damage_taken":0,"max_hp_gain":0,"max_hp_loss":0,"event_name":"The Cleric","floor":11,"gold_loss":50},{"damage_healed":0,"gold_gain":0,"player_choice":"Searched \u00271\u0027 times","damage_taken":0,"max_hp_gain":0,"max_hp_loss":0,"event_name":"Dead Adventurer","floor":12,"gold_loss":0},{"damage_healed":0,"gold_gain":0,"player_choice":"Entered Light","damage_taken":16,"max_hp_gain":0,"max_hp_loss":0,"event_name":"Shining Light","floor":14,"gold_loss":0,"cards_upgraded":["Strike_R","Strike_R"]}],"is_beta":false,"boss_relics":[{"not_picked":["Orrery","Runic Dome"],"picked":"Empty Cage"}],"items_purged_floors":[],"is_endless":false,"potions_floor_spawned":[1,5,10,12,20,21],"killed_by":"Book of Stabbing","ascension_level":4}