{"gold_per_floor":[114,133,308,327,337,363,377,397,397,415,415,105,122,141,141,141],"floor_reached":16,"playtime":656,"items_purged":["Doubt"],"score":108,"play_id":"35646f0c-bcd2-44f4-8689-c2bca964b52e","local_time":"20190202132550","is_ascension_mode":false,"campfire_choices":[{"floor":11,"key":"REST"},{"floor":15,"key":"REST"}],"neow_cost":"NONE","seed_source_timestamp":98178799468003,"circlet_count":0,"master_deck":["Strike_R","Strike_R","Strike_R","Strike_R","Strike_R","Defend_R","Defend_R","Defend_R","Defend_R","Bash","Combust","Power Through","Clothesline","Thunderclap","Cleave","Rupture","Headbutt","Shrug It Off","The Bomb","Twin Strike","Heavy Blade"],"relics":["Burning Blood","Ancient Tea Set","Regal Pillow","Ornamental Fan"],"potions_floor_usage":[],"damage_taken":[{"damage":2,"enemies":"Small Slimes","floor":1,"turns":4},{"damage":1,"enemies":"2 Louse","floor":2,"turns":2},{"damage":9,"enemies":"Jaw Worm","floor":4,"turns":4},{"damage":14,"enemies":"Looter","floor":5,"turns":4},{"damage":40,"enemies":"3 Sentries","floor":6,"turns":9},{"damage":2,"enemies":"Exordium Wildlife","floor":7,"turns":3},{"damage":21,"enemies":"2 Fungi Beasts","floor":8,"turns":4},{"damage":12,"enemies":"Looter","floor":10,"turns":3},{"damage":15,"enemies":"Blue Slaver","floor":13,"turns":3},{"damage":23,"enemies":"Exordium Wildlife","floor":14,"turns":4},{"damage":72,"enemies":"The Guardian","floor":16,"turns":6}],"seed_played":"-1832670027098082480","potions_obtained":[{"floor":4,"key":"FearPotion"},{"floor":7,"key":"Fire Potion"},{"floor":10,"key":"SpeedPotion"}],"is_trial":false,"path_per_floor":["M","M","?","M","M","E","M","M","T","M","R","$","M","M","R","B"],"character_chosen":"IRONCLAD","items_purchased":["The Bomb","Twin Strike"],"campfire_rested":2,"item_purchase_floors":[12,12],"current_hp_per_floor":[80,80,80,77,69,35,39,24,24,18,57,57,48,31,70,0],"gold":141,"neow_bonus":"RANDOM_COMMON_RELIC","is_prod":false,"is_daily":false,"chose_seed":false,"campfire_upgraded":0,"win_rate":0.0,"timestamp":1549135550,"path_taken":["M","M","?","M","M","E","M","M","T","M","R","$","M","M","R","BOSS"],"build_version":"2019-01-23","purchased_purges":1,"victory":false,"max_hp_per_floor":[80,80,80,80,80,80,80,80,80,80,80,80,80,80,80,80],"card_choices":[{"not_picked":["Perfected Strike","Headbutt"],"picked":"Combust","floor":1},{"not_picked":["Cleave","Clash"],"picked":"Power Through","floor":2},{"not_picked":["Flex","Carnage"],"picked":"Clothesline","floor":4},{"not_picked":["Cleave","Reckless Charge"],"picked":"Thunderclap","floor":5},{"not_picked":["Twin Strike","Headbutt"],"picked":"Cleave","floor":6},{"not_picked":["Dual Wield","Offering"],"picked":"Rupture","floor":7},{"not_picked":["Pommel Strike","Bloodletting"],"picked":"Headbutt","floor":8},{"not_picked":["Entrench","Anger"],"picked":"Shrug It Off","floor":10},{"not_picked":["Warcry","Combust"],"picked":"Heavy Blade","floor":13},{"not_picked":["Hemokinesis","Warcry","Combust"],"picked":"SKIP","floor":14}],"player_experience":69552,"relics_obtained":[{"floor":6,"key":"Regal Pillow"},{"floor":9,"key":"Ornamental Fan"}],"event_choices":[{"damage_healed":0,"gold_gain":175,"player_choice":"AGREE","damage_taken":0,"max_hp_gain":0,"max_hp_loss":0,"event_name":"Liars Game","floor":3,"gold_loss":0,"cards_obtained":["Doubt"]}],"is_beta":false,"boss_relics":[],"items_purged_floors":[12],"is_endless":false,"potions_floor_spawned":[4,7,10],"killed_by":"The Guardian","ascension_level":0}