{"path_per_floor":["M","T","M","M","M","E","M","M","T","M","M","E","R","$","R","B",null,"M","?","M","M","?"],"character_chosen":"DEFECT","items_purchased":["Thinking Ahead"],"gold_per_floor":[117,117,133,143,156,191,211,230,230,240,260,291,291,17,17,115,145,159,159,169,187,187,187],"floor_reached":23,"campfire_rested":0,"playtime":1400,"current_hp_per_floor":[74,74,64,63,58,35,35,37,37,39,55,68,68,68,68,60,85,83,83,85,80,80,0],"items_purged":["Defend_B"],"gold":187,"score":217,"play_id":"f021cf6f-e863-47ea-a545-13c273e55162","local_time":"20180501040516","is_prod":false,"is_daily":false,"chose_seed":false,"is_ascension_mode":true,"campfire_upgraded":2,"timestamp":1525143916,"path_taken":["M","?","?","M","M","E","M","M","T","?","M","E","R","$","R","BOSS","M","?","M","M","?","E"],"build_version":"2018-04-27v3","seed_source_timestamp":198016897012869,"purchased_purges":1,"victory":false,"master_deck":["Strike_B","Strike_B","Strike_B","Strike_B","Defend_B","Defend_B","Defend_B","Zap","Dualcast","Beam Cell+1","Reinforced Body","Go for the Eyes","Double Energy","Chill","Genetic Algorithm","Self Repair","Self Repair","FTL","Thinking Ahead+1","Seek","Writhe","Axe Kick","Skim"],"max_hp_per_floor":[75,75,75,75,75,75,75,75,75,75,75,75,75,75,75,75,85,85,85,85,85,85,85],"relics":["Cracked Core","Omamori","Blood Vial","Toolbox","Vajra","Calling Bell","Tiny Chest","Pear","Torii"],"card_choices":[{"not_picked":["Hologram","Force Field"],"picked":"Beam Cell","floor":1},{"not_picked":["Axe Kick","Static Discharge"],"picked":"Reinforced Body","floor":3},{"not_picked":["Steam Power","Hologram"],"picked":"Go for the Eyes","floor":4},{"not_picked":["Doom and Gloom","Stack"],"picked":"Double Energy","floor":5},{"not_picked":["Reinforced Body","Rainbow"],"picked":"Chill","floor":6},{"not_picked":["Aggregate","Axe Kick"],"picked":"Genetic Algorithm","floor":7},{"not_picked":["Rebound","Go for the Eyes"],"picked":"Self Repair","floor":8},{"not_picked":["Impulse","Streamline"],"picked":"Self Repair","floor":10},{"not_picked":["Chill","Stack"],"picked":"FTL","floor":11},{"not_picked":["Multi-Cast","Meteor Strike"],"picked":"Seek","floor":16},{"not_picked":["Streamline","Aggregate"],"picked":"Axe Kick","floor":20},{"not_picked":["Barrage","Beam Cell"],"picked":"Skim","floor":21}],"player_experience":101791,"potions_floor_usage":[6,12,16,20,23],"damage_taken":[{"damage":1,"enemies":"Cultist","floor":1,"turns":4},{"damage":10,"enemies":"Small Slimes","floor":3,"turns":4},{"damage":1,"enemies":"Jaw Worm","floor":4,"turns":4},{"damage":5,"enemies":"Looter","floor":5,"turns":4},{"damage":23,"enemies":"Gremlin Nob","floor":6,"turns":6},{"damage":2,"enemies":"Red Slaver","floor":7,"turns":3},{"damage":0,"enemies":"Blue Slaver","floor":8,"turns":3},{"damage":7,"enemies":"Exordium Wildlife","floor":10,"turns":8},{"damage":0,"enemies":"Gremlin Gang","floor":11,"turns":5},{"damage":3,"enemies":"3 Sentries","floor":12,"turns":10},{"damage":28,"enemies":"Slime Boss","floor":16,"turns":8},{"damage":16,"enemies":"Chosen","floor":18,"turns":6},{"damage":8,"enemies":"Shell Parasite","floor":20,"turns":5},{"damage":19,"enemies":"Snake Plant","floor":21,"turns":6},{"damage":87,"enemies":"Book of Stabbing","floor":23,"turns":8}],"event_choices":[{"event_name":"Drug Dealer","player_choice":"Ignored","floor":19,"damage_taken":0},{"event_name":"The Lab","player_choice":"Got Potions","floor":22,"damage_taken":0}],"boss_relics":[{"not_picked":["Runic Pyramid","Pandora\u0027s Box"],"picked":"Calling Bell"}],"potions_floor_spawned":[3,5,8,10,12,16],"seed_played":"-5061850945333187482","killed_by":"Book of Stabbing","ascension_level":1,"is_trial":false}