{"path_per_floor":["M","$","?","?","M","R","E","R","T","M","E","M","$","M","R","B",null,"M","M","?","$","M","R"],"character_chosen":"DEFECT","items_purchased":["Dramatic Entrance","Tiny Chest"],"gold_per_floor":[111,9,9,9,26,26,58,58,137,147,177,193,118,129,129,234,234,244,261,261,42,53,53,53],"floor_reached":24,"campfire_rested":1,"playtime":663,"current_hp_per_floor":[75,75,75,60,60,60,59,59,59,63,63,65,65,65,65,22,75,62,52,52,52,9,31,0],"items_purged":["Strike_B","Defend_B"],"gold":53,"score":243,"play_id":"b5d5629c-baa5-42b0-a6c3-571d713f4d06","local_time":"20180506214818","is_prod":false,"is_daily":false,"chose_seed":false,"is_ascension_mode":true,"campfire_upgraded":3,"timestamp":1525668498,"path_taken":["M","$","?","?","?","R","E","R","T","M","E","M","$","M","R","BOSS","M","M","?","$","?","R","E"],"build_version":"2018-05-03","seed_source_timestamp":1655145925625916,"purchased_purges":3,"victory":false,"master_deck":["Strike_B","Strike_B","Strike_B+1","Defend_B+1","Defend_B","Zap+1","Dualcast+1","Melter+1","Dramatic Entrance+1"],"max_hp_per_floor":[75,75,75,75,75,75,75,75,75,75,75,75,75,75,75,75,75,75,75,75,75,75,75,75],"relics":["Cracked Core","Pen Nib","Toolbox","Blood Vial","Inserter","Tiny Chest"],"card_choices":[{"not_picked":["Barrage","Skim"],"picked":"Melter","floor":1}],"player_experience":166935,"potions_floor_usage":[7,11,16],"damage_taken":[{"damage":0,"enemies":"2 Louse","floor":1,"turns":2},{"damage":0,"enemies":"Small Slimes","floor":5,"turns":2},{"damage":1,"enemies":"Lagavulin","floor":7,"turns":5},{"damage":0,"enemies":"Cultist","floor":10,"turns":3},{"damage":0,"enemies":"Gremlin Nob","floor":11,"turns":2},{"damage":0,"enemies":"Looter","floor":12,"turns":1},{"damage":2,"enemies":"2 Fungi Beasts","floor":14,"turns":2},{"damage":45,"enemies":"The Guardian","floor":16,"turns":11},{"damage":13,"enemies":"Chosen","floor":18,"turns":4},{"damage":12,"enemies":"2 Thieves","floor":19,"turns":3},{"damage":45,"enemies":"Slaver and Parasite","floor":22,"turns":4},{"damage":40,"enemies":"Slavers","floor":24,"turns":3}],"event_choices":[{"event_name":"Scrap Ooze","player_choice":"unsuccessful","floor":3,"damage_taken":0},{"event_name":"Shining Light","player_choice":"Entered Light","floor":4,"damage_taken":0},{"event_name":"Back to Basics","player_choice":"Elegance","floor":20,"damage_taken":0}],"boss_relics":[{"not_picked":["Philosopher\u0027s Stone","Orrery"],"picked":"Inserter"}],"potions_floor_spawned":[5,7,10,16],"seed_played":"9027730579497565886","killed_by":"Slavers","ascension_level":1,"is_trial":false}