{"path_per_floor":["M","?","?","?","$","M","T","E","T","M","E","$","E","M","R","B",null,"M","M","?","?","?","E","M","R","T","R","M","M","E","$","R","B",null,"M","?","$","M","?","R","M","M","T","$","M","M","?","?","R"],"character_chosen":"IRONCLAD","items_purchased":["Warcry","Flex","Clash","Question Card","Ornamental Fan","Inflame","Turnip","Jack Of All Trades","Inflame","Mummified Hand","Darkstone Periapt","Double Tap","Dual Wield","Panache"],"gold_per_floor":[144,144,144,144,16,61,61,151,451,496,586,7,97,142,142,442,442,487,532,532,532,532,622,667,667,667,667,712,757,847,422,422,722,722,767,767,51,96,96,96,141,186,236,59,104,149,149,149,149,149],"floor_reached":50,"campfire_rested":6,"playtime":1917,"item_purchase_floors":[],"current_hp_per_floor":[80,80,73,73,73,79,79,74,74,80,80,80,80,80,80,70,80,80,80,64,64,49,37,39,64,64,85,85,85,84,84,85,63,85,83,83,83,79,79,79,67,55,55,55,29,22,12,12,12,0],"items_purged":[],"gold":149,"score":900,"play_id":"04b2001a-1e1e-4504-9f06-b0d28f8568c9","local_time":"20180614204803","daily_mods":["Heirloom","Midas","Hoarder"],"is_prod":false,"is_daily":true,"chose_seed":false,"is_ascension_mode":false,"campfire_upgraded":0,"win_rate":0,"timestamp":1529005683,"campfire_choices":[{"floor":15.0,"key":"REST"},{"floor":25.0,"key":"REST"},{"floor":27.0,"key":"REST"},{"floor":32.0,"key":"REST"},{"floor":40.0,"key":"REST"},{"floor":49,"key":"REST"}],"path_taken":["M","?","?","?","$","M","?","E","T","M","E","$","E","M","R","BOSS","M","M","?","?","?","E","M","R","T","R","M","M","E","?","R","BOSS","M","?","$","M","?","R","M","?","T","$","M","?","?","?","R","BOSS"],"build_version":"2018-06-13v3","seed_source_timestamp":0,"purchased_purges":0,"victory":false,"master_deck":["Strike_R+1","Strike_R+1","Strike_R+1","Strike_R+1","Defend_R+1","Defend_R+1","Defend_R+1","Defend_R+1","Bash+1","Pummel+1","Pummel+1","Pummel+1","Warcry+1","Warcry+1","Warcry+1","Flex+1","Flex+1","Flex+1","Clash+1","Clash+1","Clash+1","Headbutt+1","Headbutt+1","Headbutt+1","Inflame+1","Inflame+1","Inflame+1","Ghostly Armor+1","Ghostly Armor+1","Ghostly Armor+1","Intimidate+1","Intimidate+1","Intimidate+1","Offering+1","Offering+1","Offering+1","Decay","Decay","Decay","Clash+1","Clash+1","Clash+1","Shockwave+1","Shockwave+1","Shockwave+1","Jack Of All Trades+1","Jack Of All Trades+1","Jack Of All Trades+1","Inflame+1","Inflame+1","Inflame+1","Offering+1","Offering+1","Offering+1","Double Tap","Double Tap","Dual Wield","Dual Wield","Dual Wield","Warcry+1","Warcry+1","Warcry+1","Pain","Pain","Pain","Panache","Panache","Panache","Clash+1","Clash+1","Clash+1","Havoc+1","Havoc+1","Havoc+1","Finesse","Finesse","Finesse","Purity","Purity","Purity","Magnetism","Magnetism","Magnetism","Writhe","Writhe","Writhe"],"max_hp_per_floor":[80,80,80,80,80,80,80,80,80,80,80,80,80,80,80,80,80,80,80,80,80,85,85,85,85,85,85,85,85,85,85,85,85,85,85,85,85,85,95,95,95,95,101,101,101,101,101,107,107,107],"special_seed":17695,"relics":["Burning Blood","Charon\u0027s Ashes","Gremlin Horn","Bottled Lightning","Old Coin","Toolbox","Question Card","Ornamental Fan","Potion Belt","Cursed Key","Nilry\u0027s Codex","Self Forming Clay","Whetstone","Pantograph","Turnip","Fusion Hammer","Mark of the Bloom","Mummified Hand","Darkstone Periapt","Bag of Marbles"],"card_choices":[{"not_picked":["Sword Boomerang","Cleave"],"picked":"Pummel","floor":1.0},{"not_picked":["Anger","Headbutt","Wild Strike"],"picked":"SKIP","floor":6.0},{"not_picked":["Fiend Fire","Ghostly Armor","Havoc"],"picked":"SKIP","floor":8.0},{"not_picked":["Iron Wave","Bloodletting"],"picked":"Headbutt","floor":10.0},{"not_picked":["Juggernaut","Second Wind","Whirlwind"],"picked":"SKIP","floor":11.0},{"not_picked":["Exhume","Anger","Armaments"],"picked":"Ghostly Armor","floor":13.0},{"not_picked":["Sword Boomerang","Clothesline","Headbutt"],"picked":"Intimidate","floor":14.0},{"not_picked":["Immolate","Bludgeon","Exhume"],"picked":"Offering","floor":16.0},{"not_picked":["Perfected Strike+1","Clothesline","Power Through","Carnage"],"picked":"SKIP","floor":18.0},{"not_picked":["Reckless Charge","Whirlwind","Heavy Blade+1","Thunderclap"],"picked":"SKIP","floor":19.0},{"not_picked":["Searing Blow","Cleave","Bloodletting+1","Barricade"],"picked":"SKIP","floor":23.0},{"not_picked":["Whirlwind+1","Wild Strike","Dropkick","Body Slam+1"],"picked":"SKIP","floor":24.0},{"not_picked":["Cleave","Shrug It Off","Armaments","Iron Wave"],"picked":"SKIP","floor":28.0},{"not_picked":["Inflame","Reckless Charge+1","Clothesline"],"picked":"Clash","floor":29.0},{"not_picked":["Armaments","Exhume","Power Through"],"picked":"Shockwave","floor":30.0},{"not_picked":["Juggernaut","Double Tap","Reaper"],"picked":"Offering","floor":33.0},{"not_picked":["Shrug It Off","Evolve","Perfected Strike+1","Twin Strike+1"],"picked":"SKIP","floor":35.0},{"not_picked":["Uppercut","Perfected Strike+1","Clash+1"],"picked":"Warcry+1","floor":38.0},{"not_picked":["Clash+1","Anger+1","Hemokinesis","Sentinel+1"],"picked":"SKIP","floor":41.0},{"not_picked":["Combust","Sever Soul","Heavy Blade+1","Iron Wave"],"picked":"SKIP","floor":42.0},{"not_picked":["Limit Break","Seeing Red","Rampage"],"picked":"Clash+1","floor":45},{"not_picked":["Thunderclap+1","Feel No Pain","Sword Boomerang"],"picked":"Havoc+1","floor":46},{"not_picked":["Panacea","Bandage Up","Enlightenment"],"picked":"Finesse","floor":47},{"not_picked":["Madness","Jack Of All Trades","Finesse"],"picked":"Purity","floor":47},{"not_picked":["Secret Technique","Finesse","Panacea"],"picked":"Magnetism","floor":47}],"player_experience":256913,"potions_floor_usage":[50,50,50],"damage_taken":[{"damage":5.0,"enemies":"Jaw Worm","floor":1.0,"turns":4.0},{"damage":0.0,"enemies":"Cultist","floor":6.0,"turns":2.0},{"damage":11.0,"enemies":"3 Sentries","floor":8.0,"turns":3.0},{"damage":0.0,"enemies":"Small Slimes","floor":10.0,"turns":2.0},{"damage":0.0,"enemies":"Lagavulin","floor":11.0,"turns":2.0},{"damage":0.0,"enemies":"3 Sentries","floor":13.0,"turns":2.0},{"damage":0.0,"enemies":"3 Louse","floor":14.0,"turns":2.0},{"damage":16.0,"enemies":"Slime Boss","floor":16.0,"turns":5.0},{"damage":6.0,"enemies":"2 Thieves","floor":18.0,"turns":3.0},{"damage":4.0,"enemies":"Spheric Guardian","floor":19.0,"turns":1.0},{"damage":18.0,"enemies":"Gremlin Leader","floor":23.0,"turns":4.0},{"damage":4.0,"enemies":"3 Cultists","floor":24.0,"turns":2.0},{"damage":6.0,"enemies":"Chosen and Byrds","floor":28.0,"turns":2.0},{"damage":4.0,"enemies":"Cultist and Chosen","floor":29.0,"turns":1.0},{"damage":7.0,"enemies":"Book of Stabbing","floor":30.0,"turns":4.0},{"damage":28.0,"enemies":"Automaton","floor":33.0,"turns":6.0},{"damage":12.0,"enemies":"3 Shapes","floor":35.0,"turns":1.0},{"damage":4.0,"enemies":"3 Darklings","floor":38.0,"turns":2.0},{"damage":12.0,"enemies":"Spire Growth","floor":41.0,"turns":1.0},{"damage":12.0,"enemies":"Transient","floor":42.0,"turns":5.0},{"damage":26,"enemies":"Maw","floor":45,"turns":3},{"damage":7,"enemies":"3 Darklings","floor":46,"turns":3},{"damage":13,"enemies":"Time Eater","floor":50,"turns":2}],"relics_obtained":[{"floor":7.0,"key":"Gremlin Horn"},{"floor":8.0,"key":"Bottled Lightning"},{"floor":9.0,"key":"Old Coin"},{"floor":11.0,"key":"Toolbox"},{"floor":13.0,"key":"Potion Belt"},{"floor":20.0,"key":"Nilry\u0027s Codex"},{"floor":23.0,"key":"Self Forming Clay"},{"floor":26.0,"key":"Whetstone"},{"floor":30.0,"key":"Pantograph"},{"floor":43.0,"key":"Bag of Marbles"}],"event_choices":[{"event_name":"The Lab","player_choice":"Got Potions","floor":2.0,"damage_taken":0.0},{"event_name":"Golden Wing","player_choice":"Card Removal","floor":3.0,"damage_taken":0.0},{"event_name":"The Woman in Blue","player_choice":"Bought 0 Potions","floor":4.0,"damage_taken":0.0},{"event_name":"Cursed Tome","player_choice":"Obtained Book","floor":20.0,"damage_taken":0.0},{"event_name":"Back to Basics","player_choice":"Simplicity","floor":21.0,"damage_taken":0.0},{"event_name":"Forgotten Altar","player_choice":"Shed Blood","floor":22.0,"damage_taken":0.0},{"event_name":"MindBloom","player_choice":"Upgrade","floor":36.0,"damage_taken":0.0},{"event_name":"Bonfire Elementals","player_choice":"RARE","floor":39.0,"damage_taken":0.0},{"event_name":"SensoryStone","player_choice":"Memory 3","floor":47,"damage_taken":0},{"event_name":"Winding Halls","player_choice":"Writhe","floor":48,"damage_taken":0}],"boss_relics":[{"not_picked":["Velvet Choker","Coffee Dripper"],"picked":"Cursed Key"},{"not_picked":["Mark of Pain","Busted Crown"],"picked":"Fusion Hammer"}],"items_purged_floors":[],"potions_floor_spawned":[1,6,10,11,14,23,24,29,30,33,41,42,45,46],"seed_played":"-5779064230905744809","killed_by":"Time Eater","ascension_level":0,"potions_obtained":[{"floor":1.0,"key":"LiquidBronze"},{"floor":2.0,"key":"SneckoOil"},{"floor":2.0,"key":"Fire Potion"},{"floor":2.0,"key":"Strength Potion"},{"floor":6.0,"key":"EssenceOfSteel"},{"floor":11.0,"key":"AttackPotion"},{"floor":14.0,"key":"Energy Potion"},{"floor":23.0,"key":"Swift Potion"},{"floor":24.0,"key":"Explosive Potion"},{"floor":29.0,"key":"Block Potion"},{"floor":30.0,"key":"Ancient Potion"},{"floor":33.0,"key":"Energy Potion"},{"floor":41.0,"key":"PowerPotion"}],"is_trial":false}