{"path_per_floor":["M","T","?","?","?","E","R","M","T","M","M","M","E","M","R","B",null,"M","?","M","$","M","R","M","E","T","?","?","$","M","T","R","B",null,"M","$","?","M","?","R","?","R","T","E","M","?","E","?","R","B"],"character_chosen":"DEFECT","items_purchased":["Gremlin Horn","Gash","Regen Potion","Jack Of All Trades","Go for the Eyes"],"gold_per_floor":[114,114,114,114,189,219,219,234,284,299,314,329,359,374,374,474,474,489,489,504,208,223,223,238,268,293,293,216,34,49,49,49,149,149,164,119,119,134,0,0,0,300,300,330,345,345,375,375,375,375],"floor_reached":51,"campfire_rested":2,"playtime":1913,"item_purchase_floors":[21,21,29,29,36],"current_hp_per_floor":[75,75,68,68,57,52,52,42,42,37,37,37,40,35,59,25,82,82,82,76,76,76,76,52,52,52,12,12,12,12,12,36,33,82,82,82,72,69,69,69,69,69,69,69,56,46,47,92,92,92],"items_purged":[],"gold":375,"score":1358,"play_id":"b2526ddf-8e8f-4e3d-a7f9-5549f4063f68","local_time":"20180611213654","daily_mods":["Allstar","Lethality","Hoarder"],"is_prod":false,"is_daily":true,"chose_seed":false,"is_ascension_mode":false,"campfire_upgraded":3,"win_rate":0,"timestamp":1528749414,"campfire_choices":[{"data":"Jack Of All Trades","floor":7,"key":"SMITH"},{"floor":15,"key":"REST"},{"data":"White Noise","floor":23,"key":"SMITH"},{"floor":32,"key":"REST"},{"data":"Magnetism","floor":40,"key":"SMITH"},{"floor":42,"key":"DIG"},{"floor":49,"key":"DIG"}],"path_taken":["M","?","?","?","?","E","R","M","T","M","M","M","E","M","R","BOSS","M","?","M","$","M","R","M","E","T","?","?","?","M","?","R","BOSS","M","$","?","M","?","R","?","R","T","E","M","?","E","?","R","BOSS"],"build_version":"2018-06-08","seed_source_timestamp":0,"purchased_purges":0,"victory":true,"master_deck":["Strike_B","Strike_B","Strike_B","Defend_B","Defend_B","Defend_B","Defend_B","Zap","Dualcast","Thinking Ahead","Thinking Ahead","Thinking Ahead","Panache","Panache","Panache","Jack Of All Trades+1","Jack Of All Trades","Jack Of All Trades","Enlightenment","Enlightenment","Enlightenment","Rebound","Rebound","Rebound","Redo","Redo","Redo","Gash","Gash","Gash","Turbo","Turbo","Turbo","White Noise","White Noise","White Noise+1","Stack","Stack","Stack","All For One","All For One","All For One","Beam Cell","Beam Cell","Beam Cell","Gash","Gash","Gash","Electrodynamics","Electrodynamics","Gash+1","Gash+1","Gash+1","Dramatic Entrance","Dramatic Entrance","Dramatic Entrance","Good Instincts","Good Instincts","Good Instincts","Deep Breath","Deep Breath","Deep Breath","Finesse","Finesse","Finesse","J.A.X.","J.A.X.","J.A.X.","Jack Of All Trades","Jack Of All Trades","Jack Of All Trades","Reprogram","Reprogram","Reprogram","Bandage Up+1","Bandage Up+1","Bandage Up+1","Jack Of All Trades+1","Jack Of All Trades+1","Jack Of All Trades+1","Apotheosis+1","Apotheosis+1","Apotheosis+1","Beam Cell","Beam Cell","Beam Cell","Go for the Eyes","Go for the Eyes","Go for the Eyes","Panache","Panache","Panache","Sadistic Nature","Sadistic Nature","Sadistic Nature","Magnetism+1","Magnetism","Magnetism","Reboot","Reboot","Reboot","Gash+1","Gash+1","Gash+1","Madness","Madness","Madness","Madness","Madness","Madness"],"max_hp_per_floor":[75,75,75,82,82,82,82,82,82,82,82,82,82,82,82,82,82,82,82,82,82,82,82,82,82,82,82,82,82,82,82,82,82,82,82,82,82,82,82,82,82,82,82,82,82,82,82,92,92,92],"relics":["Juzu Bracelet","Strawberry","Unceasing Top","Bag of Preparation","Shuriken","Nuclear Battery","Nloth\u0027s Gift","Gremlin Horn","Boot","Vajra","Dodecahedron","Astrolabe","Red Mask","Shovel","Old Coin","Smiling Mask","Bird Faced Urn","Kunai","Centennial Puzzle"],"card_choices":[{"not_picked":["Go for the Eyes","Steam"],"picked":"Rebound","floor":1},{"not_picked":["Turbo","Chaos"],"picked":"Redo","floor":6},{"not_picked":["Turbo","Tempest"],"picked":"Gash","floor":8},{"not_picked":["Go for the Eyes","Blizzard","Compile Driver"],"picked":"SKIP","floor":10},{"not_picked":["Rebound","Sweeping Beam"],"picked":"Turbo","floor":11},{"not_picked":["Reinforced Body","Rebound"],"picked":"White Noise","floor":12},{"not_picked":["Force Field","Conserve Battery","Thunder Strike"],"picked":"SKIP","floor":13},{"not_picked":["Sweeping Beam","Rebound"],"picked":"Stack","floor":14},{"not_picked":["Hyperbeam","Amplify"],"picked":"All For One","floor":16},{"not_picked":["Scrape+1","Leap"],"picked":"Beam Cell","floor":18},{"not_picked":["Doom and Gloom+1","Scrape+1","White Noise"],"picked":"SKIP","floor":20},{"not_picked":["Rebound","Sweeping Beam"],"picked":"Electrodynamics","floor":22},{"not_picked":["Sweeping Beam+1","Coolheaded"],"picked":"Gash+1","floor":24},{"not_picked":["Cold Snap","Core Surge","Coolheaded"],"picked":"SKIP","floor":25},{"not_picked":["Coolheaded","Static Discharge+1"],"picked":"Reprogram","floor":30},{"not_picked":["Meteor Strike","Auto Shields+1"],"picked":"Beam Cell","floor":35},{"not_picked":["Flash of Steel","Finesse"],"picked":"Panache","floor":37},{"not_picked":["Secret Technique","Madness"],"picked":"Sadistic Nature","floor":37},{"not_picked":["Dramatic Entrance","Flash of Steel"],"picked":"Magnetism","floor":37},{"not_picked":["Darkness+1","Leap+1","Sunder"],"picked":"SKIP","floor":38},{"not_picked":["Redo+1","Rebound"],"picked":"Reboot","floor":44},{"not_picked":["Go for the Eyes","Rebound+1"],"picked":"Gash+1","floor":45},{"not_picked":["Self Repair+1","Sweeping Beam","Stack"],"picked":"SKIP","floor":47}],"player_experience":250478,"potions_floor_usage":[13,16,18],"damage_taken":[{"damage":0,"enemies":"Cultist","floor":1,"turns":2},{"damage":9,"enemies":"Gremlin Nob","floor":6,"turns":3},{"damage":10,"enemies":"Small Slimes","floor":8,"turns":2},{"damage":9,"enemies":"Jaw Worm","floor":10,"turns":2},{"damage":0,"enemies":"Large Slime","floor":11,"turns":2},{"damage":0,"enemies":"3 Louse","floor":12,"turns":1},{"damage":12,"enemies":"3 Sentries","floor":13,"turns":4},{"damage":5,"enemies":"Blue Slaver","floor":14,"turns":2},{"damage":34,"enemies":"The Guardian","floor":16,"turns":4},{"damage":0,"enemies":"3 Byrds","floor":18,"turns":2},{"damage":6,"enemies":"Spheric Guardian","floor":20,"turns":3},{"damage":0,"enemies":"Chosen and Byrds","floor":22,"turns":2},{"damage":24,"enemies":"Snecko","floor":24,"turns":4},{"damage":0,"enemies":"Slavers","floor":25,"turns":1},{"damage":0,"enemies":"3 Cultists","floor":30,"turns":1},{"damage":3,"enemies":"Automaton","floor":33,"turns":3},{"damage":0,"enemies":"Flame Bruiser 1 Orb","floor":35,"turns":2},{"damage":3,"enemies":"Orb Walker","floor":38,"turns":1},{"damage":0,"floor":41,"turns":1},{"damage":6,"enemies":"Nemesis","floor":44,"turns":1},{"damage":13,"enemies":"Sphere and 2 Shapes","floor":45,"turns":1},{"damage":3,"enemies":"2 Orb Walkers","floor":47,"turns":1},{"damage":3,"enemies":"Donu and Deca","floor":50,"turns":1}],"relics_obtained":[{"floor":2,"key":"Juzu Bracelet"},{"floor":6,"key":"Unceasing Top"},{"floor":9,"key":"Bag of Preparation"},{"floor":13,"key":"Shuriken"},{"floor":25,"key":"Boot"},{"floor":26,"key":"Vajra"},{"floor":31,"key":"Dodecahedron"},{"floor":41,"key":"Shovel"},{"floor":42,"key":"Old Coin"},{"floor":43,"key":"Smiling Mask"},{"floor":44,"key":"Bird Faced Urn"},{"floor":47,"key":"Kunai"},{"floor":49,"key":"Centennial Puzzle"}],"event_choices":[{"event_name":"Golden Wing","player_choice":"Card Removal","floor":3,"damage_taken":0},{"event_name":"Scrap Ooze","player_choice":"success","floor":4,"damage_taken":7},{"event_name":"World of Goop","player_choice":"Gather Gold","floor":5,"damage_taken":0},{"event_name":"N\u0027loth","player_choice":"Traded a Cracked Core","floor":19,"damage_taken":0},{"event_name":"Knowing Skull","player_choice":"CARD CARD CARD CARD ","floor":27,"damage_taken":0},{"event_name":"Drug Dealer","player_choice":"Got JAXXED","floor":28,"damage_taken":0},{"event_name":"SensoryStone","player_choice":"Memory 3","floor":37,"damage_taken":0},{"event_name":"Tomb of Lord Red Mask","player_choice":"Paid","floor":39,"damage_taken":0},{"event_name":"MindBloom","player_choice":"Fight","floor":41,"damage_taken":0},{"event_name":"Winding Halls","player_choice":"Embrace Madness","floor":46,"damage_taken":0},{"event_name":"Bonfire Elementals","player_choice":"RARE","floor":48,"damage_taken":0}],"boss_relics":[{"not_picked":["Sozu","Inserter"],"picked":"Nuclear Battery"},{"not_picked":["Snecko Eye","Philosopher\u0027s Stone"],"picked":"Astrolabe"}],"items_purged_floors":[],"potions_floor_spawned":[10,12,16,18,22,24,35,44,47],"seed_played":"-3332908943780289604","ascension_level":0,"potions_obtained":[{"floor":10,"key":"Weak Potion"},{"floor":12,"key":"Explosive Potion"},{"floor":16,"key":"SpeedPotion"},{"floor":18,"key":"Fire Potion"},{"floor":22,"key":"LiquidBronze"},{"floor":24,"key":"Fire Potion"},{"floor":35,"key":"Regen Potion"}],"is_trial":false}