{"path_per_floor":["M","?","M","?","M","R","E","M","T","T","?","E","R","$","R","B",null,"M","M","?","?","$","R","M","R","T","?"],"character_chosen":"DEFECT","items_purchased":["White Noise","Hologram","Static Discharge","Axe Kick"],"gold_per_floor":[109,109,121,121,138,138,170,189,189,189,139,164,164,13,13,117,147,160,148,148,148,6,6,22,22,48,48,48],"floor_reached":28,"campfire_rested":2,"playtime":1232,"item_purchase_floors":[14,14,22,22],"current_hp_per_floor":[71,71,62,55,54,54,38,33,33,33,33,14,36,36,36,36,80,47,28,13,13,13,38,33,33,33,17,0],"items_purged":["Strike_B","Defend_B"],"gold":48,"score":301,"play_id":"2da5e28f-557b-4ba0-be39-0de4b1a5ab00","local_time":"20180522184524","is_prod":false,"is_daily":false,"chose_seed":false,"is_ascension_mode":true,"campfire_upgraded":3,"timestamp":1527011124,"campfire_choices":[{"data":"Static Discharge","floor":6,"key":"SMITH"},{"floor":13,"key":"REST"},{"data":"Hologram","floor":15,"key":"SMITH"},{"floor":23,"key":"REST"},{"data":"Stack","floor":25,"key":"SMITH"}],"path_taken":["M","?","M","?","M","R","E","M","T","?","?","E","R","$","R","BOSS","M","M","?","?","$","R","M","R","T","?","E"],"build_version":"2018-05-21v2","seed_source_timestamp":806330921365413,"purchased_purges":2,"victory":false,"master_deck":["Strike_B","Strike_B","Defend_B","Defend_B","Defend_B+1","Zap+1","Dualcast","Static Discharge+1","Heatsinks","Capacitor","White Noise","Go for the Eyes","Cold Snap","White Noise","Hologram+1","Seek","Defragment","Glacier","Coolheaded+1","Barrage","Static Discharge","Axe Kick","Stack+1"],"max_hp_per_floor":[75,75,75,75,75,75,75,75,75,75,75,75,75,75,75,75,80,80,80,85,85,85,85,85,85,85,85,85],"relics":["Cracked Core","Omamori","Potion Belt","Juzu Bracelet","Smiling Mask","Tiny House","Singing Bowl","Necronomicon"],"card_choices":[{"not_picked":["Coolheaded","Steam"],"picked":"Static Discharge","floor":1},{"not_picked":["Ball Lightning","Lockon"],"picked":"Heatsinks","floor":3},{"not_picked":["Axe Kick","Sweeping Beam"],"picked":"Capacitor","floor":5},{"not_picked":["Auto Shields","Steam"],"picked":"White Noise","floor":7},{"not_picked":["Leap","Lockon"],"picked":"Go for the Eyes","floor":8},{"not_picked":["Auto Shields","Gash"],"picked":"Cold Snap","floor":12},{"not_picked":["Meteor Strike","Multi-Cast"],"picked":"Seek","floor":16},{"not_picked":["Beam Cell","Redo"],"picked":"Defragment","floor":17},{"not_picked":["Leap+1","Chaos+1"],"picked":"Glacier","floor":18},{"not_picked":["Sunder","Turbo"],"picked":"Coolheaded+1","floor":19},{"not_picked":["Coolheaded","Sweeping Beam"],"picked":"Stack","floor":24}],"player_experience":179690,"potions_floor_usage":[12,19],"damage_taken":[{"damage":4,"enemies":"2 Louse","floor":1,"turns":2},{"damage":9,"enemies":"Jaw Worm","floor":3,"turns":3},{"damage":1,"enemies":"Cultist","floor":5,"turns":3},{"damage":16,"enemies":"Lagavulin","floor":7,"turns":7},{"damage":5,"enemies":"2 Fungi Beasts","floor":8,"turns":4},{"damage":19,"enemies":"Gremlin Nob","floor":12,"turns":4},{"damage":0,"enemies":"Slime Boss","floor":16,"turns":9},{"damage":33,"enemies":"Chosen","floor":18,"turns":5},{"damage":19,"enemies":"2 Thieves","floor":19,"turns":5},{"damage":5,"enemies":"Snecko","floor":24,"turns":6},{"damage":19,"enemies":"Gremlin Leader","floor":28,"turns":8}],"relics_obtained":[{"floor":7,"key":"Omamori"},{"floor":9,"key":"Potion Belt"},{"floor":10,"key":"Juzu Bracelet"},{"floor":12,"key":"Smiling Mask"},{"floor":26,"key":"Singing Bowl"},{"floor":27,"key":"Necronomicon"}],"event_choices":[{"event_name":"Liars Game","player_choice":"disagreed","floor":2,"damage_taken":0},{"event_name":"Golden Wing","player_choice":"Card Removal","floor":4,"damage_taken":0},{"event_name":"World of Goop","player_choice":"Left","floor":11,"damage_taken":0},{"event_name":"Forgotten Altar","player_choice":"Shed Blood","floor":20,"damage_taken":0},{"event_name":"The Library","player_choice":"Read","floor":21,"damage_taken":0},{"event_name":"Cursed Tome","player_choice":"Obtained Book","floor":27,"damage_taken":0}],"boss_relics":[{"not_picked":["Runic Pyramid","Black Star"],"picked":"Tiny House"}],"items_purged_floors":[14,22],"potions_floor_spawned":[7,12,24],"seed_played":"8068184351343505172","killed_by":"Gremlin Leader","ascension_level":2,"potions_obtained":[{"floor":7,"key":"Fire Potion"},{"floor":12,"key":"Dexterity Potion"},{"floor":17,"key":"SpeedPotion"},{"floor":24,"key":"SteroidPotion"}],"is_trial":false}