{"gold_per_floor":[111,122,136,236,254,254,267,293,345,358,358,391,391,421,421,517,517,537,547,306,306,506,540,554,554,577,590,590,190,190,190,190,295,295,311,329,28,46,46,46,94,104,131,148,148,148,148,148,148,148],"floor_reached":50,"playtime":7461,"items_purged":["Strike_B","Doubt"],"score":585,"play_id":"2fc9e501-e837-411a-987c-297f4a154aed","local_time":"20190211215842","is_ascension_mode":false,"campfire_choices":[{"data":"Sweeping Beam","floor":6,"key":"SMITH"},{"floor":11,"key":"REST"},{"floor":15,"key":"RECALL"},{"data":"Hyperbeam","floor":25,"key":"SMITH"},{"data":"Conserve Battery","floor":28,"key":"SMITH"},{"floor":32,"key":"REST"},{"floor":40,"key":"REST"},{"floor":46,"key":"REST"},{"floor":49,"key":"REST"}],"neow_cost":"NONE","seed_source_timestamp":111059576336796,"circlet_count":0,"master_deck":["Strike_B","Strike_B","Strike_B","Defend_B","Defend_B","Defend_B","Defend_B","Zap","Dualcast","Deep Breath","Gash","Conserve Battery+1","Sweeping Beam+1","Gash","Stack","Skim","Genetic Algorithm","Barrage","Coolheaded","Hyperbeam+1","Compile Driver+1","Consume+1","Mayhem","Writhe","White Noise+1","Flash of Steel","Transmutation","Conserve Battery","Decay","Meteor Strike","Leap","Panache","Dramatic Entrance"],"relics":["Cracked Core","FossilizedHelix","Happy Flower","Cables","Anchor","Cursed Key","Sundial","PreservedInsect","Lantern","Nuclear Battery","Bag of Marbles","Omamori","Toxic Egg 2","Oddly Smooth Stone","Bottled Flame"],"potions_floor_usage":[12,14,19,23,27,50,50],"damage_taken":[{"damage":1,"enemies":"Cultist","floor":1,"turns":3},{"damage":0,"enemies":"2 Louse","floor":2,"turns":2},{"damage":11,"enemies":"Jaw Worm","floor":3,"turns":3},{"damage":8,"enemies":"Red Slaver","floor":5,"turns":4},{"damage":5,"enemies":"Lots of Slimes","floor":7,"turns":2},{"damage":14,"enemies":"3 Sentries","floor":8,"turns":5},{"damage":0,"enemies":"Large Slime","floor":10,"turns":4},{"damage":1,"enemies":"Lagavulin","floor":12,"turns":7},{"damage":4,"enemies":"Gremlin Nob","floor":14,"turns":4},{"damage":0,"enemies":"Slime Boss","floor":16,"turns":10},{"damage":0,"enemies":"Spheric Guardian","floor":18,"turns":4},{"damage":0,"enemies":"Chosen","floor":19,"turns":2},{"damage":20,"enemies":"Book of Stabbing","floor":23,"turns":7},{"damage":7,"enemies":"Centurion and Healer","floor":24,"turns":4},{"damage":0,"enemies":"Snecko","floor":27,"turns":4},{"damage":30,"enemies":"Champ","floor":33,"turns":12},{"damage":2,"enemies":"3 Shapes","floor":35,"turns":5},{"damage":0,"enemies":"Orb Walker","floor":36,"turns":3},{"damage":19,"enemies":"Transient","floor":38,"turns":5},{"damage":6,"enemies":"Nemesis","floor":41,"turns":5},{"damage":5,"enemies":"Spire Growth","floor":42,"turns":5},{"damage":0,"enemies":"Maw","floor":44,"turns":5},{"damage":79,"enemies":"Donu and Deca","floor":50,"turns":8}],"seed_played":"2516622889812244469","potions_obtained":[{"floor":3,"key":"Energy Potion"},{"floor":5,"key":"EssenceOfSteel"},{"floor":8,"key":"Weak Potion"},{"floor":13,"key":"Energy Potion"},{"floor":16,"key":"Explosive Potion"},{"floor":23,"key":"SpeedPotion"},{"floor":24,"key":"PowerPotion"},{"floor":35,"key":"Block Potion"},{"floor":38,"key":"Strength Potion"}],"is_trial":false,"path_per_floor":["M","M","M","?","M","R","M","E","T","M","R","E","?","E","R","B",null,"M","M","$","T","?","E","M","R","T","M","R","$","T","?","R","B",null,"M","M","$","M","$","R","E","M","T","M","?","R","T","?","R","B"],"character_chosen":"DEFECT","items_purchased":["Mayhem","Flash of Steel","Transmutation","Conserve Battery","Bag of Marbles","Omamori"],"campfire_rested":5,"item_purchase_floors":[20,29,29,29,37,37],"current_hp_per_floor":[74,74,63,63,55,55,50,36,36,36,58,57,57,53,53,53,75,75,75,75,75,75,55,48,48,48,48,48,48,48,48,70,40,75,73,73,73,54,54,75,69,64,64,64,64,75,75,65,75,0],"gold":148,"neow_bonus":"RANDOM_COLORLESS","is_prod":false,"is_daily":false,"chose_seed":false,"campfire_upgraded":3,"win_rate":0,"timestamp":1549918722,"path_taken":["M","M","M","?","?","R","M","E","T","M","R","E","?","E","R","BOSS","M","?","$","?","?","E","M","R","T","?","R","$","?","?","R","BOSS","M","M","$","M","$","R","E","M","T","M","?","R","?","?","R","BOSS"],"build_version":"2019-01-23","purchased_purges":2,"victory":false,"max_hp_per_floor":[75,75,75,75,75,75,75,75,75,75,75,75,75,75,75,75,75,75,75,75,75,75,75,75,75,75,75,75,75,75,75,75,75,75,75,75,75,75,75,75,75,75,75,75,75,75,75,75,75,75],"card_choices":[{"not_picked":["Conserve Battery","Barrage"],"picked":"Gash","floor":1},{"not_picked":["Steam Power","Blizzard"],"picked":"Conserve Battery","floor":2},{"not_picked":["Reprogram","Rebound"],"picked":"Sweeping Beam","floor":3},{"not_picked":["Recycle","Seek"],"picked":"Gash","floor":5},{"not_picked":["Aggregate","Compile Driver"],"picked":"Stack","floor":7},{"not_picked":["Leap","Seek"],"picked":"Skim","floor":8},{"not_picked":["Beam Cell","Cold Snap"],"picked":"Genetic Algorithm","floor":10},{"not_picked":["Hologram","Double Energy"],"picked":"Barrage","floor":12},{"not_picked":["Doom and Gloom","Rebound"],"picked":"Coolheaded","floor":14},{"not_picked":["Rainbow","Amplify"],"picked":"Hyperbeam","floor":16},{"not_picked":["Chill","Steam"],"picked":"Compile Driver+1","floor":18},{"not_picked":["Barrage+1","Sweeping Beam"],"picked":"Consume+1","floor":19},{"not_picked":["Genetic Algorithm","Thunder Strike","Heatsinks"],"picked":"SKIP","floor":23},{"not_picked":["Redo","Beam Cell+1"],"picked":"White Noise+1","floor":24},{"not_picked":["Cold Snap","Stack+1","Darkness"],"picked":"SKIP","floor":27},{"not_picked":["Biased Cognition","Machine Learning"],"picked":"Meteor Strike","floor":33},{"not_picked":["Beam Cell+1","Sweeping Beam+1"],"picked":"Leap","floor":35},{"not_picked":["Storm","Steam Power","Stack"],"picked":"SKIP","floor":36},{"not_picked":["Sweeping Beam+1","Rebound+1","Steam"],"picked":"SKIP","floor":38},{"not_picked":["Doom and Gloom+1","Blizzard+1","Beam Cell"],"picked":"SKIP","floor":41},{"not_picked":["Steam+1","Heatsinks","Redo+1"],"picked":"SKIP","floor":42},{"not_picked":["Cold Snap+1","Stack+1","Sweeping Beam"],"picked":"SKIP","floor":44},{"not_picked":["Mayhem","Master of Strategy+1"],"picked":"Panache","floor":48},{"not_picked":["Finesse+1","Jack Of All Trades+1"],"picked":"Dramatic Entrance","floor":48}],"player_experience":296751,"relics_obtained":[{"floor":8,"key":"FossilizedHelix"},{"floor":9,"key":"Happy Flower"},{"floor":12,"key":"Cables"},{"floor":14,"key":"Anchor"},{"floor":21,"key":"Sundial"},{"floor":23,"key":"PreservedInsect"},{"floor":30,"key":"Lantern"},{"floor":41,"key":"Toxic Egg 2"},{"floor":43,"key":"Oddly Smooth Stone"},{"floor":47,"key":"Bottled Flame"}],"event_choices":[{"damage_healed":0,"gold_gain":100,"player_choice":"Pray","damage_taken":0,"max_hp_gain":0,"max_hp_loss":0,"event_name":"Golden Shrine","floor":4,"gold_loss":0},{"damage_healed":0,"gold_gain":0,"player_choice":"Got Potions","damage_taken":0,"max_hp_gain":0,"max_hp_loss":0,"event_name":"Lab","floor":13,"gold_loss":0},{"damage_healed":0,"gold_gain":200,"player_choice":"Gold","damage_taken":0,"max_hp_gain":0,"max_hp_loss":0,"event_name":"Wheel of Change","floor":22,"gold_loss":0},{"damage_healed":0,"gold_gain":0,"player_choice":"Ignored","damage_taken":0,"max_hp_gain":0,"max_hp_loss":0,"event_name":"Ghosts","floor":31,"gold_loss":0},{"damage_healed":0,"gold_gain":0,"player_choice":"Ignored","damage_taken":0,"max_hp_gain":0,"max_hp_loss":0,"event_name":"Mysterious Sphere","floor":45,"gold_loss":0},{"damage_healed":0,"gold_gain":0,"player_choice":"Memory 3","damage_taken":10,"max_hp_gain":0,"max_hp_loss":0,"event_name":"SensoryStone","floor":48,"gold_loss":0}],"is_beta":false,"boss_relics":[{"not_picked":["Runic Pyramid","Lizard Tail"],"picked":"Cursed Key"},{"not_picked":["White Beast Statue","FrozenCore"],"picked":"Nuclear Battery"}],"items_purged_floors":[20,29],"is_endless":false,"potions_floor_spawned":[3,5,8,16,18,23,24,35,38,41],"killed_by":"Donu and Deca","ascension_level":0}