{"gold_per_floor":[113,63,63,82,7,7,36,50,73,73,44,73,84,102,102,200,200,216,216,216,227,227],"floor_reached":22,"playtime":895,"items_purged":["Strike_B"],"score":332,"play_id":"e39167df-68ff-4c0a-9723-bc5a1680d5c9","local_time":"20190128231842","is_ascension_mode":true,"campfire_choices":[{"data":"Blizzard","floor":6,"key":"SMITH"},{"floor":15,"key":"REST"}],"neow_cost":"NONE","seed_source_timestamp":1580456845715944,"circlet_count":0,"master_deck":["AscendersBane","Defend_B","Defend_B","Defend_B","Zap","Dualcast","Blizzard+1","Cold Snap","Genetic Algorithm","Creative AI","BootSequence","Glacier","Rainbow","White Noise","Tempest"],"relics":["Cracked Core","NeowsBlessing","Orichalcum","Happy Flower","Pen Nib","Empty Cage"],"potions_floor_usage":[12,12,12,21,22],"damage_taken":[{"damage":0,"enemies":"Small Slimes","floor":1,"turns":1},{"damage":0,"enemies":"Cultist","floor":4,"turns":1},{"damage":0,"enemies":"3 Sentries","floor":7,"turns":1},{"damage":5,"enemies":"Jaw Worm","floor":8,"turns":5},{"damage":11,"enemies":"Exordium Thugs","floor":11,"turns":5},{"damage":24,"enemies":"Gremlin Nob","floor":12,"turns":5},{"damage":2,"enemies":"Red Slaver","floor":13,"turns":5},{"damage":0,"enemies":"Blue Slaver","floor":14,"turns":4},{"damage":20,"enemies":"Hexaghost","floor":16,"turns":13},{"damage":13,"enemies":"Spheric Guardian","floor":18,"turns":8},{"damage":27,"enemies":"Colosseum Slavers","floor":19,"turns":7},{"damage":14,"enemies":"3 Byrds","floor":21,"turns":5},{"damage":10,"enemies":"Snake Plant","floor":22,"turns":1}],"seed_played":"6231674044812708557","potions_obtained":[{"floor":1,"key":"Strength Potion"},{"floor":4,"key":"Strength Potion"},{"floor":10,"key":"Block Potion"},{"floor":16,"key":"FocusPotion"},{"floor":18,"key":"Energy Potion"}],"is_trial":false,"path_per_floor":["M","?","$","M","$","R","E","M","T","?","M","E","M","M","R","B",null,"M","?","?","M","M"],"character_chosen":"DEFECT","items_purchased":[],"campfire_rested":1,"item_purchase_floors":[],"current_hp_per_floor":[68,68,68,68,68,68,68,63,63,63,52,28,26,26,48,28,63,50,23,23,9,0],"gold":227,"neow_bonus":"THREE_ENEMY_KILL","is_prod":false,"is_daily":false,"chose_seed":false,"campfire_upgraded":1,"win_rate":0,"timestamp":1548717522,"path_taken":["M","?","$","M","$","R","E","M","T","?","M","E","?","?","R","BOSS","M","?","?","?","?"],"build_version":"2019-01-23","purchased_purges":1,"victory":false,"max_hp_per_floor":[75,75,75,75,75,75,75,75,75,75,75,75,75,75,75,75,75,75,75,75,75,75],"card_choices":[{"not_picked":["Doom and Gloom","Loop"],"picked":"Blizzard","floor":1},{"not_picked":["Conserve Battery","Rebound"],"picked":"Cold Snap","floor":4},{"not_picked":["Turbo","Stack"],"picked":"Genetic Algorithm","floor":7},{"not_picked":["Melter","Sweeping Beam"],"picked":"Creative AI","floor":8},{"not_picked":["Scrape","Sweeping Beam","Redo"],"picked":"SKIP","floor":11},{"not_picked":["Barrage","Steam"],"picked":"BootSequence","floor":12},{"not_picked":["Beam Cell","Hologram"],"picked":"Glacier","floor":13},{"not_picked":["Hyperbeam","Double Energy","Auto Shields"],"picked":"SKIP","floor":14},{"not_picked":["Machine Learning","Core Surge"],"picked":"Rainbow","floor":16},{"not_picked":["Streamline","Force Field"],"picked":"White Noise","floor":18},{"not_picked":["Melter","Auto Shields+1"],"picked":"Tempest","floor":21}],"player_experience":506493,"relics_obtained":[{"floor":7,"key":"Orichalcum"},{"floor":9,"key":"Happy Flower"},{"floor":12,"key":"Pen Nib"}],"event_choices":[{"cards_removed":["Strike_B"],"damage_healed":0,"gold_gain":0,"player_choice":"Card Removal","damage_taken":0,"max_hp_gain":0,"max_hp_loss":0,"event_name":"The Cleric","floor":2,"gold_loss":50},{"damage_healed":0,"gold_gain":0,"player_choice":"Got Potions","damage_taken":0,"max_hp_gain":0,"max_hp_loss":0,"event_name":"Lab","floor":10,"gold_loss":0},{"damage_healed":0,"gold_gain":0,"player_choice":"Fight","damage_taken":0,"max_hp_gain":0,"max_hp_loss":0,"event_name":"Colosseum","floor":19,"gold_loss":0},{"damage_healed":0,"gold_gain":0,"player_choice":"Fled From Nobs","damage_taken":0,"max_hp_gain":0,"max_hp_loss":0,"event_name":"Colosseum","floor":19,"gold_loss":0},{"cards_removed":["Strike_B"],"damage_healed":0,"gold_gain":0,"player_choice":"Offered Basic","damage_taken":0,"max_hp_gain":0,"max_hp_loss":0,"event_name":"Bonfire Elementals","floor":20,"gold_loss":0}],"is_beta":true,"boss_relics":[{"not_picked":["Calling Bell","Tiny House"],"picked":"Empty Cage"}],"items_purged_floors":[5],"is_endless":false,"potions_floor_spawned":[1,4,11,16,18,19],"killed_by":"Snake Plant","ascension_level":10}