{"path_per_floor":["M","M","?","$","M","E","?","E","T","?","M","M","$","M","R","B",null,"M","?","M","?","M","R","M","?","T"],"character_chosen":"DEFECT","items_purchased":["Capacitor","Impulse","War Paint"],"gold_per_floor":[109,126,126,59,69,99,174,200,200,160,180,196,53,67,67,165,165,152,77,91,6,20,20,32,32,56,56],"floor_reached":27,"campfire_rested":2,"playtime":1682,"current_hp_per_floor":[74,61,54,54,53,61,50,29,29,29,29,23,23,13,39,13,89,63,63,41,41,36,62,36,36,36,0],"items_purged":[],"gold":56,"score":236,"play_id":"00670261-25b1-43e4-8fef-fb67fc14f872","local_time":"20180429133629","is_prod":false,"is_daily":false,"chose_seed":false,"is_ascension_mode":true,"campfire_upgraded":0,"timestamp":1525005389,"path_taken":["M","M","?","$","?","E","?","E","T","?","M","M","$","M","R","BOSS","M","?","M","?","M","R","M","?","T","E"],"build_version":"2018-04-27v3","seed_source_timestamp":59197783139484,"purchased_purges":0,"victory":false,"master_deck":["Strike_B","Strike_B","Strike_B","Defend_B","Defend_B","Defend_B+1","Zap","Dualcast","Coolheaded+1","Cold Snap","Capacitor","Impulse","Beam Cell","Doom and Gloom","White Noise","Capacitor","Creative AI","Leap","Echo Form","Conserve Battery+1","Axe Kick+1","Self Repair","Rebound"],"max_hp_per_floor":[75,75,75,75,75,89,89,89,89,89,89,89,89,89,89,89,89,89,89,89,89,89,89,89,89,89,89],"relics":["Cracked Core","Mango","Sundial","Du-Vu Doll","War Paint","Inserter","The Courier","Dream Catcher"],"card_choices":[{"not_picked":["Undo","Stack"],"picked":"Coolheaded","floor":1},{"not_picked":["Auto Shields","Streamline"],"picked":"Cold Snap","floor":2},{"not_picked":["Ball Lightning","Heatsinks"],"picked":"Beam Cell","floor":5},{"not_picked":["Impulse","Rebound"],"picked":"Doom and Gloom","floor":6},{"not_picked":["Barrage","Sweeping Beam"],"picked":"White Noise","floor":8},{"not_picked":["Sweeping Beam","Rip and Tear"],"picked":"Capacitor","floor":11},{"not_picked":["Skim","Hologram"],"picked":"Creative AI","floor":12},{"not_picked":["Cold Snap","Darkness"],"picked":"Leap","floor":14},{"not_picked":["Prime","Redo"],"picked":"Echo Form","floor":16},{"not_picked":["Leap","Darkness"],"picked":"Conserve Battery","floor":18},{"not_picked":["Hologram","Ball Lightning"],"picked":"Axe Kick","floor":20},{"not_picked":["Capacitor","Go for the Eyes"],"picked":"Self Repair","floor":22},{"not_picked":["FTL","Rip and Tear"],"picked":"Rebound","floor":24}],"player_experience":86486,"potions_floor_usage":[6,11,12,18,22,24,27],"damage_taken":[{"damage":1,"enemies":"Jaw Worm","floor":1,"turns":3},{"damage":13,"enemies":"2 Louse","floor":2,"turns":3},{"damage":1,"enemies":"Small Slimes","floor":5,"turns":4},{"damage":21,"enemies":"3 Sentries","floor":6,"turns":11},{"damage":21,"enemies":"Lagavulin","floor":8,"turns":5},{"damage":0,"enemies":"Gremlin Gang","floor":11,"turns":3},{"damage":6,"enemies":"3 Louse","floor":12,"turns":2},{"damage":10,"enemies":"Looter","floor":14,"turns":3},{"damage":26,"enemies":"Slime Boss","floor":16,"turns":10},{"damage":26,"enemies":"2 Thieves","floor":18,"turns":5},{"damage":22,"enemies":"Shell Parasite","floor":20,"turns":7},{"damage":20,"enemies":"Chosen and Byrds","floor":22,"turns":7},{"damage":42,"enemies":"Sentry and Sphere","floor":24,"turns":6},{"damage":40,"enemies":"Gremlin Leader","floor":27,"turns":9}],"event_choices":[{"event_name":"Golden Wing","player_choice":"Card Removal","floor":3,"damage_taken":0},{"event_name":"World of Goop","player_choice":"Gather Gold","floor":7,"damage_taken":0},{"event_name":"The Woman in Blue","player_choice":"Bought 3 Potions","floor":10,"damage_taken":0},{"event_name":"Beggar","player_choice":"Gave Gold","floor":19,"damage_taken":0},{"event_name":"Addict","player_choice":"Obtained Relic","floor":21,"damage_taken":0},{"event_name":"Drug Dealer","player_choice":"Ignored","floor":25,"damage_taken":0}],"boss_relics":[{"not_picked":["Runic Dome","Cursed Key"],"picked":"Inserter"}],"potions_floor_spawned":[1,11,12,22],"seed_played":"-4204509280844594163","killed_by":"Gremlin Leader","ascension_level":1,"is_trial":false}