{"gold_per_floor":[109,109,184,184,77,77,95,129,129,154,154,53,63,128,128,202,202,213,53,73,73,123,123,152,152,152,168,199,114,114,146,146,224,274,286,63,163,163,179,179,205,205,205,205,34,67,67,82,82,82,82],"floor_reached":52,"playtime":1862,"items_purged":["Strike_R"],"score":1981,"play_id":"9a3ab0b8-6833-4c6f-86ab-9f81faaa2721","local_time":"20190213113433","is_ascension_mode":true,"campfire_choices":[{"data":"Bash","floor":6.0,"key":"SMITH"},{"floor":11.0,"key":"REST"},{"data":"Armaments","floor":15.0,"key":"SMITH"},{"floor":23.0,"key":"REST"},{"data":"Trip","floor":25.0,"key":"SMITH"},{"floor":30,"key":"REST"},{"floor":32,"key":"REST"},{"floor":40,"key":"DIG"},{"floor":42,"key":"DIG"},{"floor":44,"key":"DIG"},{"floor":49,"key":"REST"}],"neow_cost":"NONE","seed_source_timestamp":1233826372272,"circlet_count":0,"master_deck":["AscendersBane","Defend_R+1","Defend_R","Defend_R","Bash+1","Sword Boomerang+1","Immolate+1","Second Wind+1","Evolve","True Grit","Flex","Disarm","Wild Strike","Flame Barrier+1","Trip+1","Armaments+1","Shrug It Off","Demon Form+1","Clothesline+1","Flame Barrier","Inflame+1","Dark Embrace+1","Reaper","Heavy Blade+1","Shockwave+1","Infernal Blade","Feel No Pain+1","Battle Trance","True Grit","Exhume","Body Slam+1","Havoc","Mayhem+1","True Grit","Warcry","Blind","Uppercut+1","Pummel+1","Fire Breathing+1","Ghostly Armor","Entrench+1"],"special_seed":0,"relics":["Astrolabe","Mercury Hourglass","Frozen Egg 2","Bottled Flame","Mummified Hand","Tiny Chest","Philosopher\u0027s Stone","Ornamental Fan","Self Forming Clay","Bag of Marbles","Dream Catcher","Ice Cream","Tiny House","Shovel","Girya","Ginger","Blue Candle","Pear","Charon\u0027s Ashes","Bag of Preparation","PreservedInsect"],"potions_floor_usage":[28,39,48,51],"damage_taken":[{"damage":0.0,"enemies":"2 Louse","floor":1.0,"turns":1.0},{"damage":0.0,"enemies":"Small Slimes","floor":7.0,"turns":1.0},{"damage":8.0,"enemies":"Gremlin Nob","floor":8.0,"turns":3.0},{"damage":21.0,"enemies":"Lagavulin","floor":10.0,"turns":7.0},{"damage":0.0,"enemies":"Jaw Worm","floor":13.0,"turns":1.0},{"damage":2.0,"enemies":"3 Sentries","floor":14.0,"turns":3.0},{"damage":16.0,"enemies":"The Guardian","floor":16.0,"turns":8.0},{"damage":26.0,"enemies":"Shell Parasite","floor":18.0,"turns":4.0},{"damage":0.0,"enemies":"Chosen","floor":20.0,"turns":4.0},{"damage":16.0,"enemies":"Slavers","floor":24.0,"turns":2.0},{"damage":10,"enemies":"Snecko","floor":27,"turns":4},{"damage":43,"enemies":"Book of Stabbing","floor":28,"turns":8},{"damage":40,"enemies":"Slavers","floor":31,"turns":4},{"damage":18,"enemies":"Champ","floor":33,"turns":9},{"damage":4,"enemies":"Orb Walker","floor":35,"turns":3},{"damage":0,"enemies":"Mind Bloom Boss Battle","floor":37,"turns":3},{"damage":19,"enemies":"3 Darklings","floor":39,"turns":5},{"damage":14,"enemies":"Nemesis","floor":41,"turns":7},{"damage":31,"enemies":"Giant Head","floor":46,"turns":7},{"damage":9,"enemies":"Writhing Mass","floor":48,"turns":3},{"damage":31,"enemies":"Donu and Deca","floor":50,"turns":9},{"damage":74,"enemies":"Awakened One","floor":51,"turns":10}],"seed_played":"-2679053893395946047","potions_obtained":[{"floor":7.0,"key":"FairyPotion"},{"floor":13.0,"key":"Regen Potion"},{"floor":14.0,"key":"Strength Potion"},{"floor":18.0,"key":"Ancient Potion"},{"floor":27,"key":"BloodPotion"},{"floor":33,"key":"SkillPotion"},{"floor":34,"key":"Ancient Potion"},{"floor":48,"key":"Fire Potion"}],"is_trial":false,"path_per_floor":["M","?","?","T","$","R","M","E","T","E","R","$","M","E","R","B",null,"M","$","M","?","?","R","E","R","T","M","E","?","R","E","R","B",null,"M","$","?","?","M","R","E","R","T","R","$","E","?","M","R","B","B",null],"character_chosen":"IRONCLAD","items_purchased":["True Grit","Flex","Trip","Flame Barrier","Mayhem+1","True Grit","Bag of Preparation"],"campfire_rested":5,"item_purchase_floors":[5,5,12,19,36,36,45],"current_hp_per_floor":[68,45,34,34,34,34,34,26,26,5,27,27,27,25,25,24,62,36,36,36,36,36,58,42,42,42,45,24,24,46,33,55,68,78,80,80,80,80,70,70,75,75,85,85,85,54,54,45,72,90,63],"gold":82,"neow_bonus":"BOSS_RELIC","is_prod":false,"is_daily":false,"chose_seed":false,"campfire_upgraded":3,"win_rate":0,"timestamp":1550086473,"path_taken":["M","?","?","?","$","R","M","E","T","E","R","$","M","E","R","BOSS","M","$","M","?","?","R","E","R","T","M","E","?","R","E","R","BOSS","M","$","?","?","M","R","E","R","T","R","$","E","?","M","R","BOSS","BOSS"],"build_version":"2019-02-06","purchased_purges":1,"victory":true,"max_hp_per_floor":[75,75,75,75,75,75,75,75,75,75,75,75,75,75,75,75,75,75,75,75,75,75,75,75,75,75,75,75,75,75,75,75,75,80,80,80,80,80,80,80,80,80,90,90,90,90,90,90,90,90,90],"card_choices":[{"not_picked":["Flex","Clash"],"picked":"Evolve","floor":1.0},{"not_picked":["Armaments","Sword Boomerang"],"picked":"Disarm","floor":7.0},{"not_picked":["Rage","Corruption"],"picked":"Wild Strike","floor":8.0},{"not_picked":["Iron Wave","Thunderclap"],"picked":"Flame Barrier","floor":10.0},{"not_picked":["Rampage","Headbutt"],"picked":"Armaments","floor":13.0},{"not_picked":["Cleave","Sword Boomerang"],"picked":"Shrug It Off","floor":14.0},{"not_picked":["Bludgeon","Dark Embrace+1"],"picked":"Demon Form+1","floor":16.0},{"not_picked":["Pummel","Perfected Strike"],"picked":"Clothesline+1","floor":18.0},{"not_picked":["Disarm","True Grit"],"picked":"Inflame+1","floor":20.0},{"not_picked":["Searing Blow","Armaments"],"picked":"Heavy Blade+1","floor":24.0},{"not_picked":["Dropkick+1","Double Tap"],"picked":"Shockwave+1","floor":27},{"not_picked":["Clash","Iron Wave"],"picked":"Infernal Blade","floor":28},{"not_picked":["Combust+1","Havoc"],"picked":"Feel No Pain+1","floor":30},{"not_picked":["Rage","Pommel Strike"],"picked":"Battle Trance","floor":31},{"not_picked":["Spot Weakness","Cleave"],"picked":"True Grit","floor":32},{"not_picked":["Brutality+1","Bludgeon"],"picked":"Exhume","floor":33},{"not_picked":["Armaments","Twin Strike"],"picked":"Body Slam+1","floor":34},{"not_picked":["Perfected Strike","Pommel Strike+1"],"picked":"Havoc","floor":35},{"not_picked":["Armaments","Twin Strike+1"],"picked":"Warcry","floor":37},{"not_picked":["Flash of Steel","Trip"],"picked":"Blind","floor":38},{"not_picked":["Clash","Warcry+1"],"picked":"Uppercut+1","floor":39},{"not_picked":["Perfected Strike+1","Flex"],"picked":"Pummel+1","floor":41},{"not_picked":["Havoc","Pummel+1"],"picked":"Fire Breathing+1","floor":46},{"not_picked":["Headbutt","Wild Strike"],"picked":"Ghostly Armor","floor":48},{"not_picked":["Offering","Warcry"],"picked":"Entrench+1","floor":49}],"player_experience":1148163,"relics_obtained":[{"floor":4.0,"key":"Mercury Hourglass"},{"floor":8.0,"key":"Frozen Egg 2"},{"floor":9.0,"key":"Bottled Flame"},{"floor":10.0,"key":"Mummified Hand"},{"floor":14.0,"key":"Tiny Chest"},{"floor":24.0,"key":"Ornamental Fan"},{"floor":26.0,"key":"Self Forming Clay"},{"floor":28,"key":"Bag of Marbles"},{"floor":31,"key":"Ice Cream"},{"floor":37,"key":"Shovel"},{"floor":40,"key":"Girya"},{"floor":41,"key":"Ginger"},{"floor":42,"key":"Blue Candle"},{"floor":43,"key":"Pear"},{"floor":44,"key":"Charon\u0027s Ashes"},{"floor":46,"key":"PreservedInsect"}],"event_choices":[{"damage_healed":0.0,"max_hp_gain":0.0,"max_hp_loss":0.0,"gold_gain":0.0,"event_name":"Shining Light","player_choice":"Entered Light","floor":2.0,"gold_loss":0.0,"damage_taken":23.0,"cards_upgraded":["Strike_R","Defend_R"]},{"damage_healed":0.0,"max_hp_gain":0.0,"max_hp_loss":0.0,"gold_gain":75.0,"event_name":"World of Goop","player_choice":"Gather Gold","floor":3.0,"gold_loss":0.0,"damage_taken":11.0},{"damage_healed":0.0,"max_hp_gain":0.0,"max_hp_loss":0.0,"gold_gain":0.0,"cards_transformed":["Strike_R","Strike_R"],"event_name":"Drug Dealer","player_choice":"Became Test Subject","floor":21.0,"gold_loss":0.0,"damage_taken":0.0,"cards_obtained":["Dark Embrace","Reaper"]},{"damage_healed":0.0,"max_hp_gain":0.0,"max_hp_loss":0.0,"gold_gain":50.0,"event_name":"Nest","player_choice":"Stole From Cult","floor":22.0,"gold_loss":0.0,"damage_taken":0.0},{"damage_healed":0,"gold_gain":0,"player_choice":"Obtained Relic","damage_taken":0,"relics_obtained":["Dream Catcher"],"max_hp_gain":0,"max_hp_loss":0,"event_name":"Addict","floor":29,"gold_loss":85},{"damage_healed":0,"gold_gain":0,"player_choice":"Fight","damage_taken":0,"max_hp_gain":0,"max_hp_loss":0,"event_name":"MindBloom","floor":37,"gold_loss":0},{"damage_healed":0,"gold_gain":0,"player_choice":"Memory 1","damage_taken":0,"max_hp_gain":0,"max_hp_loss":0,"event_name":"SensoryStone","floor":38,"gold_loss":0},{"damage_healed":0,"gold_gain":0,"player_choice":"Ignored","damage_taken":0,"max_hp_gain":0,"max_hp_loss":0,"event_name":"SecretPortal","floor":47,"gold_loss":0}],"is_beta":true,"boss_relics":[{"not_picked":["Lizard Tail","Runic Cube"],"picked":"Philosopher\u0027s Stone"},{"not_picked":["Empty Cage","Runic Dome"],"picked":"Tiny House"}],"items_purged_floors":[19],"is_endless":false,"potions_floor_spawned":[7,13,14,18,27,33,37,48],"ascension_level":20}