{"gold_per_floor":[113,123,123,123,136,136,170,170,221,221,254,269,269,299,299,396,396,416,416,515,152,166,201,201,214,239,239,253,253,264,279,279,383,383,400,400,475,23,40,40,59,74,123,123,143,153,153,172,172,172],"floor_reached":50,"playtime":3015,"items_purged":["Strike_B"],"score":533,"play_id":"4e4b2f99-a0e1-4742-a96d-d2a2eb8c824a","local_time":"20190213221218","is_ascension_mode":true,"campfire_choices":[{"data":"Capacitor","floor":6,"key":"SMITH"},{"floor":8,"key":"REST"},{"floor":13,"key":"REST"},{"floor":15,"key":"REST"},{"floor":24,"key":"REST"},{"floor":27,"key":"REST"},{"floor":32,"key":"REST"},{"floor":40,"key":"REST"},{"floor":44,"key":"REST"},{"floor":47,"key":"REST"},{"floor":49,"key":"REST"}],"neow_cost":"CURSE","seed_source_timestamp":13102268049871,"circlet_count":0,"master_deck":["Zap+1","Dualcast+1","Gash","Rip and Tear","Capacitor+1","Gash","Ball Lightning","Amplify","BootSequence","Electrodynamics","Conserve Battery","Glacier","Loop","Tempest+1","Cold Snap+1","Barrage+1","Gash+1","Creative AI","Static Discharge","Electrodynamics","Fission","Genetic Algorithm","Glacier","Reprogram","Conserve Battery+1","Madness","Madness","Storm","Parasite","Loop+1","Stack+1"],"relics":["Cracked Core","Turnip","Oddly Smooth Stone","Potion Belt","Mango","Inserter","Matryoshka","Darkstone Periapt","Vajra","Lantern","Pandora\u0027s Box","Happy Flower","Shovel","Omamori","Juzu Bracelet"],"potions_floor_usage":[7,14,28,33,33,46,50,50],"damage_taken":[{"damage":5,"enemies":"Cultist","floor":1,"turns":4},{"damage":3,"enemies":"2 Louse","floor":2,"turns":2},{"damage":2,"enemies":"Small Slimes","floor":5,"turns":3},{"damage":29,"enemies":"3 Sentries","floor":7,"turns":6},{"damage":9,"enemies":"Lagavulin","floor":11,"turns":6},{"damage":0,"enemies":"Looter","floor":12,"turns":1},{"damage":9,"enemies":"3 Sentries","floor":14,"turns":5},{"damage":66,"enemies":"The Guardian","floor":16,"turns":14},{"damage":23,"enemies":"Shell Parasite","floor":18,"turns":5},{"damage":1,"enemies":"Chosen","floor":22,"turns":4},{"damage":56,"enemies":"Book of Stabbing","floor":23,"turns":8},{"damage":12,"enemies":"Snecko","floor":25,"turns":5},{"damage":9,"enemies":"Centurion and Healer","floor":28,"turns":6},{"damage":8,"enemies":"Shelled Parasite and Fungi","floor":30,"turns":7},{"damage":7,"enemies":"Snake Plant","floor":31,"turns":4},{"damage":32,"enemies":"Automaton","floor":33,"turns":10},{"damage":14,"enemies":"3 Darklings","floor":35,"turns":4},{"damage":25,"enemies":"Orb Walker","floor":39,"turns":4},{"damage":3,"enemies":"Maw","floor":41,"turns":6},{"damage":31,"enemies":"Writhing Mass","floor":42,"turns":4},{"damage":17,"enemies":"4 Shapes","floor":45,"turns":6},{"damage":23,"enemies":"Maw","floor":46,"turns":6},{"damage":40,"enemies":"Spire Growth","floor":48,"turns":5},{"damage":35,"enemies":"Awakened One","floor":50,"turns":2}],"seed_played":"-2314938098754156851","potions_obtained":[{"floor":5,"key":"PowerPotion"},{"floor":7,"key":"PowerPotion"},{"floor":16,"key":"Dexterity Potion"},{"floor":18,"key":"SpeedPotion"},{"floor":23,"key":"LiquidBronze"},{"floor":25,"key":"AttackPotion"},{"floor":33,"key":"FocusPotion"},{"floor":39,"key":"Fire Potion"},{"floor":41,"key":"FearPotion"}],"is_trial":false,"path_per_floor":["M","M","?","?","M","R","E","R","T","?","E","M","R","E","R","B",null,"M","?","?","$","M","E","R","M","T","R","M","?","M","M","R","B",null,"M","?","?","$","M","R","M","M","T","R","M","M","R","M","R","B"],"character_chosen":"DEFECT","items_purchased":["Loop","Matryoshka","Happy Flower","Shovel"],"campfire_rested":10,"item_purchase_floors":[21,21,38,38],"current_hp_per_floor":[70,67,52,52,50,50,21,43,43,36,27,27,49,54,80,14,89,66,66,66,66,65,9,35,23,23,49,40,40,32,25,51,19,89,75,64,56,56,31,57,54,29,29,57,40,17,45,5,33,0],"gold":172,"neow_bonus":"ONE_RARE_RELIC","is_prod":false,"is_daily":false,"chose_seed":false,"campfire_upgraded":1,"win_rate":0,"timestamp":1550117538,"path_taken":["M","M","?","?","?","R","E","R","T","?","E","M","R","E","R","BOSS","M","?","?","$","M","E","R","M","T","R","M","?","M","?","R","BOSS","M","?","?","$","M","R","?","M","T","R","M","M","R","M","R","BOSS"],"build_version":"2019-01-23","purchased_purges":1,"victory":false,"max_hp_per_floor":[75,75,75,75,75,75,75,75,75,75,75,75,75,89,89,89,89,89,89,89,89,89,89,89,89,89,89,89,89,89,89,89,89,89,89,89,89,89,89,89,89,95,95,95,95,95,95,95,95,95],"card_choices":[{"not_picked":["Rebound","Chill"],"picked":"Gash","floor":1},{"not_picked":["Rebound","Compile Driver"],"picked":"Rip and Tear","floor":2},{"not_picked":["Tempest","Barrage"],"picked":"Capacitor","floor":5},{"not_picked":["White Noise","Streamline"],"picked":"Gash","floor":7},{"not_picked":["Rebound","Static Discharge"],"picked":"Ball Lightning","floor":11},{"not_picked":["Rebound","Compile Driver"],"picked":"Amplify","floor":12},{"not_picked":["Hologram","Stack"],"picked":"BootSequence","floor":14},{"not_picked":["Meteor Strike","Fission"],"picked":"Electrodynamics","floor":16},{"not_picked":["Double Energy","Steam"],"picked":"Conserve Battery","floor":18},{"not_picked":["Steam","Hologram","Turbo"],"picked":"SKIP","floor":22},{"not_picked":["Lockon","Melter"],"picked":"Tempest+1","floor":23},{"not_picked":["Rip and Tear","Hologram","Melter"],"picked":"SKIP","floor":25},{"not_picked":["Coolheaded","Recycle"],"picked":"Cold Snap+1","floor":28},{"not_picked":["Redo","Stack"],"picked":"Barrage+1","floor":30},{"not_picked":["BootSequence+1","Sunder"],"picked":"Gash+1","floor":31},{"not_picked":["Amplify","Biased Cognition"],"picked":"Creative AI","floor":33},{"not_picked":["Steam+1","Reinforced Body+1"],"picked":"Conserve Battery+1","floor":35},{"not_picked":["Steam+1","Reinforced Body+1"],"picked":"Storm","floor":39},{"not_picked":["Beam Cell","Rebound","Darkness"],"picked":"SKIP","floor":41},{"not_picked":["Loop","Turbo","Tempest"],"picked":"SKIP","floor":42},{"not_picked":["Beam Cell","Hello World"],"picked":"Loop+1","floor":45},{"not_picked":["Ball Lightning","Coolheaded"],"picked":"Stack+1","floor":46},{"not_picked":["Doom and Gloom","Hologram+1","Rebound"],"picked":"SKIP","floor":48}],"player_experience":84542,"relics_obtained":[{"floor":7,"key":"Oddly Smooth Stone"},{"floor":11,"key":"Potion Belt"},{"floor":14,"key":"Mango"},{"floor":23,"key":"Darkstone Periapt"},{"floor":26,"key":"Vajra"},{"floor":26,"key":"Lantern"},{"floor":43,"key":"Omamori"},{"floor":43,"key":"Juzu Bracelet"}],"event_choices":[{"damage_healed":0,"gold_gain":0,"player_choice":"Entered Light","damage_taken":15,"max_hp_gain":0,"max_hp_loss":0,"event_name":"Shining Light","floor":3,"gold_loss":0,"cards_upgraded":["Dualcast","Defend_B"]},{"damage_healed":0,"gold_gain":0,"player_choice":"Forge","damage_taken":0,"max_hp_gain":0,"max_hp_loss":0,"event_name":"Accursed Blacksmith","floor":4,"gold_loss":0,"cards_upgraded":["Zap"]},{"cards_removed":["Regret"],"damage_healed":0,"gold_gain":0,"player_choice":"Card Removal","damage_taken":7,"max_hp_gain":0,"max_hp_loss":0,"event_name":"Golden Wing","floor":10,"gold_loss":0},{"damage_healed":0,"gold_gain":0,"player_choice":"Read","damage_taken":0,"max_hp_gain":0,"max_hp_loss":0,"event_name":"The Library","floor":19,"gold_loss":0,"cards_obtained":["Glacier"]},{"damage_healed":0,"gold_gain":99,"player_choice":"Stole From Cult","damage_taken":0,"max_hp_gain":0,"max_hp_loss":0,"event_name":"Nest","floor":20,"gold_loss":0},{"cards_removed":["Strike_B"],"damage_healed":0,"gold_gain":0,"player_choice":"Offered Basic","damage_taken":0,"max_hp_gain":0,"max_hp_loss":0,"event_name":"Bonfire Elementals","floor":29,"gold_loss":0},{"damage_healed":0,"gold_gain":0,"player_choice":"Embrace Madness","damage_taken":11,"max_hp_gain":0,"max_hp_loss":0,"event_name":"Winding Halls","floor":36,"gold_loss":0,"cards_obtained":["Madness","Madness"]},{"damage_healed":0,"gold_gain":75,"player_choice":"Touch","damage_taken":8,"max_hp_gain":0,"max_hp_loss":0,"event_name":"FaceTrader","floor":37,"gold_loss":0}],"is_beta":false,"boss_relics":[{"not_picked":["Velvet Choker","Runic Pyramid"],"picked":"Inserter"},{"not_picked":["Runic Dome","Calling Bell"],"picked":"Pandora\u0027s Box"}],"items_purged_floors":[21],"is_endless":false,"potions_floor_spawned":[5,7,16,18,23,25,33,39,41],"killed_by":"Awakened One","ascension_level":1}