{"gold_per_floor":[219,238,16,16,32,66,66,84,134,59,59,119,132,147,147,147],"floor_reached":16,"playtime":403,"items_purged":["Strike_R"],"score":224,"play_id":"c11642c0-fcee-47db-a135-9c8258dea9a2","local_time":"20190213041239","is_ascension_mode":true,"campfire_choices":[{"data":"Bash","floor":7,"key":"SMITH"},{"data":"Uppercut","floor":15,"key":"SMITH"}],"neow_cost":"NONE","seed_source_timestamp":40489926534200,"circlet_count":0,"master_deck":["AscendersBane","Strike_R","Strike_R","Strike_R","Strike_R","Defend_R","Defend_R","Defend_R","Defend_R","Bash+1","Carnage+1","Sword Boomerang","Uppercut+1"],"relics":["Burning Blood","Omamori","Pear","Regal Pillow","Tiny Chest"],"potions_floor_usage":[6,12,16],"damage_taken":[{"damage":10,"enemies":"Small Slimes","floor":1,"turns":4},{"damage":0,"enemies":"Cultist","floor":2,"turns":2},{"damage":2,"enemies":"2 Louse","floor":5,"turns":3},{"damage":31,"enemies":"Gremlin Nob","floor":6,"turns":4},{"damage":9,"enemies":"Red Slaver","floor":8,"turns":4},{"damage":35,"enemies":"3 Sentries","floor":12,"turns":9},{"damage":21,"enemies":"Blue Slaver","floor":13,"turns":4},{"damage":12,"enemies":"Looter","floor":14,"turns":3},{"damage":29,"enemies":"Hexaghost","floor":16,"turns":7}],"seed_played":"-8857618969762863360","potions_obtained":[{"floor":6,"key":"Regen Potion"},{"floor":8,"key":"Ancient Potion"},{"floor":11,"key":"SkillPotion"},{"floor":12,"key":"Explosive Potion"}],"is_trial":false,"path_per_floor":["M","M","$","?","M","E","R","M","T","$","?","E","M","M","R","B"],"character_chosen":"IRONCLAD","items_purchased":["Omamori","Explosive Potion"],"campfire_rested":0,"item_purchase_floors":[3,3],"current_hp_per_floor":[64,70,70,70,74,59,59,56,56,56,56,42,27,21,21,0],"gold":147,"neow_bonus":"HUNDRED_GOLD","is_prod":false,"is_daily":false,"chose_seed":false,"campfire_upgraded":2,"win_rate":0,"timestamp":1550023959,"path_taken":["M","M","$","?","M","E","R","M","T","?","?","E","M","M","R","BOSS"],"build_version":"2019-01-23","purchased_purges":1,"victory":false,"max_hp_per_floor":[75,75,75,75,75,85,85,85,85,85,85,85,85,85,85,85],"card_choices":[{"not_picked":["Havoc","Body Slam"],"picked":"Carnage","floor":1},{"not_picked":["Pommel Strike","Second Wind","Carnage"],"picked":"SKIP","floor":2},{"not_picked":["Heavy Blade","Pummel"],"picked":"Sword Boomerang","floor":5},{"not_picked":["Dual Wield","Clash","Twin Strike"],"picked":"SKIP","floor":6},{"not_picked":["Metallicize","Flame Barrier"],"picked":"Uppercut","floor":8},{"not_picked":["Iron Wave","Combust","Perfected Strike"],"picked":"SKIP","floor":12},{"not_picked":["Entrench","Double Tap","Perfected Strike"],"picked":"SKIP","floor":13},{"not_picked":["Iron Wave","Uppercut","Anger"],"picked":"SKIP","floor":14}],"player_experience":736959,"relics_obtained":[{"floor":6,"key":"Pear"},{"floor":9,"key":"Regal Pillow"},{"floor":12,"key":"Tiny Chest"}],"event_choices":[{"damage_healed":0,"gold_gain":0,"player_choice":"Forge","damage_taken":0,"max_hp_gain":0,"max_hp_loss":0,"event_name":"Accursed Blacksmith","floor":4,"gold_loss":0,"cards_upgraded":["Carnage"]},{"damage_healed":0,"gold_gain":0,"player_choice":"Got Potions","damage_taken":0,"max_hp_gain":0,"max_hp_loss":0,"event_name":"Lab","floor":11,"gold_loss":0}],"is_beta":false,"boss_relics":[],"items_purged_floors":[10],"is_endless":false,"potions_floor_spawned":[6,8,12,14],"killed_by":"Hexaghost","ascension_level":20}