{"gold_per_floor":[115,115,25,25,38,72,72,103,103,15,0,0,20,45,45,138,138],"floor_reached":17,"playtime":338,"items_purged":[],"score":376,"play_id":"c849b56f-c8dd-49ef-9dd5-00bfcf58c47a","local_time":"20190204133255","is_ascension_mode":true,"campfire_choices":[{"data":"Streamline","floor":7.0,"key":"SMITH"},{"floor":15,"key":"REST"}],"neow_cost":"NONE","seed_source_timestamp":23503138118263,"circlet_count":0,"master_deck":["AscendersBane","Strike_B","Strike_B","Strike_B","Strike_B","Defend_B","Defend_B+1","Defend_B","Defend_B","Zap+1","Dualcast","Streamline+1","Melter","Rebound","Darkness","Reinforced Body","Cold Snap","Hello World","Rainbow"],"special_seed":0,"relics":["Cracked Core","NeowsBlessing","War Paint","Golden Idol","Centennial Puzzle","Bag of Preparation","Matryoshka","Ectoplasm"],"potions_floor_usage":[],"damage_taken":[{"damage":0.0,"enemies":"Small Slimes","floor":1.0,"turns":1.0},{"damage":0.0,"enemies":"2 Louse","floor":5.0,"turns":1.0},{"damage":0.0,"enemies":"Gremlin Nob","floor":6.0,"turns":1.0},{"damage":10.0,"enemies":"3 Sentries","floor":8.0,"turns":6.0},{"damage":0.0,"enemies":"Jaw Worm","floor":13.0,"turns":2.0},{"damage":7,"enemies":"Lots of Slimes","floor":14,"turns":3},{"damage":14,"enemies":"The Guardian","floor":16,"turns":10}],"seed_played":"-6089950734596153022","potions_obtained":[{"floor":5.0,"key":"AttackPotion"},{"floor":16,"key":"Weak Potion"}],"is_trial":false,"path_per_floor":["M","?","$","?","M","E","R","E","T","$","?","$","M","M","R","B",null],"character_chosen":"DEFECT","items_purchased":["Melter","Reinforced Body"],"campfire_rested":1,"item_purchase_floors":[3,10],"current_hp_per_floor":[64,19,19,19,19,19,19,9,9,9,9,9,9,2,21,7,7],"gold":138,"neow_bonus":"THREE_ENEMY_KILL","is_prod":false,"is_daily":false,"chose_seed":false,"campfire_upgraded":1,"win_rate":0,"timestamp":1549315975,"path_taken":["M","?","$","?","M","E","R","E","T","$","?","?","?","M","R","BOSS"],"build_version":"2019-01-23","purchased_purges":0,"victory":false,"max_hp_per_floor":[71,71,71,64,64,64,64,64,64,64,64,64,64,64,64,64,64],"card_choices":[{"not_picked":["Stack","Coolheaded"],"picked":"Streamline","floor":1.0},{"not_picked":["Rip and Tear","Storm"],"picked":"Rebound","floor":6.0},{"not_picked":["Go for the Eyes","Static Discharge"],"picked":"Darkness","floor":8.0},{"not_picked":["Coolheaded","Rebound"],"picked":"Cold Snap","floor":13},{"not_picked":["Hologram","Gash"],"picked":"Hello World","floor":14},{"not_picked":["Fission","Machine Learning"],"picked":"Rainbow","floor":16}],"player_experience":1128058,"relics_obtained":[{"floor":6.0,"key":"Centennial Puzzle"},{"floor":8.0,"key":"Bag of Preparation"},{"floor":9.0,"key":"Matryoshka"}],"event_choices":[{"damage_healed":0.0,"max_hp_gain":0.0,"max_hp_loss":0.0,"gold_gain":0.0,"event_name":"Scrap Ooze","player_choice":"Success","floor":2.0,"gold_loss":0.0,"damage_taken":45.0,"relics_obtained":["War Paint"]},{"damage_healed":0.0,"max_hp_gain":0.0,"max_hp_loss":7.0,"gold_gain":0.0,"event_name":"Golden Idol","player_choice":"Lose Max HP","floor":4.0,"gold_loss":0.0,"damage_taken":0.0,"relics_obtained":["Golden Idol"]},{"damage_healed":0.0,"max_hp_gain":0.0,"max_hp_loss":0.0,"gold_gain":0.0,"event_name":"World of Goop","player_choice":"Left Gold","floor":11.0,"gold_loss":15.0,"damage_taken":0.0}],"is_beta":true,"boss_relics":[{"not_picked":["Inserter","Orrery"],"picked":"Ectoplasm"}],"items_purged_floors":[],"is_endless":false,"potions_floor_spawned":[5,16],"ascension_level":20}