{"gold_per_floor":[110,60,73,73,90,118,137,168,232,244],"floor_reached":10,"playtime":333,"items_purged":[],"score":105,"play_id":"c1923f0e-1867-41c0-a79c-ab988476dc8f","local_time":"20190108210936","is_ascension_mode":true,"campfire_choices":[],"neow_cost":"NONE","seed_source_timestamp":518079856332425,"circlet_count":0,"master_deck":["Strike_B","Strike_B","Strike_B","Defend_B","Defend_B","Defend_B","Defend_B","Zap","Dualcast","Sweeping Beam","Reboot","Fusion","Self Repair","Chaos","Skim"],"relics":["Cracked Core","Pen Nib","Question Card","MawBank","Centennial Puzzle"],"potions_floor_usage":[3,6,8],"damage_taken":[{"damage":1,"enemies":"Cultist","floor":1,"turns":3},{"damage":0,"enemies":"2 Louse","floor":3,"turns":1},{"damage":2,"enemies":"Jaw Worm","floor":5,"turns":3},{"damage":38,"enemies":"Gremlin Nob","floor":6,"turns":6},{"damage":0,"enemies":"3 Louse","floor":7,"turns":3},{"damage":22,"enemies":"3 Sentries","floor":8,"turns":7},{"damage":21,"enemies":"Lots of Slimes","floor":10,"turns":1}],"seed_played":"-6703970409954229454","potions_obtained":[{"floor":1,"key":"Explosive Potion"},{"floor":3,"key":"Block Potion"},{"floor":6,"key":"Block Potion"},{"floor":8,"key":"Ancient Potion"}],"is_trial":false,"path_per_floor":["M","?","M","?","M","E","M","E","T","M"],"character_chosen":"DEFECT","items_purchased":[],"campfire_rested":0,"item_purchase_floors":[],"current_hp_per_floor":[74,74,74,67,65,27,34,19,19,0],"gold":244,"neow_bonus":"TEN_PERCENT_HP_BONUS","is_prod":false,"is_daily":false,"chose_seed":false,"campfire_upgraded":0,"win_rate":0,"timestamp":1546981776,"path_taken":["M","?","M","?","M","E","M","E","T","?"],"build_version":"2019-01-07","purchased_purges":0,"victory":false,"max_hp_per_floor":[82,82,82,82,82,82,82,82,82,82],"card_choices":[{"not_picked":["Aggregate","Beam Cell"],"picked":"Sweeping Beam","floor":1},{"not_picked":["Steam","Beam Cell"],"picked":"Reboot","floor":3},{"not_picked":["Beam Cell","Barrage"],"picked":"Fusion","floor":5},{"not_picked":["Leap","Steam"],"picked":"Self Repair","floor":6},{"not_picked":["Blizzard","Leap","FTL"],"picked":"Chaos","floor":7},{"not_picked":["Self Repair","Streamline","Lockon"],"picked":"Skim","floor":8}],"player_experience":385123,"relics_obtained":[{"floor":6,"key":"Question Card"},{"floor":8,"key":"MawBank"},{"floor":9,"key":"Centennial Puzzle"}],"event_choices":[{"cards_removed":["Strike_B"],"damage_healed":0,"gold_gain":0,"player_choice":"Card Removal","damage_taken":0,"max_hp_gain":0,"max_hp_loss":0,"event_name":"The Cleric","floor":2,"gold_loss":50},{"damage_healed":0,"gold_gain":0,"player_choice":"Success","damage_taken":7,"relics_obtained":["Pen Nib"],"max_hp_gain":0,"max_hp_loss":0,"event_name":"Scrap Ooze","floor":4,"gold_loss":0}],"is_beta":true,"boss_relics":[],"items_purged_floors":[],"is_endless":false,"potions_floor_spawned":[1,3,6,8],"killed_by":"Lots of Slimes","ascension_level":7}