{"gold_per_floor":[213,233,408,125,125,125,140,173,173,228,228,47,65,120,120,219,219,234,246,246,246,256,256,281,294,371,371],"floor_reached":27,"playtime":2619,"items_purged":["Doubt"],"score":253,"play_id":"44e17393-9662-449b-860f-96686c93973a","local_time":"20190213234918","is_ascension_mode":true,"campfire_choices":[{"data":"1","floor":6,"key":"LIFT"},{"floor":15,"key":"REST"},{"floor":23,"key":"REST"}],"neow_cost":"NONE","seed_source_timestamp":33467947082699,"circlet_count":0,"master_deck":["Strike_R+1","Strike_R+1","Strike_R+1","Strike_R+1","Strike_R+1","Defend_R+1","Defend_R+1","Defend_R+1","Defend_R+1","Bash","Heavy Blade","Uppercut","Perfected Strike","Offering","Inflame","Seeing Red","Inflame","Juggernaut","Shrug It Off+1","Burning Pact","Ghostly Armor","Feel No Pain","Flame Barrier","Headbutt+1"],"relics":["Burning Blood","Sling","Girya","Bronze Scales","Incense Burner","Tiny Chest","Letter Opener","Vajra","Unceasing Top","Black Star","MutagenicStrength","Boot","Prayer Wheel","Bottled Flame"],"potions_floor_usage":[24,24,24,27],"damage_taken":[{"damage":10,"enemies":"Small Slimes","floor":1,"turns":3},{"damage":11,"enemies":"Jaw Worm","floor":2,"turns":2},{"damage":0,"enemies":"Cultist","floor":7,"turns":2},{"damage":13,"enemies":"Gremlin Nob","floor":8,"turns":4},{"damage":32,"enemies":"Lagavulin","floor":10,"turns":4},{"damage":2,"enemies":"Exordium Wildlife","floor":13,"turns":2},{"damage":10,"enemies":"3 Sentries","floor":14,"turns":5},{"damage":35,"enemies":"Hexaghost","floor":16,"turns":8},{"damage":21,"enemies":"Shell Parasite","floor":18,"turns":4},{"damage":28,"enemies":"Spheric Guardian","floor":19,"turns":4},{"damage":13,"enemies":"Snecko","floor":22,"turns":3},{"damage":53,"enemies":"Gremlin Leader","floor":24,"turns":7},{"damage":5,"enemies":"Chosen and Byrds","floor":25,"turns":6},{"damage":14,"enemies":"Snake Plant","floor":27,"turns":3}],"seed_played":"752682820742300787","potions_obtained":[{"floor":7,"key":"GamblersBrew"},{"floor":8,"key":"Ancient Potion"},{"floor":14,"key":"SteroidPotion"},{"floor":19,"key":"EssenceOfSteel"},{"floor":24,"key":"SpeedPotion"}],"is_trial":false,"path_per_floor":["M","M","?","$","?","R","M","E","T","E","T","$","M","?","R","B",null,"M","M","?","?","M","R","E","M","T","M"],"character_chosen":"IRONCLAD","items_purchased":["Sling","Vajra","Inflame"],"campfire_rested":2,"item_purchase_floors":[4,12,12],"current_hp_per_floor":[76,71,71,71,68,68,74,67,67,41,41,41,45,41,65,36,80,65,43,43,43,36,60,13,14,14,0],"gold":371,"neow_bonus":"HUNDRED_GOLD","is_prod":false,"is_daily":false,"chose_seed":false,"campfire_upgraded":0,"win_rate":0,"timestamp":1550098158,"path_taken":["M","M","?","$","?","R","M","E","T","E","?","$","M","?","R","BOSS","M","M","?","?","M","R","E","M","T","M"],"build_version":"2019-01-23","purchased_purges":1,"victory":false,"max_hp_per_floor":[80,80,80,80,80,80,80,80,80,80,80,80,80,80,80,80,80,80,80,80,80,80,80,80,80,80,80],"card_choices":[{"not_picked":["True Grit","Armaments"],"picked":"Heavy Blade","floor":1},{"not_picked":["Carnage","Evolve"],"picked":"Uppercut","floor":2},{"not_picked":["Anger","Wild Strike"],"picked":"Perfected Strike","floor":7},{"not_picked":["Cleave","Rampage"],"picked":"Offering","floor":8},{"not_picked":["Anger","Rampage","Searing Blow"],"picked":"SKIP","floor":10},{"not_picked":["Clash","Body Slam"],"picked":"Seeing Red","floor":13},{"not_picked":["Flex","Pommel Strike"],"picked":"Inflame","floor":14},{"not_picked":["Offering","Barricade"],"picked":"Juggernaut","floor":16},{"not_picked":["Entrench","Second Wind"],"picked":"Shrug It Off+1","floor":18},{"not_picked":["Thunderclap","Rampage"],"picked":"Burning Pact","floor":19},{"not_picked":["Body Slam","Sword Boomerang"],"picked":"Ghostly Armor","floor":22},{"not_picked":["Sword Boomerang","True Grit+1"],"picked":"Feel No Pain","floor":24},{"not_picked":["Headbutt","Wild Strike+1"],"picked":"Flame Barrier","floor":25},{"not_picked":["Perfected Strike","Flame Barrier"],"picked":"Headbutt+1","floor":25}],"player_experience":43579,"relics_obtained":[{"floor":8,"key":"Bronze Scales"},{"floor":9,"key":"Incense Burner"},{"floor":10,"key":"Tiny Chest"},{"floor":11,"key":"Letter Opener"},{"floor":14,"key":"Unceasing Top"},{"floor":24,"key":"Boot"},{"floor":24,"key":"Prayer Wheel"},{"floor":26,"key":"Bottled Flame"}],"event_choices":[{"damage_healed":0,"gold_gain":175,"player_choice":"AGREE","damage_taken":0,"max_hp_gain":0,"max_hp_loss":0,"event_name":"Liars Game","floor":3,"gold_loss":0,"cards_obtained":["Doubt"]},{"damage_healed":0,"gold_gain":0,"player_choice":"Success","damage_taken":3,"relics_obtained":["Girya"],"max_hp_gain":0,"max_hp_loss":0,"event_name":"Scrap Ooze","floor":5,"gold_loss":0},{"damage_healed":0,"gold_gain":30,"player_choice":"Searched \u00272\u0027 times","damage_taken":0,"max_hp_gain":0,"max_hp_loss":0,"event_name":"Dead Adventurer","floor":14,"gold_loss":0},{"damage_healed":0,"gold_gain":0,"player_choice":"Inject Mutagens","damage_taken":0,"relics_obtained":["MutagenicStrength"],"max_hp_gain":0,"max_hp_loss":0,"event_name":"Drug Dealer","floor":20,"gold_loss":0},{"damage_healed":0,"gold_gain":0,"player_choice":"Simplicity","damage_taken":0,"max_hp_gain":0,"max_hp_loss":0,"event_name":"Back to Basics","floor":21,"gold_loss":0,"cards_upgraded":["Strike_R","Strike_R","Strike_R","Strike_R","Strike_R","Defend_R","Defend_R","Defend_R","Defend_R"]}],"is_beta":false,"boss_relics":[{"not_picked":["Astrolabe","Tiny House"],"picked":"Black Star"}],"items_purged_floors":[4],"is_endless":false,"potions_floor_spawned":[7,8,14,19,22,24],"killed_by":"Snake Plant","ascension_level":1}