{"path_per_floor":["M","?","M","?","M","R","M","R","T","M","M","E","?","M","R","B",null,"M","$","M"],"character_chosen":"DEFECT","items_purchased":["Lantern"],"gold_per_floor":[17,17,31,31,47,47,63,63,63,82,95,127,127,140,140,235,235,246,18,32,32],"floor_reached":21,"campfire_rested":0,"playtime":941,"current_hp_per_floor":[69,74,74,74,71,71,67,67,67,67,67,56,49,46,46,25,80,60,60,10,0],"items_purged":["Strike_B"],"gold":32,"score":210,"play_id":"bb161288-c804-4b03-a3c2-4a8b079cbe2d","local_time":"20180507183750","is_prod":false,"is_daily":false,"chose_seed":false,"is_ascension_mode":true,"campfire_upgraded":3,"timestamp":1525743470,"path_taken":["M","?","?","?","?","R","M","R","T","M","M","E","?","M","R","BOSS","M","$","M","M"],"build_version":"2018-05-03","seed_source_timestamp":38829415721928,"purchased_purges":1,"victory":false,"master_deck":["Strike_B","Defend_B","Defend_B","Defend_B","Defend_B","Zap+1","Dualcast","Prime+1","BootSequence","Reboot","White Noise+1","Prime"],"max_hp_per_floor":[75,80,80,80,80,80,80,80,80,80,80,80,80,80,80,80,80,80,80,80,80],"relics":["Cracked Core","Mercury Hourglass","Mummified Hand","Runic Pyramid","Lantern"],"card_choices":[{"not_picked":["Biased Cognition","Meteor Strike"],"picked":"Prime","floor":0},{"not_picked":["Hologram","Rebound"],"picked":"BootSequence","floor":1},{"not_picked":["Defragment","Hello World"],"picked":"White Noise","floor":14},{"not_picked":["Rainbow","Fission"],"picked":"Prime","floor":16}],"player_experience":174669,"potions_floor_usage":[16,16,16],"damage_taken":[{"damage":6,"enemies":"2 Louse","floor":1,"turns":3},{"damage":0,"enemies":"Cultist","floor":3,"turns":4},{"damage":3,"enemies":"Small Slimes","floor":5,"turns":3},{"damage":4,"enemies":"Red Slaver","floor":7,"turns":3},{"damage":0,"enemies":"Large Slime","floor":10,"turns":3},{"damage":0,"enemies":"Looter","floor":11,"turns":2},{"damage":11,"enemies":"3 Sentries","floor":12,"turns":6},{"damage":3,"enemies":"Lots of Slimes","floor":14,"turns":2},{"damage":21,"enemies":"The Guardian","floor":16,"turns":11},{"damage":20,"enemies":"Spheric Guardian","floor":18,"turns":4},{"damage":50,"enemies":"Chosen","floor":20,"turns":7},{"damage":17,"enemies":"Snake Plant","floor":21,"turns":3}],"event_choices":[{"event_name":"Big Fish","player_choice":"Donut","floor":2,"damage_taken":0},{"event_name":"Transmorgrifier","player_choice":"Transform","floor":4,"damage_taken":0},{"event_name":"Golden Wing","player_choice":"Card Removal","floor":13,"damage_taken":0}],"boss_relics":[{"not_picked":["Cursed Key","Black Star"],"picked":"Runic Pyramid"}],"potions_floor_spawned":[3,7,14],"seed_played":"5896052981147384702","killed_by":"Snake Plant","ascension_level":3,"is_trial":false}