{"gold_per_floor":[20,20,20,38,57,86,86,103,126,126,136,16,43,61,61,133,133,146,146,163,14,14,48,48,60,128,146,176,176,176,194,194,271,271,288,305,305,318,318,318,333,333,384,384],"floor_reached":44,"playtime":1913,"items_purged":["Strike_R"],"score":805,"play_id":"751761c4-4666-4f7d-b4f1-a97f4a444f05","local_time":"20190207131809","is_ascension_mode":true,"campfire_choices":[{"data":"Metallicize","floor":7.0,"key":"SMITH"},{"data":"Spot Weakness","floor":10.0,"key":"SMITH"},{"data":"Bludgeon","floor":15.0,"key":"SMITH"},{"floor":24.0,"key":"REST"},{"data":"Barricade","floor":30,"key":"SMITH"},{"data":"Metallicize","floor":32,"key":"SMITH"},{"data":"Clothesline","floor":40,"key":"SMITH"},{"data":"Body Slam","floor":42,"key":"SMITH"}],"neow_cost":"NO_GOLD","seed_source_timestamp":0,"circlet_count":0,"master_deck":["AscendersBane","Strike_R","Strike_R","Strike_R+1","Defend_R+1","Defend_R+1","Defend_R","Defend_R","Bash","Reaper+1","Iron Wave+1","Ghostly Armor","Body Slam+1","Metallicize+1","Spot Weakness+1","Clothesline+1","Shrug It Off","Bludgeon+1","Barricade+1","Rage","Necronomicurse","Metallicize+1","Decay","Body Slam+1","Bloodletting+1"],"special_seed":0,"relics":["Burning Blood","Bronze Scales","Whetstone","Orichalcum","Eternal Feather","Necronomicon","War Paint","Singing Bowl","Regal Pillow","Bottled Lightning","Mark of Pain","Red Skull"],"potions_floor_usage":[35],"damage_taken":[{"damage":17.0,"enemies":"Jaw Worm","floor":1.0,"turns":6.0},{"damage":1.0,"enemies":"Small Slimes","floor":4.0,"turns":4.0},{"damage":0.0,"enemies":"Cultist","floor":5.0,"turns":3.0},{"damage":44.0,"enemies":"Gremlin Nob","floor":6.0,"turns":6.0},{"damage":9.0,"enemies":"3 Louse","floor":8.0,"turns":4.0},{"damage":0.0,"enemies":"Red Slaver","floor":11.0,"turns":4.0},{"damage":28.0,"enemies":"3 Sentries","floor":13.0,"turns":8.0},{"damage":0.0,"enemies":"Exordium Thugs","floor":14.0,"turns":5.0},{"damage":25.0,"enemies":"The Guardian","floor":16.0,"turns":11.0},{"damage":0.0,"enemies":"3 Byrds","floor":18.0,"turns":3.0},{"damage":0.0,"enemies":"Spheric Guardian","floor":20.0,"turns":2.0},{"damage":61.0,"enemies":"Gremlin Leader","floor":23.0,"turns":7.0},{"damage":21.0,"enemies":"Shelled Parasite and Fungi","floor":25.0,"turns":5.0},{"damage":16.0,"enemies":"Centurion and Healer","floor":27.0,"turns":6.0},{"damage":54,"enemies":"Slavers","floor":28,"turns":6},{"damage":29,"enemies":"Snake Plant","floor":31,"turns":4},{"damage":32,"enemies":"Champ","floor":33,"turns":14},{"damage":52,"enemies":"3 Darklings","floor":35,"turns":11},{"damage":15,"enemies":"3 Shapes","floor":36,"turns":8},{"damage":37,"enemies":"3 Darklings","floor":38,"turns":6},{"damage":24,"enemies":"Jaw Worm Horde","floor":41,"turns":4},{"damage":104,"enemies":"Giant Head","floor":44,"turns":9}],"seed_played":"-268716972273916606","potions_obtained":[{"floor":1.0,"key":"SpeedPotion"},{"floor":4.0,"key":"Explosive Potion"},{"floor":6.0,"key":"Strength Potion"},{"floor":16.0,"key":"AttackPotion"},{"floor":18.0,"key":"SteroidPotion"},{"floor":28,"key":"Fire Potion"},{"floor":33,"key":"GamblersBrew"},{"floor":35,"key":"Fire Potion"}],"is_trial":false,"path_per_floor":["M","?","?","M","M","E","R","M","T","R","M","$","E","M","R","B",null,"M","?","M","$","?","E","R","M","T","M","E","T","R","M","R","B",null,"M","M","?","M","?","R","M","R","T","E"],"character_chosen":"IRONCLAD","items_purchased":["Shrug It Off","Metallicize","Regen Potion"],"campfire_rested":1,"item_purchase_floors":[12,21,21],"current_hp_per_floor":[61,61,61,66,72,38,38,45,45,45,51,51,50,66,66,47,68,75,54,60,60,60,20,54,53,53,63,55,55,70,49,64,50,73,35,68,70,83,83,89,91,91,91,0],"gold":384,"neow_bonus":"THREE_RARE_CARDS","is_prod":false,"is_daily":false,"chose_seed":false,"campfire_upgraded":7,"win_rate":0,"timestamp":1549563489,"path_taken":["M","?","?","M","M","E","R","M","T","R","M","$","E","?","R","BOSS","M","?","M","$","?","E","R","M","T","?","E","?","R","?","R","BOSS","M","M","?","M","?","R","M","R","T","E"],"build_version":"2019-01-23","purchased_purges":1,"victory":false,"max_hp_per_floor":[75,75,75,75,75,75,75,75,75,75,75,75,75,75,75,75,75,75,75,75,75,75,75,75,75,75,77,77,77,77,79,79,81,81,83,85,87,89,89,89,91,91,91,91],"card_choices":[{"not_picked":["Juggernaut","Fiend Fire"],"picked":"Reaper","floor":0.0},{"not_picked":["Searing Blow","Wild Strike"],"picked":"Iron Wave","floor":1.0},{"not_picked":["Iron Wave","Barricade"],"picked":"Ghostly Armor","floor":4.0},{"not_picked":["Wild Strike","Headbutt"],"picked":"Body Slam","floor":5.0},{"not_picked":["Warcry","Dual Wield"],"picked":"Metallicize","floor":6.0},{"not_picked":["True Grit","Iron Wave"],"picked":"Spot Weakness","floor":8.0},{"not_picked":["Whirlwind","Sword Boomerang"],"picked":"Clothesline","floor":11.0},{"not_picked":["Twin Strike","Spot Weakness","Rupture"],"picked":"SKIP","floor":13.0},{"not_picked":["Twin Strike","Spot Weakness"],"picked":"Bludgeon","floor":14.0},{"not_picked":["Berserk","Feed"],"picked":"Barricade","floor":16.0},{"not_picked":["Inflame","Iron Wave"],"picked":"Rage","floor":18.0},{"not_picked":["Shrug It Off","Warcry+1","Heavy Blade"],"picked":"SKIP","floor":20.0},{"not_picked":["Armaments+1","Fire Breathing","Carnage"],"picked":"SKIP","floor":23.0},{"not_picked":["Iron Wave","Fiend Fire","Body Slam+1"],"picked":"SKIP","floor":25.0},{"not_picked":["Iron Wave","Fiend Fire"],"picked":"Body Slam+1","floor":25.0},{"not_picked":["Ghostly Armor","Corruption","Heavy Blade"],"picked":"Singing Bowl","floor":27.0},{"not_picked":["Headbutt","Warcry"],"picked":"Bloodletting+1","floor":28},{"not_picked":["Clothesline","Sentinel","Cleave"],"picked":"Singing Bowl","floor":31},{"not_picked":["Dark Embrace","Offering","Fiend Fire"],"picked":"Singing Bowl","floor":33},{"not_picked":["Blood for Blood","Headbutt+1","Body Slam"],"picked":"Singing Bowl","floor":35},{"not_picked":["Headbutt","Cleave","Clash"],"picked":"Singing Bowl","floor":36},{"not_picked":["Bandage Up","Flash of Steel","Mind Blast"],"picked":"Singing Bowl","floor":37},{"not_picked":["Clash","Pommel Strike","Havoc"],"picked":"Singing Bowl","floor":38},{"not_picked":["Wild Strike+1","Iron Wave","Combust"],"picked":"Singing Bowl","floor":41}],"player_experience":247000,"relics_obtained":[{"floor":6.0,"key":"Bronze Scales"},{"floor":9.0,"key":"Whetstone"},{"floor":13.0,"key":"Orichalcum"},{"floor":19.0,"key":"Necronomicon"},{"floor":23.0,"key":"War Paint"},{"floor":26.0,"key":"Singing Bowl"},{"floor":28,"key":"Regal Pillow"},{"floor":29,"key":"Bottled Lightning"},{"floor":43,"key":"Red Skull"}],"event_choices":[{"damage_healed":0.0,"max_hp_gain":0.0,"max_hp_loss":0.0,"gold_gain":0.0,"event_name":"The Cleric","player_choice":"Leave","floor":2.0,"gold_loss":0.0,"damage_taken":0.0},{"damage_healed":0.0,"max_hp_gain":0.0,"max_hp_loss":0.0,"gold_gain":0.0,"event_name":"Upgrade Shrine","player_choice":"Upgraded","floor":3.0,"gold_loss":0.0,"damage_taken":0.0,"cards_upgraded":["Iron Wave"]},{"damage_healed":0.0,"max_hp_gain":0.0,"max_hp_loss":0.0,"gold_gain":0.0,"event_name":"Cursed Tome","player_choice":"Obtained Book","floor":19.0,"gold_loss":0.0,"damage_taken":21.0},{"damage_healed":0.0,"max_hp_gain":0.0,"max_hp_loss":0.0,"gold_gain":0.0,"event_name":"Wheel of Change","player_choice":"Cursed","floor":22.0,"gold_loss":0.0,"damage_taken":0.0,"cards_obtained":["Decay"]},{"damage_healed":0,"gold_gain":0,"player_choice":"Memory 1","damage_taken":0,"max_hp_gain":0,"max_hp_loss":0,"event_name":"SensoryStone","floor":37,"gold_loss":0},{"cards_removed":["Strike_R"],"damage_healed":0,"gold_gain":0,"player_choice":"Removed Attack","damage_taken":0,"max_hp_gain":0,"max_hp_loss":0,"event_name":"Falling","floor":39,"gold_loss":0}],"is_beta":false,"boss_relics":[{"not_picked":["Astrolabe","White Beast Statue"],"picked":"Eternal Feather"},{"not_picked":["Cursed Key","Fusion Hammer"],"picked":"Mark of Pain"}],"items_purged_floors":[12],"is_endless":false,"potions_floor_spawned":[1,4,6,16,18,28,33,35,41],"killed_by":"Giant Head","ascension_level":15}