{"gold_per_floor":[111,42,53,68,82,82,113,113,113,126,143,143,158,171,171,171],"floor_reached":16,"playtime":910,"items_purged":[],"score":106,"play_id":"cbcb2988-fb7e-4b31-8477-2b89a8169989","local_time":"20190202134112","is_ascension_mode":false,"campfire_choices":[{"data":"Pummel","floor":6,"key":"SMITH"},{"floor":8,"key":"REST"},{"floor":15,"key":"REST"}],"neow_cost":"NONE","seed_source_timestamp":98847002800679,"circlet_count":0,"master_deck":["Strike_R","Strike_R","Strike_R","Strike_R","Strike_R","Defend_R","Defend_R","Defend_R","Defend_R","Bash","Impervious","Body Slam","Shrug It Off","Heavy Blade","Pummel+1","Battle Trance","Cleave","Intimidate","Armaments","Iron Wave","Entrench","Double Tap","Metallicize"],"relics":["Burning Blood","Pantograph","Dodecahedron"],"potions_floor_usage":[16],"damage_taken":[{"damage":0,"enemies":"Small Slimes","floor":1,"turns":4},{"damage":7,"enemies":"Cultist","floor":3,"turns":4},{"damage":2,"enemies":"Jaw Worm","floor":4,"turns":5},{"damage":11,"enemies":"Blue Slaver","floor":5,"turns":3},{"damage":30,"enemies":"3 Sentries","floor":7,"turns":9},{"damage":11,"enemies":"Exordium Thugs","floor":10,"turns":5},{"damage":13,"enemies":"2 Fungi Beasts","floor":11,"turns":3},{"damage":1,"enemies":"3 Louse","floor":13,"turns":2},{"damage":8,"enemies":"Blue Slaver","floor":14,"turns":4},{"damage":82,"enemies":"Hexaghost","floor":16,"turns":15}],"seed_played":"-4495512588186615765","potions_obtained":[{"floor":4,"key":"EntropicBrew"},{"floor":5,"key":"EssenceOfSteel"},{"floor":13,"key":"SmokeBomb"},{"floor":14,"key":"Regen Potion"}],"is_trial":false,"path_per_floor":["M","$","M","M","M","R","E","R","T","M","M","?","M","M","R","B"],"character_chosen":"IRONCLAD","items_purchased":["Shrug It Off","Heavy Blade"],"campfire_rested":2,"item_purchase_floors":[2,2],"current_hp_per_floor":[80,80,79,80,75,75,51,75,75,70,63,63,68,66,80,0],"gold":171,"neow_bonus":"ONE_RANDOM_RARE_CARD","is_prod":false,"is_daily":false,"chose_seed":false,"campfire_upgraded":1,"win_rate":0.0,"timestamp":1549136472,"path_taken":["M","$","M","M","M","R","E","R","T","M","M","?","M","M","R","BOSS"],"build_version":"2019-01-23","purchased_purges":0,"victory":false,"max_hp_per_floor":[80,80,80,80,80,80,80,80,80,80,80,80,80,80,80,80],"card_choices":[{"not_picked":["Spot Weakness","Reckless Charge"],"picked":"Body Slam","floor":1},{"not_picked":["Intimidate","Armaments"],"picked":"Pummel","floor":3},{"not_picked":["Wild Strike","Armaments"],"picked":"Battle Trance","floor":4},{"not_picked":["Heavy Blade","Flex"],"picked":"Cleave","floor":5},{"not_picked":["Combust","Blood for Blood"],"picked":"Intimidate","floor":7},{"not_picked":["Warcry","Heavy Blade"],"picked":"Armaments","floor":10},{"not_picked":["Infernal Blade","Thunderclap"],"picked":"Iron Wave","floor":11},{"not_picked":["Shrug It Off","Sword Boomerang"],"picked":"Metallicize","floor":13},{"not_picked":["Clash","Armaments","Second Wind"],"picked":"SKIP","floor":14}],"player_experience":70208,"relics_obtained":[{"floor":7,"key":"Pantograph"},{"floor":9,"key":"Dodecahedron"}],"event_choices":[{"damage_healed":0,"gold_gain":0,"player_choice":"2 cards matched","damage_taken":0,"max_hp_gain":0,"max_hp_loss":0,"event_name":"Match and Keep!","floor":12,"gold_loss":0,"cards_obtained":["Entrench","Double Tap"]}],"is_beta":false,"boss_relics":[],"items_purged_floors":[],"is_endless":false,"potions_floor_spawned":[4,5,13,14],"killed_by":"Hexaghost","ascension_level":0}