{"gold_per_floor":[118,9,27,27,40,74,74,89,89,89,100,100,120,147,147,242,242,253,272,130,130,130,130],"floor_reached":23,"playtime":1966,"items_purged":["Strike_G"],"score":291,"play_id":"fe702640-6507-4370-a6c2-d67a54a87891","local_time":"20190212202534","is_ascension_mode":true,"campfire_choices":[{"data":"Terror","floor":7,"key":"SMITH"},{"floor":10,"key":"REST"},{"floor":12,"key":"REST"},{"floor":15,"key":"REST"}],"neow_cost":"NONE","seed_source_timestamp":22917243983820,"circlet_count":0,"master_deck":["Defend_G","Defend_G","Defend_G","Defend_G","Defend_G","Strike_G","Strike_G","Survivor","Neutralize","All Out Attack","Expertise","Escape Plan","Deadly Poison","Terror+1","Backflip","Blur","Deflect","Well Laid Plans","Sucker Punch","Accuracy","Cloak And Dagger","PiercingWail","Writhe"],"relics":["Ring of the Snake","Snake Skull","Bottled Lightning","Bird Faced Urn","Fusion Hammer","Nilry\u0027s Codex","Boot"],"potions_floor_usage":[14,16,23,23],"damage_taken":[{"damage":1,"enemies":"Small Slimes","floor":1,"turns":3},{"damage":1,"enemies":"Cultist","floor":3,"turns":4},{"damage":0,"enemies":"2 Louse","floor":5,"turns":2},{"damage":27,"enemies":"3 Sentries","floor":6,"turns":8},{"damage":28,"enemies":"Exordium Wildlife","floor":8,"turns":6},{"damage":6,"enemies":"3 Louse","floor":11,"turns":3},{"damage":1,"enemies":"Exordium Thugs","floor":13,"turns":4},{"damage":25,"enemies":"Gremlin Nob","floor":14,"turns":4},{"damage":11,"enemies":"Hexaghost","floor":16,"turns":14},{"damage":22,"enemies":"Spheric Guardian","floor":18,"turns":6},{"damage":13,"enemies":"3 Byrds","floor":19,"turns":7},{"damage":23,"enemies":"Gremlin Leader","floor":23,"turns":8}],"seed_played":"-2647132923064319810","potions_obtained":[{"floor":1,"key":"AttackPotion"},{"floor":5,"key":"SkillPotion"},{"floor":6,"key":"GhostInAJar"},{"floor":19,"key":"LiquidBronze"}],"is_trial":false,"path_per_floor":["M","$","M","?","M","E","R","M","T","R","M","R","M","E","R","B",null,"M","M","$","?","?","E"],"character_chosen":"THE_SILENT","items_purchased":["Escape Plan","Accuracy","Cloak And Dagger","PiercingWail"],"campfire_rested":3,"item_purchase_floors":[2,20,20,20],"current_hp_per_floor":[62,62,61,61,61,34,34,6,6,27,21,42,41,16,37,28,60,40,29,29,13,13,0],"gold":130,"neow_bonus":"TRANSFORM_CARD","is_prod":false,"is_daily":false,"chose_seed":false,"campfire_upgraded":1,"win_rate":0,"timestamp":1549999534,"path_taken":["M","$","M","?","M","E","R","M","T","R","M","R","?","E","R","BOSS","M","?","$","?","?","E"],"build_version":"2019-01-23","purchased_purges":1,"victory":false,"max_hp_per_floor":[70,70,70,70,70,70,70,70,70,70,70,70,70,70,70,70,70,70,70,70,70,70,70],"card_choices":[{"not_picked":["Tactician","Dagger Spray"],"picked":"Expertise","floor":1},{"not_picked":["Finisher","Poisoned Stab"],"picked":"Deadly Poison","floor":3},{"not_picked":["Dagger Spray","Endless Agony"],"picked":"Terror","floor":5},{"not_picked":["Riddle With Holes","Expertise"],"picked":"Backflip","floor":6},{"not_picked":["Tactician","Setup"],"picked":"Blur","floor":8},{"not_picked":["Terror","Choke"],"picked":"Deflect","floor":11},{"not_picked":["Dagger Throw","Prepared","Acrobatics"],"picked":"SKIP","floor":13},{"not_picked":["Venomology","Predator"],"picked":"Well Laid Plans","floor":14},{"not_picked":["Sucker Punch","Deadly Poison","Prepared"],"picked":"SKIP","floor":18},{"not_picked":["Prepared","Dagger Spray+1"],"picked":"Sucker Punch","floor":19}],"player_experience":308556,"relics_obtained":[{"floor":6,"key":"Snake Skull"},{"floor":9,"key":"Bottled Lightning"},{"floor":14,"key":"Bird Faced Urn"},{"floor":21,"key":"Nilry\u0027s Codex"}],"event_choices":[{"cards_removed":["Strike_G"],"damage_healed":0,"gold_gain":0,"player_choice":"Purged","damage_taken":0,"max_hp_gain":0,"max_hp_loss":0,"event_name":"Purifier","floor":4,"gold_loss":0},{"damage_healed":0,"gold_gain":0,"player_choice":"Obtained Book","damage_taken":16,"max_hp_gain":0,"max_hp_loss":0,"event_name":"Cursed Tome","floor":21,"gold_loss":0},{"damage_healed":0,"gold_gain":0,"player_choice":"Opened","damage_taken":0,"relics_obtained":["Boot"],"max_hp_gain":0,"max_hp_loss":0,"event_name":"The Mausoleum","floor":22,"gold_loss":0,"cards_obtained":["Writhe"]}],"is_beta":false,"boss_relics":[{"not_picked":["HoveringKite","Coffee Dripper"],"picked":"Fusion Hammer"}],"items_purged_floors":[2],"is_endless":false,"potions_floor_spawned":[1,5,6,19],"killed_by":"Gremlin Leader","ascension_level":9}