{"gold_per_floor":[114,133,133,153,153,153,41,70,122,122,122,138,138,118],"floor_reached":14,"playtime":253,"items_purged":[],"score":176,"play_id":"f59467df-f0f5-4b87-8dc5-5470e2b97752","local_time":"20190202164234","is_ascension_mode":true,"campfire_choices":[{"data":"Terror","floor":6,"key":"SMITH"},{"data":"Bullet Time","floor":13,"key":"SMITH"}],"neow_cost":"NONE","seed_source_timestamp":51306099860858,"circlet_count":0,"master_deck":["AscendersBane","Defend_G","Defend_G","Defend_G","Defend_G","Strike_G","Strike_G","Strike_G","Strike_G","Strike_G+1","Survivor","Neutralize+1","Endless Agony","Terror+1","Backflip+1","Crippling Poison","Sucker Punch","Bullet Time+1","Bane","Backflip"],"relics":["Ring of the Snake","NeowsBlessing","Art of War","Oddly Smooth Stone"],"potions_floor_usage":[8],"damage_taken":[{"damage":0,"enemies":"2 Louse","floor":1,"turns":1},{"damage":0,"enemies":"Cultist","floor":2,"turns":1},{"damage":0,"enemies":"Small Slimes","floor":4,"turns":1},{"damage":17,"enemies":"3 Sentries","floor":8,"turns":12},{"damage":10,"enemies":"3 Louse","floor":12,"turns":4},{"damage":8,"enemies":"Looter","floor":14,"turns":1}],"seed_played":"-3415740418630456221","potions_obtained":[{"floor":1,"key":"FearPotion"},{"floor":8,"key":"FearPotion"}],"is_trial":false,"path_per_floor":["M","M","?","M","?","R","$","E","T","?","?","M","R","M"],"character_chosen":"THE_SILENT","items_purchased":["Crippling Poison","Sucker Punch"],"campfire_rested":0,"item_purchase_floors":[7,7],"current_hp_per_floor":[59,59,59,59,39,39,39,22,22,15,15,5,5,0],"gold":118,"neow_bonus":"THREE_ENEMY_KILL","is_prod":false,"is_daily":false,"chose_seed":false,"campfire_upgraded":2,"win_rate":0,"timestamp":1549154554,"path_taken":["M","M","?","?","?","R","$","E","T","?","?","M","R","?"],"build_version":"2019-01-23","purchased_purges":0,"victory":false,"max_hp_per_floor":[66,66,66,66,66,66,66,66,66,66,66,66,66,66],"card_choices":[{"not_picked":["Acrobatics","Sucker Punch"],"picked":"Endless Agony","floor":1},{"not_picked":["Expertise","Poisoned Stab"],"picked":"Terror","floor":2},{"not_picked":["Deadly Poison","Terror"],"picked":"Backflip","floor":4},{"not_picked":["Slice","Prepared"],"picked":"Bullet Time","floor":8},{"not_picked":["Terror","Quick Slash"],"picked":"Backflip","floor":12}],"player_experience":1108761,"relics_obtained":[{"floor":8,"key":"Art of War"},{"floor":9,"key":"Oddly Smooth Stone"}],"event_choices":[{"damage_healed":0,"gold_gain":0,"player_choice":"Upgraded","damage_taken":0,"max_hp_gain":0,"max_hp_loss":0,"event_name":"Upgrade Shrine","floor":3,"gold_loss":0,"cards_upgraded":["Neutralize"]},{"damage_healed":0,"gold_gain":0,"player_choice":"Entered Light","damage_taken":20,"max_hp_gain":0,"max_hp_loss":0,"event_name":"Shining Light","floor":5,"gold_loss":0,"cards_upgraded":["Strike_G","Backflip"]},{"cards_removed":["Defend_G"],"damage_healed":0,"gold_gain":0,"player_choice":"Card Removal","damage_taken":7,"max_hp_gain":0,"max_hp_loss":0,"event_name":"Golden Wing","floor":10,"gold_loss":0},{"damage_healed":0,"gold_gain":0,"player_choice":"1 cards matched","damage_taken":0,"max_hp_gain":0,"max_hp_loss":0,"event_name":"Match and Keep!","floor":11,"gold_loss":0,"cards_obtained":["Bane"]}],"is_beta":true,"boss_relics":[],"items_purged_floors":[],"is_endless":false,"potions_floor_spawned":[1,8],"killed_by":"Looter","ascension_level":20}