{"gold_per_floor":[118,68,78,78,92,92,121,121,121,137,137],"floor_reached":11,"playtime":401,"items_purged":[],"score":91,"play_id":"8782abb5-a142-43be-8911-e49c39152f5d","local_time":"20181118191238","is_ascension_mode":true,"campfire_choices":[{"floor":6,"key":"RECALL"},{"floor":8,"key":"REST"}],"neow_cost":"NONE","seed_source_timestamp":86036724203007,"circlet_count":0,"master_deck":["Defend_G","Defend_G","Defend_G","Defend_G","Defend_G","Strike_G","Strike_G","Strike_G","Strike_G","Survivor","Neutralize","Crippling Poison+1","Outmaneuver"],"relics":["Ring of the Snake","Potion Belt"],"potions_floor_usage":[7],"damage_taken":[{"damage":1,"enemies":"Cultist","floor":1,"turns":5},{"damage":0,"enemies":"2 Louse","floor":3,"turns":2},{"damage":1,"enemies":"Jaw Worm","floor":5,"turns":5},{"damage":29,"enemies":"Gremlin Nob","floor":7,"turns":5},{"damage":10,"enemies":"Gremlin Gang","floor":10,"turns":4},{"damage":78,"enemies":"Lagavulin","floor":11,"turns":12}],"seed_played":"2479820071651429801","potions_obtained":[{"floor":1,"key":"GamblersBrew"}],"is_trial":false,"path_per_floor":["M","?","M","?","M","R","E","R","T","M","E"],"character_chosen":"THE_SILENT","items_purchased":[],"campfire_rested":1,"item_purchase_floors":[],"current_hp_per_floor":[76,76,76,76,75,75,46,69,69,59,0],"gold":137,"neow_bonus":"TEN_PERCENT_HP_BONUS","is_prod":false,"is_daily":false,"chose_seed":false,"campfire_upgraded":0,"win_rate":0,"timestamp":1542568358,"path_taken":["M","?","M","?","?","R","E","R","T","?","E"],"build_version":"2018-11-15","purchased_purges":0,"victory":false,"max_hp_per_floor":[77,77,77,77,77,77,77,77,77,77,77],"card_choices":[{"not_picked":["Underhanded Strike","Quick Slash"],"picked":"Crippling Poison","floor":1},{"not_picked":["Quick Slash","Cloak And Dagger","Caltrops"],"picked":"SKIP","floor":3},{"not_picked":["Underhanded Strike","Tactician","Quick Slash"],"picked":"SKIP","floor":5},{"not_picked":["Eviscerate","Finisher"],"picked":"Outmaneuver","floor":7},{"not_picked":["Eviscerate","Accuracy","Tactician"],"picked":"SKIP","floor":10}],"player_experience":318607,"relics_obtained":[{"floor":7,"key":"Potion Belt"}],"event_choices":[{"cards_removed":["Strike_G"],"damage_healed":0,"gold_gain":0,"player_choice":"Card Removal","damage_taken":0,"max_hp_gain":0,"max_hp_loss":0,"event_name":"The Cleric","floor":2,"gold_loss":50},{"damage_healed":0,"gold_gain":0,"player_choice":"Grow","damage_taken":0,"max_hp_gain":0,"max_hp_loss":0,"event_name":"Living Wall","floor":4,"gold_loss":0,"cards_upgraded":["Crippling Poison"]}],"is_beta":true,"boss_relics":[],"items_purged_floors":[],"is_endless":false,"potions_floor_spawned":[1],"killed_by":"Lagavulin","ascension_level":5}