{"gold_per_floor":[112,162,87,98,111,111,11,46,46,75,92,3,3,3,3,3],"floor_reached":16,"playtime":327,"items_purged":["Strike_R","Strike_R"],"score":216,"play_id":"045cba89-cd5f-433b-88e4-9ed58d5b79c8","local_time":"20190213204117","is_ascension_mode":true,"campfire_choices":[{"data":"Immolate","floor":6.0,"key":"SMITH"},{"floor":15,"key":"REST"}],"neow_cost":"TEN_PERCENT_HP_LOSS","seed_source_timestamp":13757647043400,"circlet_count":0,"master_deck":["AscendersBane","Strike_R","Strike_R","Strike_R","Defend_R","Defend_R","Defend_R","Bash","Immolate+1","Sword Boomerang","Demon Form","Inflame"],"special_seed":0,"relics":["Burning Blood","Bottled Flame","Pear","Sundial"],"potions_floor_usage":[16],"damage_taken":[{"damage":7.0,"enemies":"Jaw Worm","floor":1.0,"turns":3.0},{"damage":1.0,"enemies":"Cultist","floor":4.0,"turns":3.0},{"damage":0.0,"enemies":"2 Louse","floor":5.0,"turns":1.0},{"damage":16.0,"enemies":"3 Sentries","floor":8.0,"turns":4.0},{"damage":61.0,"enemies":"Gremlin Nob","floor":10.0,"turns":5.0},{"damage":11,"enemies":"Blue Slaver","floor":11,"turns":4},{"damage":30,"enemies":"Slime Boss","floor":16,"turns":3}],"seed_played":"-1678667363840377972","potions_obtained":[{"floor":4.0,"key":"PowerPotion"},{"floor":5.0,"key":"Explosive Potion"}],"is_trial":false,"path_per_floor":["M","?","$","M","M","R","$","E","T","E","M","$","$","?","R","B"],"character_chosen":"IRONCLAD","items_purchased":["Inflame"],"campfire_rested":1,"item_purchase_floors":[12],"current_hp_per_floor":[67,61,61,66,68,68,68,58,68,13,8,8,8,1,24,0],"gold":3,"neow_bonus":"THREE_RARE_CARDS","is_prod":false,"is_daily":false,"chose_seed":false,"campfire_upgraded":1,"win_rate":0,"timestamp":1550083277,"path_taken":["M","?","$","M","M","R","$","E","T","E","M","?","$","?","R","BOSS"],"build_version":"2019-01-23","purchased_purges":2,"victory":false,"max_hp_per_floor":[68,68,68,68,68,68,68,68,78,78,78,78,78,78,78,78],"card_choices":[{"not_picked":["Exhume","Demon Form"],"picked":"Immolate","floor":0.0},{"not_picked":["Warcry","Feel No Pain","Anger"],"picked":"SKIP","floor":1.0},{"not_picked":["Rupture","Warcry","Flex"],"picked":"SKIP","floor":4.0},{"not_picked":["Cleave","Fire Breathing"],"picked":"Sword Boomerang","floor":5.0},{"not_picked":["Clothesline","Perfected Strike","Shrug It Off"],"picked":"SKIP","floor":8.0},{"not_picked":["Flex","Demon Form","Dropkick"],"picked":"SKIP","floor":10.0},{"not_picked":["Flex","Dropkick"],"picked":"Demon Form","floor":10.0},{"not_picked":["Twin Strike","Shrug It Off","Pommel Strike"],"picked":"SKIP","floor":11}],"player_experience":740157,"relics_obtained":[{"floor":8.0,"key":"Bottled Flame"},{"floor":9.0,"key":"Pear"},{"floor":10.0,"key":"Sundial"}],"event_choices":[{"damage_healed":0.0,"max_hp_gain":0.0,"max_hp_loss":0.0,"gold_gain":50.0,"event_name":"FaceTrader","player_choice":"Touch","floor":2.0,"gold_loss":0.0,"damage_taken":6.0},{"cards_removed":["Defend_R"],"damage_healed":0,"gold_gain":0,"player_choice":"Card Removal","damage_taken":7,"max_hp_gain":0,"max_hp_loss":0,"event_name":"Golden Wing","floor":14,"gold_loss":0}],"is_beta":false,"boss_relics":[],"items_purged_floors":[3,7],"is_endless":false,"potions_floor_spawned":[4,5],"killed_by":"Slime Boss","ascension_level":20}