{"gold_per_floor":[117,117,42,58,58,89,89,89,89,117,117,117],"floor_reached":12,"playtime":274,"items_purged":["Strike_R"],"score":218,"play_id":"fb8ffb9c-be28-41dc-a138-87da132ccfe6","local_time":"20190213220000","is_ascension_mode":true,"campfire_choices":[{"data":"Armaments","floor":7,"key":"SMITH"},{"floor":11,"key":"REST"}],"neow_cost":"NONE","seed_source_timestamp":18573199241600,"circlet_count":0,"master_deck":["AscendersBane","Strike_R","Strike_R","Strike_R","Strike_R","Defend_R","Defend_R","Defend_R","Defend_R","Bash","Armaments+1","Double Tap+1"],"relics":["Burning Blood","NeowsBlessing","Lantern","Blue Candle","Toxic Egg 2","Bag of Marbles"],"potions_floor_usage":[12],"damage_taken":[{"damage":0,"enemies":"Small Slimes","floor":1,"turns":1},{"damage":0,"enemies":"Cultist","floor":4,"turns":1},{"damage":0,"enemies":"Gremlin Nob","floor":6,"turns":1},{"damage":58,"enemies":"Lagavulin","floor":10,"turns":8},{"damage":45,"enemies":"3 Sentries","floor":12,"turns":14}],"seed_played":"4219772747047712558","potions_obtained":[{"floor":6,"key":"Weak Potion"}],"is_trial":false,"path_per_floor":["M","?","$","M","?","E","R","T","T","E","R","E"],"character_chosen":"IRONCLAD","items_purchased":[],"campfire_rested":1,"item_purchase_floors":[],"current_hp_per_floor":[74,70,70,75,70,75,75,75,75,23,45,0],"gold":117,"neow_bonus":"THREE_ENEMY_KILL","is_prod":false,"is_daily":false,"chose_seed":false,"campfire_upgraded":1,"win_rate":0,"timestamp":1550088000,"path_taken":["M","?","$","?","?","E","R","?","T","E","R","E"],"build_version":"2019-01-23","purchased_purges":1,"victory":false,"max_hp_per_floor":[75,75,75,75,75,75,75,75,75,75,75,75],"card_choices":[{"not_picked":["Iron Wave","Searing Blow","Clash"],"picked":"SKIP","floor":1},{"not_picked":["True Grit","Bloodletting","Armaments"],"picked":"SKIP","floor":4},{"not_picked":["Entrench","True Grit"],"picked":"Armaments","floor":6},{"not_picked":["Havoc+1","Metallicize"],"picked":"Double Tap+1","floor":10}],"player_experience":743696,"relics_obtained":[{"floor":6,"key":"Blue Candle"},{"floor":8,"key":"Toxic Egg 2"},{"floor":9,"key":"Bag of Marbles"}],"event_choices":[{"damage_healed":0,"gold_gain":0,"player_choice":"Bought 0 Potions","damage_taken":0,"max_hp_gain":0,"max_hp_loss":0,"event_name":"The Woman in Blue","floor":2,"gold_loss":0},{"damage_healed":0,"gold_gain":0,"player_choice":"Success","damage_taken":5,"relics_obtained":["Lantern"],"max_hp_gain":0,"max_hp_loss":0,"event_name":"Scrap Ooze","floor":5,"gold_loss":0}],"is_beta":false,"boss_relics":[],"items_purged_floors":[3],"is_endless":false,"potions_floor_spawned":[6],"killed_by":"3 Sentries","ascension_level":20}