{"gold_per_floor":[115,115,129,139,152,152,163,173,173,189,18,36,48,48,48,48],"floor_reached":16,"playtime":502,"items_purged":[],"score":196,"play_id":"fd9399a9-8c3b-452b-baaa-24e07e537786","local_time":"20190209135212","is_ascension_mode":true,"campfire_choices":[{"data":"Neutralize","floor":6,"key":"SMITH"},{"data":"Crippling Poison","floor":15,"key":"SMITH"}],"neow_cost":"NONE","seed_source_timestamp":2206809823504,"circlet_count":0,"master_deck":["AscendersBane","Defend_G","Defend_G","Defend_G","Strike_G","Strike_G","Strike_G","Survivor","Neutralize+1","Acrobatics+1","Infinite Blades+1","Setup+1","Poisoned Stab","Well Laid Plans","Masterful Stab","Crippling Poison+1","Dagger Spray","Dagger Spray","Terror","Die Die Die","Corpse Explosion","Predator"],"relics":["Astrolabe","Matryoshka"],"potions_floor_usage":[8,8,10,13],"damage_taken":[{"damage":9,"enemies":"2 Louse","floor":1,"turns":5},{"damage":0,"enemies":"Cultist","floor":3,"turns":3},{"damage":3,"enemies":"Small Slimes","floor":4,"turns":5},{"damage":4,"enemies":"Blue Slaver","floor":5,"turns":3},{"damage":14,"enemies":"Large Slime","floor":7,"turns":7},{"damage":3,"enemies":"2 Fungi Beasts","floor":8,"turns":3},{"damage":6,"enemies":"Red Slaver","floor":10,"turns":3},{"damage":9,"enemies":"Large Slime","floor":12,"turns":3},{"damage":6,"enemies":"3 Louse","floor":13,"turns":2},{"damage":4,"enemies":"Hexaghost","floor":16,"turns":4}],"seed_played":"-5776689343678353656","potions_obtained":[{"floor":1,"key":"PowerPotion"},{"floor":4,"key":"Ancient Potion"},{"floor":8,"key":"FearPotion"},{"floor":12,"key":"Energy Potion"}],"is_trial":false,"path_per_floor":["M","?","M","M","M","R","M","M","T","M","$","M","M","$","R","B"],"character_chosen":"THE_SILENT","items_purchased":["Die Die Die"],"campfire_rested":0,"item_purchase_floors":[11],"current_hp_per_floor":[50,50,50,47,43,43,29,26,26,20,20,11,5,5,5,1],"gold":48,"neow_bonus":"BOSS_RELIC","is_prod":false,"is_daily":false,"chose_seed":false,"campfire_upgraded":2,"win_rate":0,"timestamp":1549749132,"path_taken":["M","?","M","M","M","R","M","M","T","?","?","M","?","$","R","BOSS"],"build_version":"2019-02-06","purchased_purges":0,"victory":false,"max_hp_per_floor":[66,66,66,66,66,66,66,66,66,66,66,66,66,66,66,66],"card_choices":[{"not_picked":["Sucker Punch","Skewer"],"picked":"Poisoned Stab","floor":1},{"not_picked":["Dagger Spray","Sucker Punch"],"picked":"Well Laid Plans","floor":3},{"not_picked":["Sucker Punch","Expertise"],"picked":"Masterful Stab","floor":4},{"not_picked":["Caltrops","Slice"],"picked":"Crippling Poison","floor":5},{"not_picked":["Crippling Poison","Flechettes"],"picked":"Dagger Spray","floor":7},{"not_picked":["Backstab","Riddle With Holes"],"picked":"Dagger Spray","floor":8},{"not_picked":["Outmaneuver","Noxious Fumes"],"picked":"Terror","floor":10},{"not_picked":["Backflip","Outmaneuver"],"picked":"Corpse Explosion","floor":12},{"not_picked":["Dodge and Roll","Deflect"],"picked":"Predator","floor":13}],"player_experience":1138234,"relics_obtained":[{"floor":9,"key":"Matryoshka"}],"event_choices":[{"cards_removed":["Defend_G"],"damage_healed":0,"gold_gain":0,"player_choice":"Purged","damage_taken":0,"max_hp_gain":0,"max_hp_loss":0,"event_name":"Purifier","floor":2,"gold_loss":0}],"is_beta":true,"boss_relics":[],"items_purged_floors":[],"is_endless":false,"potions_floor_spawned":[1,4,8,12],"killed_by":"Hexaghost","ascension_level":20}