{"path_per_floor":["M","M","M","?","?","R","E","R","T","M","E","M"],"character_chosen":"DEFECT","items_purchased":[],"gold_per_floor":[17,28,43,43,43,43,78,78,101,121,159,179,179],"floor_reached":13,"campfire_rested":0,"playtime":361,"item_purchase_floors":[],"current_hp_per_floor":[68,68,67,49,49,49,36,36,36,28,1,1,0],"items_purged":[],"gold":179,"score":105,"play_id":"ec1fd35f-1dbb-4e26-b4f3-4d462ed1bd93","local_time":"20180520213925","is_prod":false,"is_daily":false,"chose_seed":false,"is_ascension_mode":true,"campfire_upgraded":2,"timestamp":1526848765,"campfire_choices":[{"data":"Hyperbeam","floor":6.0,"key":"SMITH"},{"data":"Gash","floor":8.0,"key":"SMITH"}],"path_taken":["M","M","M","?","?","R","E","R","T","M","E","M","?"],"build_version":"2018-05-18","seed_source_timestamp":0,"purchased_purges":0,"victory":false,"master_deck":["Strike_B","Strike_B","Strike_B","Strike_B","Defend_B","Defend_B","Defend_B","Defend_B","Zap","Dualcast","Hyperbeam+1","Go for the Eyes","Darkness","Capacitor","Regret","Gash+1","Streamline","BootSequence"],"max_hp_per_floor":[75,75,75,75,75,75,75,75,75,75,75,75,75],"relics":["Cracked Core","Golden Idol","Anchor","Regal Pillow","Boot","Ancient Tea Set"],"card_choices":[{"not_picked":["Seek","Biased Cognition"],"picked":"Hyperbeam","floor":0.0},{"not_picked":["Skim","Turbo"],"picked":"Go for the Eyes","floor":1.0},{"not_picked":["Stack","Ball Lightning"],"picked":"Darkness","floor":2.0},{"not_picked":["Hello World","Rebound"],"picked":"Capacitor","floor":3.0},{"not_picked":["Barrage","Ball Lightning"],"picked":"Gash","floor":7.0},{"not_picked":["Chaos","Axe Kick"],"picked":"Streamline","floor":10.0},{"not_picked":["Turbo","Stack","Rebound"],"picked":"SKIP","floor":11},{"not_picked":["Steam Power","Stack"],"picked":"BootSequence","floor":12}],"player_experience":170550,"potions_floor_usage":[12],"damage_taken":[{"damage":7.0,"enemies":"Jaw Worm","floor":1.0,"turns":2.0},{"damage":0.0,"enemies":"Small Slimes","floor":2.0,"turns":2.0},{"damage":1.0,"enemies":"Cultist","floor":3.0,"turns":3.0},{"damage":13.0,"enemies":"3 Sentries","floor":7.0,"turns":4.0},{"damage":8.0,"enemies":"Gremlin Gang","floor":10.0,"turns":2.0},{"damage":27,"enemies":"Lagavulin","floor":11,"turns":6},{"damage":0,"enemies":"Large Slime","floor":12,"turns":4},{"damage":1,"enemies":"Exordium Thugs","floor":13,"turns":1}],"relics_obtained":[{"floor":7.0,"key":"Regal Pillow"},{"floor":9.0,"key":"Boot"},{"floor":11,"key":"Ancient Tea Set"}],"event_choices":[{"event_name":"Golden Idol","player_choice":"Take Damage","floor":4.0,"damage_taken":0.0},{"event_name":"Big Fish","player_choice":"Box","floor":5.0,"damage_taken":0.0}],"boss_relics":[],"items_purged_floors":[],"potions_floor_spawned":[7,10,11,12],"seed_played":"3744969175993273221","killed_by":"Exordium Thugs","ascension_level":2,"potions_obtained":[{"floor":7.0,"key":"FearPotion"},{"floor":10.0,"key":"Energy Potion"},{"floor":11,"key":"FocusPotion"},{"floor":12,"key":"SteroidPotion"}],"is_trial":false}