{"path_per_floor":["M","?","?","$","?","R","M","?","T","M","E","M","R","M","R","B",null,"M","?","?","$","?","E","R","M","T","T","M","E","R","M","R","B",null,"M","?","M","M","T","R","$","M","T","M","E","$","M","M","R","B"],"character_chosen":"IRONCLAD","items_purchased":["Self Forming Clay","Armaments","Apotheosis","Thread and Needle","Corruption","Intimidate","Strength Potion"],"gold_per_floor":[114,114,114,39,214,214,229,229,229,244,274,289,289,304,304,404,404,419,419,369,74,74,104,104,119,119,419,434,464,464,479,479,579,579,594,594,609,624,699,699,410,425,425,440,470,6,21,36,36,36],"floor_reached":51,"campfire_rested":1,"playtime":4941,"current_hp_per_floor":[82,82,65,65,65,65,76,76,76,85,75,80,80,84,79,77,86,78,78,78,78,78,78,78,80,80,80,70,57,57,86,81,85,85,69,69,66,47,47,91,91,76,76,67,53,53,69,81,81,68],"items_purged":["Wild Strike","Perfected Strike"],"gold":36,"score":819,"play_id":"5f346eed-2767-46f8-9cd5-284803b9739a","local_time":"20180308020046","daily_mods":[{"name":"Shiny","description":"Start with 1 Rare card.","modID":"Shiny","img":{"data":{"file":{"file":{"path":"images\\ui\\run_mods\\shiny.png"},"type":"Internal"},"width":64,"height":64,"format":"RGBA8888","useMipMaps":false,"isPrepared":false},"glTarget":3553,"glHandle":684,"minFilter":"Linear","magFilter":"Linear","uWrap":"ClampToEdge","vWrap":"ClampToEdge"},"positive":true},{"name":"Insanity","description":"Start with a random deck of 50 cards.","modID":"Insanity","img":{"data":{"file":{"file":{"path":"images\\ui\\run_mods\\restless_journey.png"},"type":"Internal"},"width":64,"height":64,"format":"RGBA8888","useMipMaps":false,"isPrepared":false},"glTarget":3553,"glHandle":676,"minFilter":"Linear","magFilter":"Linear","uWrap":"ClampToEdge","vWrap":"ClampToEdge"},"positive":false},{"name":"Night Terrors","description":"Resting at Rest Sites heals 100% of your HP, but costs 5 max HP.","modID":"Night Terrors","img":{"data":{"file":{"file":{"path":"images\\ui\\run_mods\\night_terrors.png"},"type":"Internal"},"width":64,"height":64,"format":"RGBA8888","useMipMaps":false,"isPrepared":false},"glTarget":3553,"glHandle":678,"minFilter":"Linear","magFilter":"Linear","uWrap":"ClampToEdge","vWrap":"ClampToEdge"},"positive":false}],"is_prod":false,"is_daily":true,"is_ascension_mode":false,"campfire_upgraded":6,"timestamp":1520474446,"path_taken":["M","?","?","$","?","R","?","?","T","M","E","?","R","M","R","BOSS","M","?","?","$","?","E","R","M","T","?","?","E","R","M","R","BOSS","M","?","M","M","?","R","?","M","T","M","E","$","M","M","R","BOSS"],"build_version":"2018-03-06-BETA","purchased_purges":3,"victory":true,"master_deck":["Demon Form","Impervious","Shockwave","Spot Weakness","Dropkick","Feel No Pain","Limit Break+1","Blood for Blood","Carnage","Berserk","Feed+1","Searing Blow","Impervious","Limit Break","Second Wind","Feed","Exhume+1","Metallicize","Spot Weakness","Clothesline","Double Tap","Blood for Blood","Warcry","Hemokinesis","Berserk","Metallicize","Burning Pact","Carnage","Whirlwind","True Grit+1","Dark Embrace","Double Tap","Clothesline","Brutality","Feel No Pain","Second Wind","Heavy Blade","Battle Trance","Bash","Power Through","Flame Barrier","Demon Form","Iron Wave+1","Double Tap","Feed+1","Metallicize","Reaper","Armaments+1","Feed","Fire Breathing","Sever Soul","Armaments+1","Searing Blow+1","Evolve+1","Intimidate","Battle Trance","Offering","Corruption+1","Inflame+1","Twin Strike+1","Apotheosis","Armaments+1","Inflame","Armaments+1","Corruption","Intimidate","Thunderclap+1","Clothesline+1"],"max_hp_per_floor":[83,83,83,83,83,78,81,81,81,85,85,85,80,84,79,86,86,86,86,86,86,86,93,88,88,88,88,88,91,86,86,81,85,85,85,85,89,96,96,91,91,91,91,91,105,105,109,113,108,108],"relics":["Burning Blood","Red Skull","Shuriken","Velvet Choker","Self Forming Clay","Bird Faced Urn","Ginger","Old Coin","Orichalcum","Mark of Pain","Mummified Hand","Shovel","Pear","Thread and Needle","Calipers"],"card_choices":[{"not_picked":["Body Slam","Inflame"],"picked":"Armaments"},{"not_picked":["Brutality","Juggernaut"],"picked":"Feed"},{"not_picked":["True Grit","Combust"],"picked":"Fire Breathing"},{"not_picked":["Brutality","Wild Strike"],"picked":"Searing Blow"},{"not_picked":["Headbutt","Intimidate"],"picked":"Evolve"},{"not_picked":["Demon Form","Disarm"],"picked":"Intimidate"},{"not_picked":["Twin Strike","Hemokinesis"],"picked":"Battle Trance"},{"not_picked":["Demon Form","Limit Break"],"picked":"Offering"},{"not_picked":["Warcry","Anger"],"picked":"Corruption"},{"not_picked":["Power Through","Second Wind"],"picked":"Inflame"},{"not_picked":["Intimidate","Warcry"],"picked":"Twin Strike"},{"not_picked":["Evolve","Shrug It Off"],"picked":"Armaments"},{"not_picked":["Cleave","Reckless Charge"],"picked":"Inflame"},{"not_picked":["Dark Embrace","Body Slam"],"picked":"Armaments"},{"not_picked":["True Grit","Iron Wave"],"picked":"Thunderclap"},{"not_picked":["Iron Wave","Searing Blow"],"picked":"Clothesline"}],"player_experience":19212,"potions_floor_usage":[11,23,23,29,33,45,45,50,50,50],"damage_taken":[{"damage":7,"enemies":"Jaw Worm","floor":1,"turns":3},{"damage":1,"enemies":"Small Slimes","floor":7,"turns":6},{"damage":0,"enemies":"2 Louse","floor":10,"turns":2},{"damage":16,"enemies":"Lagavulin","floor":11,"turns":7},{"damage":1,"enemies":"Blue Slaver","floor":12,"turns":5},{"damage":1,"enemies":"Exordium Wildlife","floor":14,"turns":3},{"damage":25,"enemies":"Slime Boss","floor":16,"turns":11},{"damage":14,"enemies":"Shell Parasite","floor":18,"turns":5},{"damage":28,"enemies":"Slavers","floor":23,"turns":7},{"damage":16,"enemies":"Chosen","floor":25,"turns":9},{"damage":36,"enemies":"Slaver and Parasite","floor":28,"turns":7},{"damage":28,"enemies":"Book of Stabbing","floor":29,"turns":5},{"damage":16,"enemies":"Snecko","floor":31,"turns":5},{"damage":18,"enemies":"Champ","floor":33,"turns":8},{"damage":24,"enemies":"Orb Walker","floor":35,"turns":4},{"damage":19,"enemies":"3 Darklings","floor":37,"turns":6},{"damage":44,"enemies":"4 Shapes","floor":38,"turns":7},{"damage":27,"enemies":"Spire Growth","floor":42,"turns":5},{"damage":21,"enemies":"3 Darklings","floor":44,"turns":5},{"damage":44,"enemies":"2 Orb Walkers","floor":45,"turns":6},{"damage":8,"enemies":"Sphere and 2 Shapes","floor":47,"turns":6},{"damage":14,"enemies":"Spire Growth","floor":48,"turns":5},{"damage":45,"enemies":"Time Eater","floor":50,"turns":12}],"event_choices":[{"event_name":"Living Wall","player_choice":"Forget","floor":2,"damage_taken":0},{"event_name":"Shining Light","player_choice":"Entered Light","floor":3,"damage_taken":0},{"event_name":"Liars Game","player_choice":"agreed","floor":5,"damage_taken":0},{"event_name":"Fountain of Cleansing","player_choice":"Removed Curse","floor":8,"damage_taken":0},{"event_name":"Transmorgrifier","player_choice":"Transform","floor":19,"damage_taken":0},{"event_name":"The Joust","player_choice":"Bet on Murderer","floor":20,"damage_taken":0},{"event_name":"Upgrade Shrine","player_choice":"Upgraded","floor":22,"damage_taken":0},{"event_name":"Tomb of Lord Red Mask","player_choice":"Ignored","floor":36,"damage_taken":0}],"boss_relics":[{"not_picked":["Pandora\u0027s Box","White Beast Statue"],"picked":"Velvet Choker"},{"not_picked":["Black Star","Eternal Feather"],"picked":"Mark of Pain"}],"potions_floor_spawned":[1,11,14,18,23,28,33,38,45,47],"seed_played":"2859177087785531697","ascension_level":0,"is_trial":false}