{"path_per_floor":["M","?","?","$","?","R","E","?","T","E","M","R","?","E","R","B",null,"M","?","M","$","M","R","E","R","T","?","M","E","M"],"character_chosen":"DEFECT","items_purchased":["FTL","Barrage","Trip"],"gold_per_floor":[110,110,60,26,26,26,59,59,59,86,104,104,104,134,134,234,234,252,252,263,49,68,68,97,97,124,124,142,177,192,192],"floor_reached":31,"campfire_rested":1,"playtime":1481,"current_hp_per_floor":[69,69,69,69,54,54,43,43,43,50,50,50,32,23,47,22,82,75,75,69,69,49,49,39,39,39,39,27,15,6,0],"items_purged":["Strike_B"],"gold":192,"score":330,"play_id":"e8bbe4fb-cfdd-4780-b6be-45e225758bdb","local_time":"20180510221504","is_prod":false,"is_daily":false,"chose_seed":false,"is_ascension_mode":true,"campfire_upgraded":4,"timestamp":1525986904,"path_taken":["M","?","?","$","?","R","E","?","T","E","M","R","?","E","R","BOSS","M","?","M","$","M","R","E","R","T","?","?","E","M","M"],"build_version":"2018-05-09","seed_source_timestamp":1040940739894971,"purchased_purges":1,"victory":false,"master_deck":["Defend_B","Defend_B+1","Defend_B","Zap","Dualcast+1","Rainbow+1","Double Energy+1","FTL+1","Gash","Capacitor","Machine Learning+1","Echo Form+1","Scrape+1","Amplify+1","Ball Lightning+1","Barrage","Trip","Streamline+1","Glacier+1","Lockon","Beam Cell+1"],"max_hp_per_floor":[75,75,75,75,75,75,75,75,75,82,82,82,82,82,82,82,82,82,82,82,82,82,82,82,82,82,82,82,82,82,82],"relics":["Cracked Core","Prayer Wheel","Ornamental Fan","Strawberry","Bag of Preparation","Cables","Astrolabe","Vajra","Orichalcum","Dream Catcher","Anchor"],"card_choices":[{"not_picked":["Axe Kick","Rebound"],"picked":"Double Energy","floor":1},{"not_picked":["Sweeping Beam","Steam"],"picked":"Gash","floor":7},{"not_picked":["Axe Kick","Melter"],"picked":"Static Discharge","floor":9},{"not_picked":["Rip and Tear","Steam"],"picked":"Capacitor","floor":10},{"not_picked":["Sweeping Beam","Capacitor"],"picked":"Machine Learning","floor":11},{"not_picked":["Biased Cognition","Fusion"],"picked":"Echo Form","floor":16},{"not_picked":["Doom and Gloom","Cold Snap"],"picked":"Streamline","floor":22},{"not_picked":["Melter","Rebound"],"picked":"Glacier","floor":24},{"not_picked":["Ball Lightning","Turbo"],"picked":"Lockon","floor":26},{"not_picked":["Force Field","Darkness"],"picked":"Beam Cell","floor":29}],"player_experience":128679,"potions_floor_usage":[18,24,24,29],"damage_taken":[{"damage":6,"enemies":"Jaw Worm","floor":1,"turns":3},{"damage":11,"enemies":"Lagavulin","floor":7,"turns":6},{"damage":0,"enemies":"Gremlin Nob","floor":10,"turns":3},{"damage":0,"enemies":"Cultist","floor":11,"turns":3},{"damage":9,"enemies":"3 Sentries","floor":14,"turns":7},{"damage":25,"enemies":"The Guardian","floor":16,"turns":8},{"damage":7,"enemies":"3 Byrds","floor":18,"turns":3},{"damage":6,"enemies":"2 Thieves","floor":20,"turns":3},{"damage":20,"enemies":"Snake Plant","floor":22,"turns":3},{"damage":19,"enemies":"Book of Stabbing","floor":24,"turns":4},{"damage":12,"enemies":"Centurion and Healer","floor":28,"turns":6},{"damage":12,"enemies":"Gremlin Leader","floor":29,"turns":8},{"damage":9,"enemies":"Sentry and Sphere","floor":30,"turns":5},{"damage":13,"enemies":"Chosen and Byrds","floor":31,"turns":3}],"event_choices":[{"event_name":"Upgrade Shrine","player_choice":"Upgraded","floor":2,"damage_taken":0},{"event_name":"The Cleric","player_choice":"Card Removal","floor":3,"damage_taken":0},{"event_name":"Shining Light","player_choice":"Entered Light","floor":5,"damage_taken":0},{"event_name":"Living Wall","player_choice":"Grow","floor":8,"damage_taken":0},{"event_name":"Scrap Ooze","player_choice":"success","floor":13,"damage_taken":18},{"event_name":"Back to Basics","player_choice":"Elegance","floor":19,"damage_taken":0},{"event_name":"The Mausoleum","player_choice":"Yes","floor":27,"damage_taken":0}],"boss_relics":[{"not_picked":["Pandora\u0027s Box","Philosopher\u0027s Stone"],"picked":"Astrolabe"}],"potions_floor_spawned":[7,14,18,22,24,28],"seed_played":"-4249739853432485925","killed_by":"Chosen and Byrds","ascension_level":1,"is_trial":false}