{"gold_per_floor":[112,37,54,68,68,99,99,99,99,99,114,114,169,69,69,69],"floor_reached":16,"playtime":309,"items_purged":["Strike_R","Strike_R"],"score":196,"play_id":"bd1693d3-9202-4abe-8a7d-391b05a95933","local_time":"20190213040548","is_ascension_mode":true,"campfire_choices":[{"data":"Bash","floor":8,"key":"SMITH"},{"data":"Sword Boomerang","floor":10,"key":"SMITH"},{"data":"Infernal Blade","floor":15,"key":"SMITH"}],"neow_cost":"NONE","seed_source_timestamp":40172515925700,"circlet_count":0,"master_deck":["AscendersBane","Strike_R","Strike_R","Strike_R","Defend_R","Defend_R","Defend_R","Defend_R","Bash+1","Sword Boomerang+1","Infernal Blade","Infernal Blade+1","Pummel"],"relics":["Burning Blood","NeowsBlessing","Pear","Dream Catcher","Self Forming Clay","Omamori"],"potions_floor_usage":[6,16],"damage_taken":[{"damage":0,"enemies":"Cultist","floor":1,"turns":1},{"damage":0,"enemies":"Small Slimes","floor":3,"turns":1},{"damage":0,"enemies":"Jaw Worm","floor":4,"turns":1},{"damage":8,"enemies":"Gremlin Nob","floor":6,"turns":3},{"damage":29,"enemies":"Large Slime","floor":11,"turns":5},{"damage":80,"enemies":"The Guardian","floor":16,"turns":16}],"seed_played":"3620280495757915847","potions_obtained":[{"floor":3,"key":"EssenceOfSteel"},{"floor":4,"key":"Poison Potion"},{"floor":11,"key":"SpeedPotion"}],"is_trial":false,"path_per_floor":["M","$","M","M","?","E","?","R","T","R","M","?","T","$","R","B"],"character_chosen":"IRONCLAD","items_purchased":[],"campfire_rested":0,"item_purchase_floors":[],"current_hp_per_floor":[74,74,75,75,75,83,72,72,72,72,49,54,54,54,54,0],"gold":69,"neow_bonus":"THREE_ENEMY_KILL","is_prod":false,"is_daily":false,"chose_seed":false,"campfire_upgraded":3,"win_rate":0,"timestamp":1550023548,"path_taken":["M","$","M","?","?","E","?","R","T","R","?","?","?","$","R","BOSS"],"build_version":"2019-01-23","purchased_purges":2,"victory":false,"max_hp_per_floor":[75,75,75,75,75,85,85,85,85,85,85,90,90,90,90,90],"card_choices":[{"not_picked":["Twin Strike","Pommel Strike"],"picked":"Sword Boomerang","floor":1},{"not_picked":["Rupture","Second Wind"],"picked":"Infernal Blade","floor":3},{"not_picked":["Corruption","Body Slam"],"picked":"Infernal Blade","floor":4},{"not_picked":["Wild Strike","Armaments","Twin Strike"],"picked":"SKIP","floor":6},{"not_picked":["Corruption","Carnage"],"picked":"Pummel","floor":11}],"player_experience":736650,"relics_obtained":[{"floor":6,"key":"Pear"},{"floor":9,"key":"Self Forming Clay"},{"floor":13,"key":"Omamori"}],"event_choices":[{"damage_healed":0,"gold_gain":0,"player_choice":"Leave","damage_taken":0,"max_hp_gain":0,"max_hp_loss":0,"event_name":"The Cleric","floor":5,"gold_loss":0},{"damage_healed":0,"gold_gain":0,"player_choice":"Success","damage_taken":11,"relics_obtained":["Dream Catcher"],"max_hp_gain":0,"max_hp_loss":0,"event_name":"Scrap Ooze","floor":7,"gold_loss":0},{"damage_healed":0,"gold_gain":0,"player_choice":"Donut","damage_taken":0,"max_hp_gain":5,"max_hp_loss":0,"event_name":"Big Fish","floor":12,"gold_loss":0}],"is_beta":false,"boss_relics":[],"items_purged_floors":[2,14],"is_endless":false,"potions_floor_spawned":[3,4,11],"killed_by":"The Guardian","ascension_level":20}