{"gold_per_floor":[111,111,111,127,139,168,168,182,182,36,56,81,81],"floor_reached":13,"playtime":621,"items_purged":[],"score":94,"play_id":"d8396a33-7ff7-487f-943b-68887e28c08b","local_time":"20190212223832","is_ascension_mode":true,"campfire_choices":[{"floor":7,"key":"REST"}],"neow_cost":"NONE","seed_source_timestamp":108642409310,"circlet_count":0,"master_deck":["Defend_G","Defend_G","Defend_G","Defend_G","Defend_G","Strike_G","Strike_G","Strike_G","Strike_G","Strike_G","Survivor","Neutralize","Bouncing Flask","Caltrops+1","Deflect","Backstab","Prepared","Dagger Throw","Bullet Time","PiercingWail"],"relics":["Ring of the Snake","Tough Bandages","Turnip"],"potions_floor_usage":[],"damage_taken":[{"damage":14,"enemies":"Jaw Worm","floor":1,"turns":4},{"damage":0,"enemies":"2 Louse","floor":4,"turns":2},{"damage":0,"enemies":"Cultist","floor":5,"turns":3},{"damage":54,"enemies":"Lagavulin","floor":6,"turns":10},{"damage":16,"enemies":"Exordium Thugs","floor":8,"turns":6},{"damage":4,"enemies":"Exordium Wildlife","floor":11,"turns":3},{"damage":16,"enemies":"Gremlin Gang","floor":13,"turns":3}],"seed_played":"-8867607405241461172","potions_obtained":[{"floor":1,"key":"Energy Potion"},{"floor":11,"key":"LiquidBronze"}],"is_trial":false,"path_per_floor":["M","?","?","M","M","E","R","M","T","$","M","T","M"],"character_chosen":"THE_SILENT","items_purchased":["Bullet Time"],"campfire_rested":1,"item_purchase_floors":[10],"current_hp_per_floor":[56,56,56,56,56,2,23,7,7,7,3,3,0],"gold":81,"neow_bonus":"THREE_CARDS","is_prod":false,"is_daily":false,"chose_seed":false,"campfire_upgraded":0,"win_rate":0,"timestamp":1550032712,"path_taken":["M","?","?","M","M","E","R","M","T","?","M","?","?"],"build_version":"2019-01-23","purchased_purges":0,"victory":false,"max_hp_per_floor":[70,70,70,70,70,70,70,70,70,70,70,70,70],"card_choices":[{"not_picked":["Calculated Gamble","Dagger Throw"],"picked":"Bouncing Flask","floor":0},{"not_picked":["Bane","Dagger Throw"],"picked":"Caltrops","floor":1},{"not_picked":["Bouncing Flask","Tactician"],"picked":"Deflect","floor":4},{"not_picked":["Bane","Outmaneuver"],"picked":"Backstab","floor":5},{"not_picked":["Bouncing Flask","Catalyst"],"picked":"Prepared","floor":6},{"not_picked":["Setup","Footwork"],"picked":"Dagger Throw","floor":8},{"not_picked":["Outmaneuver","Infinite Blades"],"picked":"PiercingWail","floor":11}],"player_experience":113598,"relics_obtained":[{"floor":6,"key":"Tough Bandages"},{"floor":9,"key":"Turnip"}],"event_choices":[{"damage_healed":0,"gold_gain":0,"player_choice":"Grow","damage_taken":0,"max_hp_gain":0,"max_hp_loss":0,"event_name":"Living Wall","floor":2,"gold_loss":0,"cards_upgraded":["Caltrops"]},{"damage_healed":0,"gold_gain":0,"player_choice":"Ignored","damage_taken":0,"max_hp_gain":0,"max_hp_loss":0,"event_name":"Golden Wing","floor":3,"gold_loss":0}],"is_beta":false,"boss_relics":[],"items_purged_floors":[],"is_endless":false,"potions_floor_spawned":[1,11],"killed_by":"Gremlin Gang","ascension_level":2}