{"path_per_floor":["M","M","?","?","M","E","R","E","T","M","$","M","R","?","R","B",null,"M","$","M","?","$","R","M","M","T","R","M","$"],"character_chosen":"THE_SILENT","items_purchased":["Catalyst","Secret Technique","Infinite Blades","Dexterity Potion","Footwork"],"gold_per_floor":[117,130,130,130,146,177,177,202,270,286,2,15,15,15,15,111,111,129,54,72,72,23,23,40,51,51,51,71,37,37],"floor_reached":30,"campfire_rested":2,"playtime":1228,"item_purchase_floors":[11,11,11,22,29],"current_hp_per_floor":[70,67,67,67,67,58,83,65,65,57,57,54,54,54,54,30,84,81,81,62,62,62,62,40,22,22,47,9,9,0],"items_purged":["Strike_G"],"gold":37,"score":288,"play_id":"68c2086b-57d3-4ffd-86dc-0360610a79b7","local_time":"20180601212845","is_prod":false,"is_daily":false,"chose_seed":false,"is_ascension_mode":true,"campfire_upgraded":3,"win_rate":0,"timestamp":1527884925,"campfire_choices":[{"floor":7,"key":"REST"},{"data":"Secret Technique","floor":13,"key":"SMITH"},{"data":"Catalyst","floor":15,"key":"SMITH"},{"data":"Footwork","floor":23,"key":"SMITH"},{"floor":27,"key":"REST"}],"path_taken":["M","M","?","?","M","E","R","E","T","?","$","?","R","?","R","BOSS","M","$","M","?","$","R","M","M","T","R","M","$","M"],"build_version":"2018-05-30v2","seed_source_timestamp":1680190437536280,"purchased_purges":1,"victory":false,"master_deck":["Defend_G","Defend_G","Defend_G","Defend_G","Strike_G","Strike_G","Strike_G","Survivor","Neutralize","Noxious Fumes","Malaise+1","Bouncing Flask","Outmaneuver","Deadly Poison","Catalyst+1","Secret Technique+1","Infinite Blades","Terror","Night Terror","PiercingWail","PiercingWail","Outmaneuver","Outmaneuver","Footwork+1","Catalyst+1","Escape Plan","Caltrops+1","Footwork"],"max_hp_per_floor":[70,70,70,70,70,84,84,84,84,84,84,84,84,84,84,84,84,84,84,84,84,84,84,84,84,84,84,84,84,84],"relics":["Ring of the Snake","Mango","Snake Skull","Question Card","Orrery","Singing Bowl"],"card_choices":[{"not_picked":["Flying Knee","Prepared"],"picked":"Noxious Fumes","floor":1},{"not_picked":["Dagger Spray","Deflect"],"picked":"Malaise","floor":2},{"not_picked":["Choke","Calculated Gamble"],"picked":"Bouncing Flask","floor":5},{"not_picked":["Finisher","Quick Slash"],"picked":"Outmaneuver","floor":6},{"not_picked":["Expertise","Bane"],"picked":"Deadly Poison","floor":8},{"not_picked":["Cloak And Dagger","Underhanded Strike","Slice","Finisher"],"picked":"SKIP","floor":10},{"not_picked":["Dagger Throw","Choke","Eviscerate"],"picked":"Terror","floor":12},{"not_picked":["Doppelganger","Venomology","Corpse Explosion"],"picked":"Night Terror","floor":16},{"not_picked":["Poisoned Stab","Deadly Poison","Cloak And Dagger"],"picked":"PiercingWail","floor":17},{"not_picked":["Slice","Heel Hook","Prepared"],"picked":"PiercingWail","floor":17},{"not_picked":["Eviscerate","Deflect","Backflip"],"picked":"Outmaneuver","floor":17},{"not_picked":["Bane","Backflip","Deadly Poison"],"picked":"Outmaneuver","floor":17},{"not_picked":["Masterful Stab","Reflex","Slice","Underhanded Strike+1"],"picked":"SKIP","floor":18},{"not_picked":["Quick Slash","Finisher","Malaise"],"picked":"Footwork","floor":20},{"not_picked":["Escape Plan","Calculated Gamble","Crippling Poison+1"],"picked":"Catalyst+1","floor":24},{"not_picked":["Expertise","Prepared","Storm of Steel"],"picked":"Escape Plan","floor":25},{"not_picked":["Deadly Poison","Cloak And Dagger","Terror+1"],"picked":"Caltrops+1","floor":28}],"player_experience":231841,"potions_floor_usage":[10,20,30],"damage_taken":[{"damage":0,"enemies":"2 Louse","floor":1,"turns":4},{"damage":3,"enemies":"Jaw Worm","floor":2,"turns":4},{"damage":0,"enemies":"Cultist","floor":5,"turns":5},{"damage":23,"enemies":"3 Sentries","floor":6,"turns":8},{"damage":18,"enemies":"Lagavulin","floor":8,"turns":6},{"damage":8,"enemies":"3 Louse","floor":10,"turns":3},{"damage":3,"enemies":"Red Slaver","floor":12,"turns":4},{"damage":24,"enemies":"Slime Boss","floor":16,"turns":9},{"damage":3,"enemies":"Spheric Guardian","floor":18,"turns":3},{"damage":19,"enemies":"Chosen","floor":20,"turns":6},{"damage":22,"enemies":"Snake Plant","floor":24,"turns":8},{"damage":18,"enemies":"Centurion and Healer","floor":25,"turns":6},{"damage":38,"enemies":"Chosen and Byrds","floor":28,"turns":7},{"damage":14,"enemies":"Sentry and Sphere","floor":30,"turns":3}],"relics_obtained":[{"floor":6,"key":"Mango"},{"floor":8,"key":"Snake Skull"},{"floor":9,"key":"Question Card"},{"floor":26,"key":"Singing Bowl"}],"event_choices":[{"event_name":"Living Wall","player_choice":"Grow","floor":3,"damage_taken":0},{"event_name":"Bonfire Elementals","player_choice":"BASIC","floor":4,"damage_taken":0},{"event_name":"The Cleric","player_choice":"Leave","floor":14,"damage_taken":0},{"event_name":"Back to Basics","player_choice":"Elegance","floor":21,"damage_taken":0}],"boss_relics":[{"not_picked":["Astrolabe","Tiny House"],"picked":"Orrery"}],"items_purged_floors":[19],"potions_floor_spawned":[5,8,12,16,24,25,28],"seed_played":"-4062895445693602132","killed_by":"Sentry and Sphere","ascension_level":4,"potions_obtained":[{"floor":5,"key":"Ancient Potion"},{"floor":8,"key":"AttackPotion"},{"floor":12,"key":"Ancient Potion"},{"floor":16,"key":"GhostInAJar"},{"floor":28,"key":"PowerPotion"}],"is_trial":false}