{"gold_per_floor":[109,27,44,44,44,44,55,88,88,119,141,121,136,86,86,186,186,197,212,224,249,348,380,399,399,399,399,410,427,170,186,186,284,284,297,297,307,529,539,539,571,376,403,31,31,31,50,62,62,62],"floor_reached":51,"playtime":2581,"items_purged":["Defend_B","Strike_B","Strike_B","Writhe"],"score":1196,"play_id":"50429cc0-f58f-40ec-aec2-ce840fe053c3","local_time":"20190130202006","is_ascension_mode":true,"campfire_choices":[{"data":"Zap","floor":6,"key":"SMITH"},{"floor":15,"key":"REST"},{"data":"Fission","floor":32,"key":"SMITH"},{"data":"Hologram","floor":40,"key":"SMITH"},{"data":"Dualcast","floor":45,"key":"SMITH"},{"data":"Beam Cell","floor":49,"key":"SMITH"}],"neow_cost":"TEN_PERCENT_HP_LOSS","seed_source_timestamp":1740855803663591,"circlet_count":0,"master_deck":["AscendersBane","Defend_B+1","Defend_B","Zap+1","Dualcast+1","Gash","Flash of Steel","Leap","Hologram+1","Streamline","Self Repair","All For One","Gash","FTL","Beam Cell+1","Rebound+1","Steam+1","FTL","Fission+1","All For One","Gash+1","Secret Weapon+1","Madness","Madness"],"relics":["FrozenCore","Nunchaku","FossilizedHelix","Anchor","Gambling Chip","Smiling Mask","Odd Mushroom","Red Mask","Ancient Tea Set","Unceasing Top","Bottled Lightning","Lee\u0027s Waffle","Empty Cage","Pen Nib","Vajra","Bag of Marbles","War Paint"],"potions_floor_usage":[8,21,23,33,33,50],"damage_taken":[{"damage":1,"enemies":"Cultist","floor":1,"turns":3},{"damage":2,"enemies":"Jaw Worm","floor":3,"turns":3},{"damage":0,"enemies":"Small Slimes","floor":7,"turns":3},{"damage":16,"enemies":"3 Sentries","floor":8,"turns":9},{"damage":25,"enemies":"Gremlin Nob","floor":10,"turns":5},{"damage":7,"enemies":"The Mushroom Lair","floor":11,"turns":5},{"damage":0,"enemies":"3 Louse","floor":13,"turns":2},{"damage":9,"enemies":"Slime Boss","floor":16,"turns":8},{"damage":8,"enemies":"2 Thieves","floor":18,"turns":4},{"damage":6,"enemies":"3 Byrds","floor":19,"turns":4},{"damage":22,"enemies":"Cultist and Chosen","floor":20,"turns":8},{"damage":0,"enemies":"Masked Bandits","floor":21,"turns":4},{"damage":14,"enemies":"Gremlin Leader","floor":23,"turns":6},{"damage":13,"enemies":"Snecko","floor":24,"turns":5},{"damage":0,"enemies":"Chosen and Byrds","floor":28,"turns":4},{"damage":21,"enemies":"3 Cultists","floor":29,"turns":6},{"damage":4,"enemies":"Centurion and Healer","floor":31,"turns":6},{"damage":16,"enemies":"Collector","floor":33,"turns":7},{"damage":0,"enemies":"Orb Walker","floor":35,"turns":3},{"damage":5,"enemies":"3 Shapes","floor":37,"turns":5},{"damage":0,"enemies":"Maw","floor":39,"turns":6},{"damage":0,"enemies":"Giant Head","floor":41,"turns":2},{"damage":0,"enemies":"Jaw Worm Horde","floor":47,"turns":3},{"damage":0,"enemies":"Spire Growth","floor":48,"turns":3},{"damage":31,"enemies":"Awakened One","floor":50,"turns":7}],"seed_played":"993258826526303491","potions_obtained":[{"floor":7,"key":"Fire Potion"},{"floor":11,"key":"SteroidPotion"},{"floor":12,"key":"Dexterity Potion"},{"floor":13,"key":"Regen Potion"},{"floor":21,"key":"LiquidBronze"},{"floor":28,"key":"Ancient Potion"},{"floor":33,"key":"Poison Potion"},{"floor":37,"key":"Block Potion"}],"is_trial":false,"path_per_floor":["M","$","M","?","?","R","M","E","T","E","?","?","M","$","R","B",null,"M","M","M","?","?","E","M","?","T","?","M","M","$","M","R","B",null,"M","?","M","?","M","R","E","$","T","$","R","?","M","M","R","B",null],"character_chosen":"DEFECT","items_purchased":["Flash of Steel","Lee\u0027s Waffle","Vajra","Secret Weapon","War Paint"],"campfire_rested":1,"item_purchase_floors":[2,30,42,44,44],"current_hp_per_floor":[67,67,65,47,68,68,68,52,52,27,20,20,20,20,40,38,61,53,54,39,58,58,51,45,45,45,45,52,38,75,75,75,66,73,75,75,70,70,75,75,75,75,75,75,75,66,73,73,73,49],"gold":62,"neow_bonus":"ONE_RARE_RELIC","is_prod":false,"is_daily":false,"chose_seed":false,"campfire_upgraded":5,"win_rate":0,"timestamp":1548879606,"path_taken":["M","$","?","?","?","R","M","E","T","E","?","?","?","$","R","BOSS","M","M","?","?","?","E","?","?","T","?","M","M","$","M","R","BOSS","M","?","M","?","M","R","E","$","T","$","R","?","M","M","R","BOSS"],"build_version":"2019-01-23","purchased_purges":4,"victory":true,"max_hp_per_floor":[68,68,68,68,68,68,68,68,68,68,68,68,68,68,68,68,68,68,68,68,68,68,68,68,68,68,68,68,68,75,75,75,75,75,75,75,75,75,75,75,75,75,75,75,75,75,75,75,75,75],"card_choices":[{"not_picked":["Fusion","Cold Snap"],"picked":"Gash","floor":1},{"not_picked":["Barrage","Fission","Recycle"],"picked":"SKIP","floor":3},{"not_picked":["Sweeping Beam","Rebound"],"picked":"Leap","floor":7},{"not_picked":["Steam","Consume"],"picked":"Hologram","floor":8},{"not_picked":["Compile Driver","Scrape","Ball Lightning"],"picked":"SKIP","floor":10},{"not_picked":["Reinforced Body","Ball Lightning"],"picked":"Streamline","floor":11},{"not_picked":["Steam Power","Cold Snap"],"picked":"Self Repair","floor":13},{"not_picked":["Fission","Machine Learning"],"picked":"All For One","floor":16},{"not_picked":["Hologram","Fusion"],"picked":"Gash","floor":18},{"not_picked":["Hologram","Ball Lightning+1"],"picked":"FTL","floor":19},{"not_picked":["Ball Lightning","Capacitor"],"picked":"Beam Cell","floor":20},{"not_picked":["Barrage","Go for the Eyes","Reprogram"],"picked":"SKIP","floor":23},{"not_picked":["Conserve Battery","Amplify"],"picked":"Rebound+1","floor":24},{"not_picked":["Stack+1","Melter"],"picked":"Steam+1","floor":28},{"not_picked":["Coolheaded+1","Redo"],"picked":"FTL","floor":29},{"not_picked":["Compile Driver","Ball Lightning"],"picked":"Fission","floor":31},{"not_picked":["Hyperbeam","Machine Learning"],"picked":"All For One","floor":33},{"not_picked":["Turbo+1","Fusion","Sweeping Beam+1"],"picked":"SKIP","floor":35},{"not_picked":["Ball Lightning","Beam Cell","Genetic Algorithm+1"],"picked":"SKIP","floor":37},{"not_picked":["Turbo","Aggregate+1"],"picked":"Gash+1","floor":39},{"not_picked":["Leap","Storm+1","Sweeping Beam"],"picked":"SKIP","floor":41},{"not_picked":["Leap+1","Barrage","Cold Snap+1"],"picked":"SKIP","floor":47},{"not_picked":["Loop","Coolheaded","Barrage+1"],"picked":"SKIP","floor":48}],"player_experience":524972,"relics_obtained":[{"floor":8,"key":"Anchor"},{"floor":9,"key":"Gambling Chip"},{"floor":10,"key":"Smiling Mask"},{"floor":11,"key":"Odd Mushroom"},{"floor":21,"key":"Red Mask"},{"floor":23,"key":"Ancient Tea Set"},{"floor":26,"key":"Bottled Lightning"},{"floor":41,"key":"Pen Nib"},{"floor":43,"key":"Bag of Marbles"}],"event_choices":[{"damage_healed":0,"gold_gain":0,"player_choice":"Success","damage_taken":18,"relics_obtained":["FossilizedHelix"],"max_hp_gain":0,"max_hp_loss":0,"event_name":"Scrap Ooze","floor":4,"gold_loss":0},{"damage_healed":22,"gold_gain":0,"player_choice":"Banana","damage_taken":0,"max_hp_gain":0,"max_hp_loss":0,"event_name":"Big Fish","floor":5,"gold_loss":0},{"damage_healed":0,"gold_gain":0,"player_choice":"Fought Mushrooms","damage_taken":0,"max_hp_gain":0,"max_hp_loss":0,"event_name":"Mushrooms","floor":11,"gold_loss":0},{"damage_healed":0,"gold_gain":0,"player_choice":"Bought 1 Potion","damage_taken":0,"max_hp_gain":0,"max_hp_loss":0,"event_name":"The Woman in Blue","floor":12,"gold_loss":0},{"damage_healed":0,"gold_gain":0,"player_choice":"Fought Bandits","damage_taken":0,"max_hp_gain":0,"max_hp_loss":0,"event_name":"Masked Bandits","floor":21,"gold_loss":0},{"damage_healed":0,"gold_gain":99,"player_choice":"Stole From Cult","damage_taken":0,"max_hp_gain":0,"max_hp_loss":0,"event_name":"Nest","floor":22,"gold_loss":0},{"damage_healed":0,"gold_gain":0,"player_choice":"Opened","damage_taken":0,"relics_obtained":["Unceasing Top"],"max_hp_gain":0,"max_hp_loss":0,"event_name":"The Mausoleum","floor":25,"gold_loss":0,"cards_obtained":["Writhe"]},{"damage_healed":0,"gold_gain":0,"player_choice":"Ignored","damage_taken":0,"max_hp_gain":0,"max_hp_loss":0,"event_name":"N\u0027loth","floor":27,"gold_loss":0},{"cards_removed":["Strike_B"],"damage_healed":0,"gold_gain":0,"player_choice":"Removed Attack","damage_taken":0,"max_hp_gain":0,"max_hp_loss":0,"event_name":"Falling","floor":36,"gold_loss":0},{"damage_healed":0,"gold_gain":222,"player_choice":"Wore Mask","damage_taken":0,"max_hp_gain":0,"max_hp_loss":0,"event_name":"Tomb of Lord Red Mask","floor":38,"gold_loss":0},{"damage_healed":0,"gold_gain":0,"player_choice":"Embrace Madness","damage_taken":9,"max_hp_gain":0,"max_hp_loss":0,"event_name":"Winding Halls","floor":46,"gold_loss":0,"cards_obtained":["Madness","Madness"]}],"is_beta":true,"boss_relics":[{"not_picked":["Lizard Tail","Eternal Feather"],"picked":"FrozenCore"},{"not_picked":["Coffee Dripper","Runic Pyramid"],"picked":"Empty Cage"}],"items_purged_floors":[14,30,42,44],"is_endless":false,"potions_floor_spawned":[7,11,13,16,19,21,28,33,37,41],"ascension_level":11}