{"path_per_floor":["M","?","M","M","?","E","R","E","T","E","M","E","$","E","R","B",null,"M","?","$","M","?","E","R","E","T","M","?","R","E","?","R","B",null,"M","?","$","T","?","E","M","E","T","R","E","M","M","E","R","B"],"character_chosen":"DEFECT","items_purchased":["Potion Belt","Aggregate","Turbo","Capacitor","Apotheosis","Mind Blast","DataDisk","Gremlin Horn"],"gold_per_floor":[114,114,133,152,182,220,220,258,333,371,390,428,131,169,169,294,294,313,313,11,30,30,68,68,106,106,125,125,125,163,184,184,309,309,328,328,8,33,366,396,411,441,441,441,471,486,501,531,531,531],"floor_reached":51,"campfire_rested":1,"playtime":3341,"current_hp_per_floor":[73,55,55,55,30,14,34,66,65,52,59,62,61,60,59,58,57,47,47,47,53,52,51,50,49,48,47,46,45,44,43,42,41,40,39,38,37,36,35,41,40,53,52,51,50,49,48,47,46,45],"items_purged":[],"gold":531,"score":1307,"play_id":"0ae23251-5928-4300-8b68-b99481dbc326","local_time":"20180513221724","daily_mods":["Insanity","Elite Swarm","Terminal"],"is_prod":false,"is_daily":true,"chose_seed":false,"is_ascension_mode":false,"campfire_upgraded":4,"timestamp":1526246244,"path_taken":["M","?","M","M","?","E","R","E","T","E","M","E","$","E","R","BOSS","M","?","$","M","?","E","R","E","T","?","?","R","E","?","R","BOSS","M","?","?","?","?","E","?","E","T","R","E","M","M","E","R","BOSS"],"build_version":"2018-05-12v2","seed_source_timestamp":37484574968532,"purchased_purges":1,"victory":true,"master_deck":["Static Discharge","Multi-Cast","Meteor Strike","Axe Kick","Buffer","Static Discharge","Self Repair","Storm","Force Field","Lockon","Auto Shields","BootSequence","Doom and Gloom","Lockon","Static Discharge","Self Repair","Double Energy","Conserve Battery","Buffer","Hologram+1","Meteor Strike","Meteor Strike","Meteor Strike","All For One","Hello World","Rebound","Self Repair","Fusion","Go for the Eyes","Biased Cognition","Hello World","Consume+1","Sweeping Beam","White Noise","Buffer","Echo Form","Turbo","Scrape","Static Discharge","Impulse","FTL","Echo Form","Genetic Algorithm","Fission","Chill","All For One","Blizzard","Scrape","Reprogram+1","Stack","Stack","White Noise","Seek+1","Electrodynamics","Seek+1","Turbo+1","Electrodynamics+1","Aggregate+1","Turbo+1","Capacitor+1","Reboot+1","Machine Learning+1","Go for the Eyes+1","Apotheosis+1","Mind Blast+1","Skim+1","Multi-Cast+1","Meteor Strike","Sunder+1","Seek+1","Capacitor+1","Seek+1","Rebound+1","Reinforced Body+1","Heatsinks+1","Gash","Capacitor+1","Heatsinks+1","Hologram+1","Fusion+1","Meteor Strike","Skim+1","Hologram+1","Seek+1"],"max_hp_per_floor":[73,72,71,70,69,68,67,66,65,64,63,62,61,60,59,58,57,56,55,54,53,52,51,50,49,48,47,46,45,44,43,42,41,40,39,38,37,36,35,41,40,53,52,51,50,49,48,47,46,45],"relics":["Cracked Core","Tiny Chest","Ancient Tea Set","Smiling Mask","Toxic Egg 2","Symbiotic Virus","Frozen Egg 2","Potion Belt","Dodecahedron","Black Star","Dream Catcher","Bag of Preparation","Matryoshka","Pantograph","Shuriken","The Courier","Bottled Lightning","Cables","Red Mask","Orrery","DataDisk","Gremlin Horn","Kunai","Oddly Smooth Stone","Singing Bowl","Lantern","Shovel","Mango","Art of War","Bag of Marbles","Juzu Bracelet","War Paint","Centennial Puzzle","Mummified Hand","Blood Vial"],"card_choices":[{"not_picked":["Hologram","Sweeping Beam"],"picked":"Stack","floor":1},{"not_picked":["Axe Kick","Ball Lightning"],"picked":"Stack","floor":3},{"not_picked":["Static Discharge","Capacitor"],"picked":"White Noise","floor":4},{"not_picked":["Amplify","Nova"],"picked":"Seek","floor":6},{"not_picked":["Machine Learning","Amplify"],"picked":"Electrodynamics","floor":8},{"not_picked":["Meteor Strike","Nova"],"picked":"Seek+1","floor":10},{"not_picked":["Axe Kick","Cold Snap"],"picked":"Turbo+1","floor":11},{"not_picked":["Echo Form","Multi-Cast+1"],"picked":"Electrodynamics","floor":12},{"not_picked":["Biased Cognition+1","Machine Learning+1"],"picked":"Reboot+1","floor":14},{"not_picked":["Electrodynamics+1","Echo Form+1"],"picked":"Machine Learning+1","floor":16},{"not_picked":["Leap+1","Loop+1"],"picked":"Go for the Eyes+1","floor":18},{"not_picked":["Streamline","Steam Power+1"],"picked":"Skim+1","floor":21},{"not_picked":["Hyperbeam","All For One"],"picked":"Multi-Cast+1","floor":23},{"not_picked":["Hyperbeam","Thunder Strike"],"picked":"Meteor Strike","floor":25},{"not_picked":["Auto Shields+1","Conserve Battery+1"],"picked":"Sunder","floor":27},{"not_picked":["Amplify+1","Echo Form+1"],"picked":"Seek+1","floor":30},{"not_picked":["Skim+1","Steam+1"],"picked":"Capacitor+1","floor":31},{"not_picked":["Amplify+1","Meteor Strike"],"picked":"Seek+1","floor":33},{"not_picked":["Sweeping Beam","Consume+1"],"picked":"Rebound+1","floor":34},{"not_picked":["Sweeping Beam+1","Streamline"],"picked":"Reinforced Body+1","floor":34},{"not_picked":["Rebound","Barrage"],"picked":"Heatsinks+1","floor":34},{"not_picked":["Coolheaded+1","Cold Snap"],"picked":"Gash","floor":34},{"not_picked":["Coolheaded+1","Heatsinks+1"],"picked":"Capacitor+1","floor":34},{"not_picked":["Steam+1","Stack+1"],"picked":"Heatsinks+1","floor":35},{"not_picked":["Echo Form+1","Rainbow+1","All For One"],"picked":"Singing Bowl","floor":40},{"not_picked":["Barrage","Loop+1"],"picked":"Hologram+1","floor":41},{"not_picked":["Hyperbeam","Electrodynamics+1"],"picked":"Fusion+1","floor":42},{"not_picked":["Fission+1","Electrodynamics+1"],"picked":"Meteor Strike","floor":45},{"not_picked":["Reinforced Body+1","Loop+1"],"picked":"Skim+1","floor":46},{"not_picked":["Defragment+1","Doom and Gloom+1"],"picked":"Hologram+1","floor":47},{"not_picked":["Creative AI+1","Reboot+1"],"picked":"Seek+1","floor":48}],"player_experience":141473,"potions_floor_usage":[16,33,40,40,50,50,50,50,50,50],"damage_taken":[{"damage":3,"enemies":"Small Slimes","floor":1,"turns":3},{"damage":0,"enemies":"Jaw Worm","floor":3,"turns":3},{"damage":0,"enemies":"Cultist","floor":4,"turns":2},{"damage":23,"enemies":"Gremlin Nob","floor":6,"turns":4},{"damage":0,"enemies":"Lagavulin","floor":8,"turns":12},{"damage":20,"enemies":"Gremlin Nob","floor":10,"turns":4},{"damage":0,"enemies":"Large Slime","floor":11,"turns":7},{"damage":3,"enemies":"3 Sentries","floor":12,"turns":5},{"damage":0,"enemies":"Lagavulin","floor":14,"turns":4},{"damage":8,"enemies":"The Guardian","floor":16,"turns":7},{"damage":10,"enemies":"2 Thieves","floor":18,"turns":3},{"damage":0,"enemies":"Chosen","floor":21,"turns":3},{"damage":11,"enemies":"Gremlin Leader","floor":23,"turns":7},{"damage":0,"enemies":"Slavers","floor":25,"turns":1},{"damage":0,"enemies":"Snake Plant","floor":27,"turns":1},{"damage":0,"enemies":"Gremlin Leader","floor":30,"turns":2},{"damage":5,"enemies":"Masked Bandits","floor":31,"turns":3},{"damage":0,"enemies":"Collector","floor":33,"turns":4},{"damage":0,"enemies":"3 Shapes","floor":35,"turns":1},{"damage":0,"enemies":"Giant Head","floor":40,"turns":3},{"damage":0,"enemies":"Flame Bruiser 1 Orb","floor":41,"turns":2},{"damage":0,"enemies":"2 Orb Walkers","floor":42,"turns":2},{"damage":0,"enemies":"Giant Head","floor":45,"turns":1},{"damage":0,"enemies":"Sphere and 2 Shapes","floor":46,"turns":1},{"damage":0,"enemies":"Flame Bruiser 2 Orb","floor":47,"turns":1},{"damage":0,"enemies":"2 Orb Walkers","floor":48,"turns":1},{"damage":6,"enemies":"Awakened One","floor":50,"turns":7}],"event_choices":[{"event_name":"Golden Idol","player_choice":"Take Damage","floor":2,"damage_taken":0},{"event_name":"Scrap Ooze","player_choice":"success","floor":5,"damage_taken":25},{"event_name":"Back to Basics","player_choice":"Simplicity","floor":19,"damage_taken":0},{"event_name":"Addict","player_choice":"Ignored","floor":22,"damage_taken":0},{"event_name":"Drug Dealer","player_choice":"Ignored","floor":28,"damage_taken":0},{"event_name":"Masked Bandits","player_choice":"Fought over 163 gold","floor":31,"damage_taken":0},{"event_name":"Wheel of Change","player_choice":"Card Removal","floor":36,"damage_taken":0},{"event_name":"The Moai Head","player_choice":"Gave Idol","floor":39,"damage_taken":0}],"boss_relics":[{"not_picked":["Nuclear Battery","Sozu"],"picked":"Black Star"},{"not_picked":["Velvet Choker","Pandora\u0027s Box"],"picked":"Orrery"}],"potions_floor_spawned":[3,6,12,14,23,25,30,33,35,40,48],"seed_played":"-8602145227359355025","ascension_level":0,"is_trial":false}