{"gold_per_floor":[117,129,129,149,161,187,187,187,187,187,197,197,209,238,238,238],"floor_reached":16,"playtime":585,"items_purged":[],"score":134,"play_id":"e09be9ba-e714-458c-abee-34e7bad8224b","local_time":"20190209232916","is_ascension_mode":true,"campfire_choices":[{"data":"Cleave","floor":8,"key":"SMITH"},{"floor":10,"key":"REST"},{"data":"Disarm","floor":12,"key":"SMITH"},{"floor":15,"key":"REST"}],"neow_cost":"PERCENT_DAMAGE","seed_source_timestamp":27666837995100,"circlet_count":0,"master_deck":["Strike_R","Strike_R","Strike_R","Defend_R","Defend_R+1","Defend_R","Defend_R","Bash","Clash","Second Wind","Cleave+1","Disarm+1","Armaments+1","Reaper","Inflame"],"relics":["Burning Blood","Blue Candle","Question Card","PreservedInsect"],"potions_floor_usage":[13,14],"damage_taken":[{"damage":1,"enemies":"Cultist","floor":1,"turns":4},{"damage":0,"enemies":"Small Slimes","floor":2,"turns":3},{"damage":1,"enemies":"2 Louse","floor":4,"turns":2},{"damage":9,"enemies":"Red Slaver","floor":5,"turns":5},{"damage":34,"enemies":"Gremlin Nob","floor":6,"turns":5},{"damage":6,"enemies":"Blue Slaver","floor":11,"turns":3},{"damage":12,"enemies":"Exordium Thugs","floor":13,"turns":5},{"damage":17,"enemies":"Lagavulin","floor":14,"turns":6},{"damage":77,"enemies":"Slime Boss","floor":16,"turns":9}],"seed_played":"2579185833613435085","potions_obtained":[{"floor":2,"key":"EssenceOfSteel"},{"floor":4,"key":"LiquidBronze"},{"floor":6,"key":"Ancient Potion"},{"floor":11,"key":"SkillPotion"}],"is_trial":false,"path_per_floor":["M","M","$","M","M","E","?","R","T","R","M","R","M","E","R","B"],"character_chosen":"IRONCLAD","items_purchased":[],"campfire_rested":2,"item_purchase_floors":[],"current_hp_per_floor":[61,67,67,72,69,41,25,25,25,49,49,49,43,32,56,0],"gold":238,"neow_bonus":"TRANSFORM_TWO_CARDS","is_prod":false,"is_daily":false,"chose_seed":false,"campfire_upgraded":2,"win_rate":0,"timestamp":1549751356,"path_taken":["M","M","$","M","M","E","?","R","T","R","M","R","M","E","R","BOSS"],"build_version":"2019-01-23","purchased_purges":0,"victory":false,"max_hp_per_floor":[80,80,80,80,80,80,80,80,80,80,80,80,80,80,80,80],"card_choices":[{"not_picked":["Iron Wave","Clothesline"],"picked":"Cleave","floor":1},{"not_picked":["Pommel Strike","Iron Wave"],"picked":"Disarm","floor":2},{"not_picked":["Pommel Strike","True Grit"],"picked":"Armaments","floor":4},{"not_picked":["Perfected Strike","Thunderclap","Reckless Charge"],"picked":"SKIP","floor":5},{"not_picked":["True Grit","Rupture","Corruption"],"picked":"SKIP","floor":6},{"not_picked":["Sword Boomerang","Body Slam","Anger","Perfected Strike"],"picked":"SKIP","floor":11},{"not_picked":["Whirlwind","Warcry","Cleave"],"picked":"Reaper","floor":13},{"not_picked":["Body Slam","Pommel Strike","Perfected Strike"],"picked":"Inflame","floor":14}],"player_experience":273982,"relics_obtained":[{"floor":6,"key":"Blue Candle"},{"floor":9,"key":"Question Card"},{"floor":14,"key":"PreservedInsect"}],"event_choices":[{"damage_healed":0,"gold_gain":0,"player_choice":"Entered Light","damage_taken":16,"max_hp_gain":0,"max_hp_loss":0,"event_name":"Shining Light","floor":7,"gold_loss":0,"cards_upgraded":["Armaments","Defend_R"]}],"is_beta":false,"boss_relics":[],"items_purged_floors":[],"is_endless":false,"potions_floor_spawned":[2,4,6,11],"killed_by":"Slime Boss","ascension_level":4}