{"gold_per_floor":[114,25,25,43,43,43,63,63,63,3,35,35,35,52,52,150,150,167,180,198,198,198,218,218,218,218,244,270,292,315,347,359,472,484,509,521,1532,1560,1592,1604],"floor_reached":40,"playtime":2173,"items_purged":["Defend_R"],"score":601,"play_id":"ed7b70f5-cba3-4a25-a913-9ad4132e3664","local_time":"20190117220518","is_ascension_mode":true,"campfire_choices":[{"data":"Battle Trance","floor":6.0,"key":"SMITH"},{"data":"True Grit","floor":8.0,"key":"SMITH"},{"data":"Rage","floor":15.0,"key":"SMITH"},{"floor":25.0,"key":"REST"},{"data":"Immolate","floor":32.0,"key":"SMITH"}],"neow_cost":"TEN_PERCENT_HP_LOSS","seed_source_timestamp":0,"circlet_count":0,"master_deck":["Strike_R","Strike_R","Strike_R","Strike_R","Defend_R","Defend_R+1","Bash","True Grit+1","Rage+1","Discovery+1","Battle Trance+1","Immolate+1","Feel No Pain","Disarm+1","Shockwave+1","Secret Weapon","Flash of Steel","Impatience","Normality","Normality","Parasite"],"special_seed":0,"relics":["Burning Blood","The Courier","Art of War","Pen Nib","Sozu","Singing Bowl","Happy Flower","MawBank","Orrery"],"potions_floor_usage":[],"damage_taken":[{"damage":0.0,"enemies":"Cultist","floor":1.0,"turns":3.0},{"damage":6.0,"enemies":"Small Slimes","floor":4.0,"turns":3.0},{"damage":0.0,"enemies":"Jaw Worm","floor":7.0,"turns":3.0},{"damage":19.0,"enemies":"Lagavulin","floor":11.0,"turns":8.0},{"damage":2.0,"enemies":"Blue Slaver","floor":14.0,"turns":4.0},{"damage":44.0,"enemies":"Slime Boss","floor":16.0,"turns":12.0},{"damage":1.0,"enemies":"2 Thieves","floor":18.0,"turns":2.0},{"damage":9.0,"enemies":"Spheric Guardian","floor":19.0,"turns":4.0},{"damage":3.0,"enemies":"Cultist and Chosen","floor":20.0,"turns":5.0},{"damage":20.0,"enemies":"Chosen and Byrds","floor":23.0,"turns":4.0},{"damage":17.0,"enemies":"Colosseum Slavers","floor":24.0,"turns":3.0},{"damage":25.0,"enemies":"Gremlin Leader","floor":28.0,"turns":7.0},{"damage":10.0,"enemies":"Centurion and Healer","floor":29.0,"turns":5.0},{"damage":3.0,"enemies":"Snecko","floor":30.0,"turns":5.0},{"damage":0.0,"enemies":"Chosen and Byrds","floor":31.0,"turns":5.0},{"damage":48.0,"enemies":"Collector","floor":33.0,"turns":11.0},{"damage":0.0,"enemies":"Orb Walker","floor":35.0,"turns":3.0},{"damage":33.0,"enemies":"3 Darklings","floor":38.0,"turns":4.0},{"damage":28.0,"enemies":"Writhing Mass","floor":39.0,"turns":9.0},{"damage":33,"enemies":"Nemesis","floor":40,"turns":2}],"seed_played":"429536981041012891","potions_obtained":[{"floor":4.0,"key":"Energy Potion"},{"floor":11.0,"key":"Regen Potion"}],"is_trial":false,"path_per_floor":["M","$","?","M","?","R","M","R","T","$","E","?","T","M","R","B",null,"M","M","M","?","?","M","?","R","T","T","E","M","M","M","R","B",null,"M","?","?","M","M","E"],"character_chosen":"IRONCLAD","items_purchased":["Discovery"],"campfire_rested":1,"item_purchase_floors":[2],"current_hp_per_floor":[72,72,72,72,77,77,77,77,77,77,64,49,49,53,53,30,65,70,67,70,70,56,42,31,55,55,55,38,36,41,49,49,9,77,85,75,75,50,30,0],"gold":1604,"neow_bonus":"TRANSFORM_TWO_CARDS","is_prod":false,"is_daily":false,"chose_seed":false,"campfire_upgraded":4,"win_rate":0,"timestamp":1547762718,"path_taken":["M","$","?","?","?","R","M","R","T","?","E","?","?","M","R","BOSS","M","M","M","?","?","M","?","R","T","?","E","M","?","M","R","BOSS","M","?","?","M","M","E"],"build_version":"2019-01-16","purchased_purges":1,"victory":false,"max_hp_per_floor":[72,72,72,72,77,77,77,77,77,77,77,77,77,77,77,77,77,77,77,77,77,82,82,82,82,82,82,84,86,88,90,90,92,98,100,100,100,102,104,104],"card_choices":[{"not_picked":["Clothesline","Bloodletting","Warcry"],"picked":"SKIP","floor":1.0},{"not_picked":["Power Through","Clothesline"],"picked":"Battle Trance","floor":4.0},{"not_picked":["Heavy Blade","Warcry","Anger"],"picked":"SKIP","floor":7.0},{"not_picked":["Dark Embrace","Cleave","True Grit"],"picked":"SKIP","floor":11.0},{"not_picked":["Body Slam","Entrench","Sword Boomerang"],"picked":"SKIP","floor":14.0},{"not_picked":["Reaper","Offering"],"picked":"Immolate","floor":16.0},{"not_picked":["Pummel","Reckless Charge","Clothesline"],"picked":"SKIP","floor":18.0},{"not_picked":["Iron Wave","Havoc","Spot Weakness"],"picked":"SKIP","floor":19.0},{"not_picked":["Flex+1","Havoc","Warcry"],"picked":"SKIP","floor":20.0},{"not_picked":["Wild Strike+1","Twin Strike"],"picked":"Feel No Pain","floor":23.0},{"not_picked":["Bludgeon","Inflame","Uppercut"],"picked":"Singing Bowl","floor":28.0},{"not_picked":["Iron Wave","Twin Strike","Anger"],"picked":"Singing Bowl","floor":29.0},{"not_picked":["Clash+1","Cleave","Heavy Blade"],"picked":"Singing Bowl","floor":30.0},{"not_picked":["Twin Strike+1","Armaments","Thunderclap"],"picked":"Singing Bowl","floor":31.0},{"not_picked":["Impervious","Limit Break","Bludgeon"],"picked":"Singing Bowl","floor":33.0},{"not_picked":["Iron Wave","Havoc","Hemokinesis"],"picked":"Singing Bowl","floor":34.0},{"not_picked":["Headbutt","Twin Strike","Berserk"],"picked":"Singing Bowl","floor":34.0},{"not_picked":["Rampage","Flex"],"picked":"Disarm+1","floor":34.0},{"not_picked":["Thunderclap+1","Carnage"],"picked":"Shockwave+1","floor":34.0},{"not_picked":["Shockwave","Reckless Charge","Havoc+1"],"picked":"Singing Bowl","floor":34.0},{"not_picked":["Iron Wave+1","Evolve","Havoc+1"],"picked":"Singing Bowl","floor":35.0},{"not_picked":["The Bomb","Jack Of All Trades"],"picked":"Secret Weapon","floor":36.0},{"not_picked":["Sadistic Nature","Mind Blast"],"picked":"Flash of Steel","floor":36.0},{"not_picked":["Bandage Up","Blind"],"picked":"Impatience","floor":36.0},{"not_picked":["Perfected Strike+1","Shockwave+1","Cleave+1"],"picked":"Singing Bowl","floor":38.0},{"not_picked":["Sword Boomerang+1","Iron Wave","Power Through"],"picked":"Singing Bowl","floor":39.0}],"player_experience":424394,"relics_obtained":[{"floor":9.0,"key":"The Courier"},{"floor":11.0,"key":"Art of War"},{"floor":13.0,"key":"Pen Nib"},{"floor":26.0,"key":"Singing Bowl"},{"floor":27.0,"key":"Happy Flower"},{"floor":28.0,"key":"MawBank"}],"event_choices":[{"damage_healed":0.0,"max_hp_gain":0.0,"max_hp_loss":0.0,"gold_gain":0.0,"event_name":"WeMeetAgain","player_choice":"Ignored","floor":3.0,"gold_loss":0.0,"damage_taken":0.0},{"damage_healed":0.0,"max_hp_gain":5.0,"max_hp_loss":0.0,"gold_gain":0.0,"event_name":"Big Fish","player_choice":"Donut","floor":5.0,"gold_loss":0.0,"damage_taken":0.0},{"damage_healed":0.0,"max_hp_gain":0.0,"max_hp_loss":0.0,"gold_gain":0.0,"event_name":"Shining Light","player_choice":"Entered Light","floor":12.0,"gold_loss":0.0,"damage_taken":15.0,"cards_upgraded":["Defend_R","Discovery"]},{"damage_healed":0.0,"max_hp_gain":0.0,"max_hp_loss":0.0,"gold_gain":0.0,"event_name":"Vampires","player_choice":"Ignored","floor":21.0,"gold_loss":0.0,"damage_taken":0.0},{"damage_healed":0.0,"max_hp_gain":5.0,"max_hp_loss":0.0,"gold_gain":0.0,"event_name":"Forgotten Altar","player_choice":"Shed Blood","floor":22.0,"gold_loss":0.0,"damage_taken":19.0},{"damage_healed":0.0,"max_hp_gain":0.0,"max_hp_loss":0.0,"gold_gain":0.0,"event_name":"Colosseum","player_choice":"Fight","floor":24.0,"gold_loss":0.0,"damage_taken":0.0},{"damage_healed":0.0,"max_hp_gain":0.0,"max_hp_loss":0.0,"gold_gain":0.0,"event_name":"Colosseum","player_choice":"Fled From Nobs","floor":24.0,"gold_loss":0.0,"damage_taken":0.0},{"damage_healed":0.0,"max_hp_gain":0.0,"max_hp_loss":0.0,"gold_gain":0.0,"event_name":"SensoryStone","player_choice":"Memory 3","floor":36.0,"gold_loss":0.0,"damage_taken":10.0},{"damage_healed":0.0,"max_hp_gain":0.0,"max_hp_loss":0.0,"gold_gain":999.0,"event_name":"MindBloom","player_choice":"Gold","floor":37.0,"gold_loss":0.0,"damage_taken":0.0,"cards_obtained":["Normality","Normality"]}],"is_beta":true,"boss_relics":[{"not_picked":["Runic Dome","Black Blood"],"picked":"Sozu"},{"not_picked":["White Beast Statue","Lizard Tail"],"picked":"Orrery"}],"items_purged_floors":[10],"is_endless":false,"potions_floor_spawned":[4,11,23,24,28,33,39],"killed_by":"Nemesis","ascension_level":7}