{"path_per_floor":["M","?","?","?","M","E","R","T","T","$","R","M","R","M","R","B",null,"M","$","?","?","$","E","M","?","T","M","R","M","M","M","R","B",null,"M","M","?","M","?","R"],"character_chosen":"IRONCLAD","items_purchased":["Cleave","Inflame","Infernal Blade","Metallicize"],"gold_per_floor":[118,118,118,118,128,160,160,186,186,9,9,19,19,29,29,129,129,146,146,71,71,36,68,88,3,3,14,14,25,40,60,60,164,164,181,195,195,214,269,269],"floor_reached":41,"campfire_rested":1,"playtime":2435,"current_hp_per_floor":[80,80,73,73,78,69,69,69,69,69,69,75,75,70,70,35,80,80,80,80,80,80,37,38,38,38,44,44,19,11,11,50,53,80,79,80,80,66,53,53],"items_purged":[],"gold":269,"score":361,"play_id":"21f7cb82-e2fc-49d4-85dd-d6839b5f6f32","is_prod":false,"is_daily":false,"is_ascension_mode":false,"campfire_upgraded":6,"path_taken":["M","?","?","?","M","E","R","?","T","?","R","M","R","M","R","BOSS","M","$","?","?","?","E","M","?","T","M","R","?","M","M","R","BOSS","M","M","?","?","?","R","E"],"build_version":"2018-02-15-PROD1","purchased_purges":0,"victory":false,"master_deck":["Strike_R","Strike_R","Defend_R+1","Defend_R+1","Bash+1","Pommel Strike+1","Clash","Pummel+1","Cleave+1","Inflame+1","Infernal Blade+1","Twin Strike+1","Perfected Strike+1","Barricade+1","Clash+1","Metallicize","Thunderclap+1","Fire Breathing+1","Body Slam+1","Sword Boomerang+1","Flame Barrier+1","Metallicize","Demon Form+1","Body Slam+1","Shrug It Off+1"],"max_hp_per_floor":[80,80,80,80,80,80,80,80,80,80,80,80,80,80,80,80,80,80,80,80,80,80,80,80,80,80,80,80,80,80,80,80,80,80,80,80,80,80,80,80],"relics":["Burning Blood","Molten Egg 2","Lantern","Vajra","Question Card","Bronze Scales","War Paint","Regal Pillow","Runic Pyramid","Gambling Chip"],"card_choices":[{"not_picked":["Rage","Seeing Red"],"picked":"Uppercut"},{"not_picked":["Corruption","Bloodletting"],"picked":"Clash"},{"not_picked":["Intimidate","Reckless Charge"],"picked":"Pummel"},{"not_picked":["Perfected Strike","Flex"],"picked":"Twin Strike"},{"not_picked":["Impervious","Rampage"],"picked":"Perfected Strike"},{"not_picked":["Feed","Juggernaut"],"picked":"Barricade"},{"not_picked":["Twin Strike","Shockwave","Headbutt"],"picked":"Clash"},{"not_picked":["Bloodletting","Headbutt","Whirlwind"],"picked":"Thunderclap"},{"not_picked":["Whirlwind","Sword Boomerang","Cleave"],"picked":"Fire Breathing"},{"not_picked":["Infernal Blade","Clash","Offering"],"picked":"Body Slam"},{"not_picked":["Pommel Strike","Twin Strike","Clothesline"],"picked":"Sword Boomerang"},{"not_picked":["Twin Strike","Warcry","Headbutt"],"picked":"Flame Barrier"},{"not_picked":["Iron Wave","Disarm","Cleave"],"picked":"Metallicize"},{"not_picked":["Juggernaut","Fiend Fire","Reaper"],"picked":"Demon Form"},{"not_picked":["Headbutt","Anger","Clothesline"],"picked":"Body Slam"},{"not_picked":["Pommel Strike","Fire Breathing","Flex"],"picked":"Shrug It Off"}],"player_experience":0,"potions_floor_usage":[41,41],"damage_taken":[{"damage":4.0,"enemies":"Small Slimes","floor":1.0,"turns":4.0},{"damage":1.0,"enemies":"Cultist","floor":5.0,"turns":3.0},{"damage":15.0,"enemies":"Gremlin Nob","floor":6.0,"turns":4.0},{"damage":0.0,"enemies":"2 Louse","floor":12.0,"turns":1.0},{"damage":11.0,"enemies":"Large Slime","floor":14.0,"turns":3.0},{"damage":41.0,"enemies":"The Guardian","floor":16.0,"turns":7.0},{"damage":5.0,"enemies":"3 Byrds","floor":18.0,"turns":5.0},{"damage":49.0,"enemies":"Book of Stabbing","floor":23.0,"turns":5.0},{"damage":5.0,"enemies":"Spheric Guardian","floor":24.0,"turns":3.0},{"damage":0.0,"enemies":"Centurion and Healer","floor":27.0,"turns":2.0},{"damage":31.0,"enemies":"Snake Plant","floor":29.0,"turns":2.0},{"damage":14.0,"enemies":"Snecko","floor":30.0,"turns":4.0},{"damage":6.0,"enemies":"Cultist and Chosen","floor":31.0,"turns":3.0},{"damage":3.0,"enemies":"Champ","floor":33.0,"turns":8.0},{"damage":7.0,"enemies":"Orb Walker","floor":35.0,"turns":2.0},{"damage":0.0,"enemies":"3 Shapes","floor":36.0,"turns":3.0},{"damage":20.0,"enemies":"Maw","floor":38.0,"turns":7.0},{"damage":19.0,"enemies":"Mysterious Sphere","floor":39.0,"turns":6.0},{"damage":66,"enemies":"2 Orb Walkers","floor":41,"turns":4}],"event_choices":[{"event_name":"Bonfire Elementals","player_choice":"UNCOMMON","floor":2.0,"damage_taken":0.0},{"event_name":"Golden Wing","player_choice":"Card Removal","floor":3.0,"damage_taken":0.0},{"event_name":"Transmorgrifier","player_choice":"Transform","floor":4.0,"damage_taken":0.0},{"event_name":"Beggar","player_choice":"Gave Gold","floor":20.0,"damage_taken":0.0},{"event_name":"Wheel of Change","player_choice":"Card Removal","floor":21.0,"damage_taken":0.0},{"event_name":"Addict","player_choice":"Obtained Relic","floor":25.0,"damage_taken":0.0},{"event_name":"Mysterious Sphere","player_choice":"Fight","floor":39.0,"damage_taken":0.0}],"boss_relics":[],"potions_floor_spawned":[1,5,16,23,27,30,33,35,39],"seed_played":"-8357098647013159256","killed_by":"2 Orb Walkers","ascension_level":0,"is_trial":false}