{"gold_per_floor":[115,132,307,307,326,326,341,376,446,446],"floor_reached":10,"playtime":379,"items_purged":[],"score":82,"play_id":"875838d5-a316-401f-82bd-07c9e8775e4b","local_time":"20190205201008","is_ascension_mode":true,"campfire_choices":[{"data":"Neutralize","floor":6,"key":"SMITH"}],"neow_cost":"NONE","seed_source_timestamp":20154312071070,"circlet_count":0,"master_deck":["Defend_G","Defend_G","Defend_G","Defend_G","Defend_G","Strike_G","Strike_G","Strike_G","Strike_G","Strike_G","Survivor","Neutralize+1","Deadly Poison","Footwork+1","Doubt","Backstab","Prepared"],"relics":["Philosopher\u0027s Stone","FossilizedHelix","Sundial"],"potions_floor_usage":[5],"damage_taken":[{"damage":0,"enemies":"2 Louse","floor":1,"turns":4},{"damage":1,"enemies":"Small Slimes","floor":2,"turns":4},{"damage":0,"enemies":"Cultist","floor":5,"turns":5},{"damage":27,"enemies":"Gremlin Gang","floor":7,"turns":7},{"damage":21,"enemies":"Lagavulin","floor":8,"turns":8},{"damage":25,"enemies":"Gremlin Nob","floor":10,"turns":4}],"seed_played":"-2005113329657549400","potions_obtained":[{"floor":2,"key":"Weak Potion"},{"floor":8,"key":"Dexterity Potion"}],"is_trial":false,"path_per_floor":["M","M","?","?","M","R","M","E","T","E"],"character_chosen":"THE_SILENT","items_purchased":[],"campfire_rested":0,"item_purchase_floors":[],"current_hp_per_floor":[70,69,69,69,69,69,42,21,21,0],"gold":446,"neow_bonus":"BOSS_RELIC","is_prod":false,"is_daily":false,"chose_seed":false,"campfire_upgraded":1,"win_rate":0,"timestamp":1549393808,"path_taken":["M","M","?","?","?","R","M","E","T","E"],"build_version":"2019-01-23","purchased_purges":0,"victory":false,"max_hp_per_floor":[70,70,70,70,70,70,70,70,70,70],"card_choices":[{"not_picked":["Choke","Bane"],"picked":"Deadly Poison","floor":1},{"not_picked":["Dodge and Roll","Prepared"],"picked":"Footwork","floor":2},{"not_picked":["Slice","Sucker Punch","Distraction"],"picked":"SKIP","floor":5},{"not_picked":["Glass Knife","Eviscerate"],"picked":"Backstab","floor":7},{"not_picked":["Deflect","Sucker Punch"],"picked":"Prepared","floor":8}],"player_experience":215512,"relics_obtained":[{"floor":8,"key":"FossilizedHelix"},{"floor":9,"key":"Sundial"}],"event_choices":[{"damage_healed":0,"gold_gain":175,"player_choice":"AGREE","damage_taken":0,"max_hp_gain":0,"max_hp_loss":0,"event_name":"Liars Game","floor":3,"gold_loss":0,"cards_obtained":["Doubt"]},{"damage_healed":0,"gold_gain":0,"player_choice":"Upgraded","damage_taken":0,"max_hp_gain":0,"max_hp_loss":0,"event_name":"Upgrade Shrine","floor":4,"gold_loss":0,"cards_upgraded":["Footwork"]}],"is_beta":false,"boss_relics":[],"items_purged_floors":[],"is_endless":false,"potions_floor_spawned":[2,8],"killed_by":"Gremlin Nob","ascension_level":4}