{"path_per_floor":["M","?","M","?","M","E","R","E","T","M","M","?","M","$","R","B",null,"M","?","M","$","?","R","M","R","T","$","E","?","M","M","R"],"character_chosen":"DEFECT","items_purchased":["Bag of Marbles","Whetstone","Anchor","Master of Strategy"],"gold_per_floor":[114,364,375,375,386,446,446,478,478,498,515,480,496,49,49,154,154,171,171,183,7,7,7,25,25,25,25,55,55,66,76,76,76],"floor_reached":33,"campfire_rested":1,"playtime":950,"item_purchase_floors":[14,14,14,21],"current_hp_per_floor":[75,75,75,75,70,43,43,35,35,29,7,25,22,22,44,19,75,72,72,67,67,67,67,66,66,66,66,58,58,51,42,42,0],"items_purged":[],"gold":76,"score":357,"play_id":"9b16e593-9783-4c39-8165-54b2395830cf","local_time":"20180618192651","is_prod":false,"is_daily":false,"chose_seed":false,"is_ascension_mode":true,"campfire_upgraded":4,"win_rate":0,"timestamp":1529346411,"campfire_choices":[{"data":"Defragment","floor":7,"key":"SMITH"},{"floor":15,"key":"REST"},{"data":"Seek","floor":23,"key":"SMITH"},{"data":"Hologram","floor":25,"key":"SMITH"},{"data":"Master of Strategy","floor":32,"key":"SMITH"}],"path_taken":["M","?","?","?","M","E","R","E","T","M","M","?","?","?","R","BOSS","M","?","?","$","?","R","M","R","T","$","E","?","M","?","R","BOSS"],"build_version":"2018-06-14v2","seed_source_timestamp":454421720044599,"purchased_purges":0,"victory":false,"master_deck":["Strike_B","Strike_B","Strike_B","Defend_B","Defend_B","Defend_B","Zap+1","Dualcast","Parasite","Sweeping Beam+1","Regret","Barrage+1","Beam Cell","Defragment+1","Reinforced Body","Gash","Gash","Gash","Seek+1","Hologram+1","Gash","Compile Driver","Master of Strategy+1","Go for the Eyes","Writhe","Cold Snap"],"max_hp_per_floor":[75,75,75,75,75,75,75,75,75,75,75,75,75,75,75,75,75,75,75,75,75,75,75,75,75,75,75,75,75,75,75,75,75],"relics":["Cracked Core","Du-Vu Doll","Tiny Chest","Kunai","Pen Nib","Bag of Marbles","Whetstone","Anchor","Empty Cage","Smiling Mask","Shuriken","Ice Cream"],"card_choices":[{"not_picked":["Redo","Conserve Battery"],"picked":"Sweeping Beam","floor":1},{"not_picked":["Redo","Gash"],"picked":"Barrage","floor":3},{"not_picked":["Conserve Battery","Barrage"],"picked":"Beam Cell","floor":5},{"not_picked":["Core Surge","Recycle"],"picked":"Defragment","floor":6},{"not_picked":["Leap","Ball Lightning"],"picked":"Reinforced Body","floor":8},{"not_picked":["Double Energy","Rebound"],"picked":"Gash","floor":10},{"not_picked":["Turbo","Steam"],"picked":"Gash","floor":11},{"not_picked":["Leap","Beam Cell"],"picked":"Gash","floor":13},{"not_picked":["Reboot","Buffer"],"picked":"Seek","floor":16},{"not_picked":["Reprogram","White Noise"],"picked":"Hologram","floor":18},{"not_picked":["Hologram+1","Barrage"],"picked":"Compile Driver","floor":20},{"not_picked":["Rip and Tear","Sweeping Beam"],"picked":"Go for the Eyes","floor":24},{"not_picked":["Redo","Streamline","Barrage"],"picked":"SKIP","floor":28},{"not_picked":["Streamline","Compile Driver+1"],"picked":"Cold Snap","floor":30},{"not_picked":["Aggregate+1","Cold Snap","Compile Driver+1"],"picked":"SKIP","floor":31}],"player_experience":271611,"potions_floor_usage":[8,11,28,33,33],"damage_taken":[{"damage":0,"enemies":"Small Slimes","floor":1,"turns":2},{"damage":0,"enemies":"Cultist","floor":3,"turns":2},{"damage":5,"enemies":"Jaw Worm","floor":5,"turns":3},{"damage":27,"enemies":"Lagavulin","floor":6,"turns":5},{"damage":8,"enemies":"Gremlin Nob","floor":8,"turns":3},{"damage":6,"enemies":"Blue Slaver","floor":10,"turns":3},{"damage":22,"enemies":"Exordium Thugs","floor":11,"turns":3},{"damage":3,"enemies":"Large Slime","floor":13,"turns":4},{"damage":25,"enemies":"Hexaghost","floor":16,"turns":6},{"damage":3,"enemies":"Chosen","floor":18,"turns":3},{"damage":5,"enemies":"Spheric Guardian","floor":20,"turns":3},{"damage":1,"enemies":"Centurion and Healer","floor":24,"turns":4},{"damage":8,"enemies":"Slavers","floor":28,"turns":4},{"damage":7,"enemies":"Snecko","floor":30,"turns":3},{"damage":9,"enemies":"Snake Plant","floor":31,"turns":3},{"damage":48,"enemies":"Champ","floor":33,"turns":5}],"relics_obtained":[{"floor":6,"key":"Tiny Chest"},{"floor":8,"key":"Kunai"},{"floor":9,"key":"Pen Nib"},{"floor":26,"key":"Smiling Mask"},{"floor":28,"key":"Shuriken"}],"event_choices":[{"event_name":"Golden Shrine","player_choice":"Desecrate","floor":2,"damage_taken":0},{"event_name":"Living Wall","player_choice":"Grow","floor":4,"damage_taken":0},{"event_name":"The Cleric","player_choice":"Healed","floor":12,"damage_taken":0},{"event_name":"The Library","player_choice":"Read","floor":19,"damage_taken":0},{"event_name":"Drug Dealer","player_choice":"Ignored","floor":22,"damage_taken":0},{"event_name":"The Mausoleum","player_choice":"Yes","floor":29,"damage_taken":0}],"boss_relics":[{"not_picked":["Orrery","Runic Pyramid"],"picked":"Empty Cage"}],"items_purged_floors":[],"is_endless":false,"potions_floor_spawned":[3,6,13,20,28,30],"seed_played":"7290937121800957039","killed_by":"Champ","ascension_level":4,"potions_obtained":[{"floor":3,"key":"GamblersBrew"},{"floor":6,"key":"Swift Potion"},{"floor":13,"key":"Weak Potion"},{"floor":20,"key":"SmokeBomb"},{"floor":28,"key":"Regen Potion"},{"floor":30,"key":"SteroidPotion"}],"is_trial":false}