{"path_per_floor":["M","?","$","M","M","M","?","R","T","M","M","$","R","?","R","B",null,"M","?","$","?","?","R","E","R","T","$","M","M","?","M","R","B",null,"M","?","?","M","?","R"],"character_chosen":"DEFECT","items_purchased":["Sunder","Chill","Fire Potion"],"gold_per_floor":[109,109,37,56,70,89,89,89,89,103,118,45,45,45,45,150,150,150,150,27,27,27,27,27,27,27,27,27,27,27,27,27,27,27,27,27,27,27,0,0,0],"floor_reached":41,"campfire_rested":2,"playtime":1309,"current_hp_per_floor":[72,77,77,77,76,75,75,75,75,75,73,73,73,73,73,44,80,49,49,49,49,49,73,54,54,54,54,54,50,50,50,74,17,80,73,63,63,73,73,73,0],"items_purged":["Defend_B"],"gold":0,"score":399,"play_id":"a1271089-ab17-4d93-b304-c6af8dbac935","local_time":"20180503210431","is_prod":false,"is_daily":false,"chose_seed":false,"is_ascension_mode":false,"campfire_upgraded":5,"timestamp":1525406671,"path_taken":["M","?","?","M","M","M","?","R","T","M","M","$","R","?","R","BOSS","M","?","$","?","?","R","E","R","T","$","M","?","?","M","R","BOSS","M","?","?","?","?","R","E"],"build_version":"2018-05-02","seed_source_timestamp":1392652031240324,"purchased_purges":2,"victory":false,"master_deck":["Strike_B+1","Strike_B+1","Strike_B+1","Defend_B+1","Defend_B+1","Defend_B+1","Zap+1","Dualcast+1","Sunder+1","Chill+1","Hyperbeam+1","Self Repair+1","Madness","Madness+1"],"max_hp_per_floor":[75,80,80,80,80,80,80,80,80,80,80,80,80,80,80,80,80,80,80,80,80,80,80,80,80,80,80,80,80,80,80,80,80,80,80,80,80,80,80,80,80],"relics":["Cracked Core","Gambling Chip","Ectoplasm","Ginger","Toolbox","Black Star","Red Mask"],"card_choices":[{"not_picked":["Hologram","Beam Cell"],"picked":"Hyperbeam","floor":24},{"not_picked":["Skim","Turbo"],"picked":"Self Repair","floor":35}],"player_experience":149731,"potions_floor_usage":[6,16,24,33],"damage_taken":[{"damage":3,"enemies":"Jaw Worm","floor":1,"turns":3},{"damage":0,"enemies":"Small Slimes","floor":4,"turns":2},{"damage":1,"enemies":"Cultist","floor":5,"turns":3},{"damage":1,"enemies":"Large Slime","floor":6,"turns":4},{"damage":0,"enemies":"Exordium Wildlife","floor":10,"turns":2},{"damage":2,"enemies":"Blue Slaver","floor":11,"turns":4},{"damage":29,"enemies":"The Guardian","floor":16,"turns":8},{"damage":31,"enemies":"Shell Parasite","floor":18,"turns":6},{"damage":19,"enemies":"Gremlin Leader","floor":24,"turns":8},{"damage":0,"enemies":"Spheric Guardian","floor":28,"turns":1},{"damage":4,"enemies":"Centurion and Healer","floor":29,"turns":3},{"damage":0,"enemies":"Sentry and Sphere","floor":31,"turns":3},{"damage":57,"enemies":"Automaton","floor":33,"turns":7},{"damage":7,"enemies":"Orb Walker","floor":35,"turns":3},{"damage":0,"enemies":"Flame Bruiser 1 Orb","floor":38,"turns":4},{"damage":88,"enemies":"Nemesis","floor":41,"turns":8}],"event_choices":[{"event_name":"Big Fish","player_choice":"Donut","floor":2,"damage_taken":0},{"event_name":"Living Wall","player_choice":"Grow","floor":7,"damage_taken":0},{"event_name":"Scrap Ooze","player_choice":"unsuccessful","floor":14,"damage_taken":0},{"event_name":"Back to Basics","player_choice":"Simplicity","floor":19,"damage_taken":0},{"event_name":"Purifier","player_choice":"One Purge","floor":21,"damage_taken":0},{"event_name":"Drug Dealer","player_choice":"Ignored","floor":22,"damage_taken":0},{"event_name":"Addict","player_choice":"Ignored","floor":30,"damage_taken":0},{"event_name":"Winding Halls","player_choice":"Embrace Madness","floor":36,"damage_taken":0},{"event_name":"Mysterious Sphere","player_choice":"Ignore","floor":37,"damage_taken":0},{"event_name":"Tomb of Lord Red Mask","player_choice":"Paid","floor":39,"damage_taken":0}],"boss_relics":[{"not_picked":["Pandora\u0027s Box","Runic Dome"],"picked":"Ectoplasm"},{"not_picked":["Inserter","Snecko Eye"],"picked":"Black Star"}],"potions_floor_spawned":[1,5,6,10,16,24,31,33,38],"seed_played":"6030397498627625401","killed_by":"Nemesis","ascension_level":0,"is_trial":false}