{"path_per_floor":["M","?","?","M","M","R","E","M","T","$","E","M","E","M","R","B",null,"M","M","?","$"],"character_chosen":"IRONCLAD","items_purchased":["Shuriken","Pummel","Ice Cream","Infernal Blade"],"gold_per_floor":[144,94,194,239,284,284,374,419,419,98,188,233,323,368,368,668,668,713,758,758,382,382],"floor_reached":22,"campfire_rested":2,"playtime":1673,"current_hp_per_floor":[80,80,80,75,73,80,67,64,64,64,63,37,23,29,54,56,84,74,48,48,48,0],"items_purged":[],"gold":382,"score":231,"play_id":"5eb02659-1e89-450d-b4d7-8d4991a50e65","local_time":"20180401201518","daily_mods":["Diverse","Midas","Elite Swarm"],"is_prod":false,"is_daily":true,"is_ascension_mode":false,"campfire_upgraded":0,"timestamp":1522610118,"path_taken":["M","?","?","M","?","R","E","M","T","$","E","?","E","M","R","BOSS","M","M","?","$","?"],"build_version":"2018-03-29","purchased_purges":0,"victory":false,"master_deck":["Strike_R+1","Strike_R","Strike_R","Defend_R","Defend_R","Defend_R","Defend_R","Bash","Blade Dance","Malaise","Sword Boomerang+1","Flex","Pummel","Demon Form","Armaments","Dark Embrace","Disarm","Exhume","Feel No Pain","Infernal Blade"],"max_hp_per_floor":[80,80,80,80,80,80,82,84,84,84,84,84,84,84,84,84,84,86,86,86,86,89],"relics":["Black Blood","Singing Bowl","Sundial","Shuriken","Whetstone","Prayer Wheel","Ice Cream"],"card_choices":[{"not_picked":["Clash","Perfected Strike"],"picked":"Sword Boomerang","floor":1},{"not_picked":["True Grit","Headbutt"],"picked":"Flex","floor":4},{"not_picked":["Barricade","Fiend Fire"],"picked":"Demon Form","floor":11},{"not_picked":["Evolve","Wild Strike"],"picked":"Armaments","floor":12},{"not_picked":["Barricade","Bludgeon"],"picked":"Dark Embrace","floor":13},{"not_picked":["Headbutt","Power Through"],"picked":"Disarm","floor":14},{"not_picked":["Barricade","Brutality"],"picked":"Exhume","floor":16},{"not_picked":["Anger","Armaments"],"picked":"Feel No Pain","floor":19}],"player_experience":49493,"potions_floor_usage":[11,11,14,22,22],"damage_taken":[{"damage":6,"enemies":"2 Louse","floor":1,"turns":4},{"damage":11,"enemies":"Jaw Worm","floor":4,"turns":2},{"damage":8,"enemies":"Small Slimes","floor":5,"turns":2},{"damage":21,"enemies":"Gremlin Nob","floor":7,"turns":5},{"damage":11,"enemies":"Blue Slaver","floor":8,"turns":4},{"damage":16,"enemies":"Lagavulin","floor":11,"turns":5},{"damage":32,"enemies":"Exordium Thugs","floor":12,"turns":4},{"damage":20,"enemies":"3 Sentries","floor":13,"turns":8},{"damage":0,"enemies":"Lots of Slimes","floor":14,"turns":1},{"damage":4,"enemies":"Hexaghost","floor":16,"turns":8},{"damage":22,"enemies":"Spheric Guardian","floor":18,"turns":4},{"damage":36,"enemies":"Shell Parasite","floor":19,"turns":7},{"damage":63,"enemies":"Masked Bandits","floor":22,"turns":3}],"event_choices":[{"event_name":"The Cleric","player_choice":"Card Removal","floor":2,"damage_taken":0},{"event_name":"Wheel of Change","player_choice":"Gold","floor":3,"damage_taken":0},{"event_name":"Bonfire Elementals","player_choice":"BASIC","floor":20,"damage_taken":0},{"event_name":"Masked Bandits","player_choice":"Fought over 382 gold","floor":22,"damage_taken":0}],"boss_relics":[{"not_picked":["Pandora\u0027s Box","Philosopher\u0027s Stone"],"picked":"Black Blood"}],"potions_floor_spawned":[7,8,13,16,18],"seed_played":"2322324997357656423","killed_by":"Masked Bandits","ascension_level":0,"is_trial":false}