{"gold_per_floor":[116,134,50,69,80,80,115,115,163,194,194,214,139,155,155,234,234,249,249,299,273,273,303,303,10,35,35,35,35,51,51,51,129,129,143,143,161,172,172,172,272,14,14,14,40,40,56,6,6,6],"floor_reached":51,"playtime":3501,"items_purged":["Writhe","Hello World+1"],"score":1252,"play_id":"8e19cd02-0833-49b5-9e2b-22b56f0581ce","local_time":"20190212033530","is_ascension_mode":true,"campfire_choices":[{"data":"Defragment","floor":6,"key":"SMITH"},{"data":"Zap","floor":8,"key":"SMITH"},{"data":"Coolheaded","floor":11,"key":"SMITH"},{"data":"Echo Form","floor":15,"key":"SMITH"},{"data":"Ghostly","floor":24,"key":"SMITH"},{"data":"Seek","floor":27,"key":"SMITH"},{"data":"Ghostly","floor":32,"key":"SMITH"},{"data":"Ghostly","floor":40,"key":"SMITH"},{"data":"Darkness","floor":44,"key":"SMITH"},{"data":"Conserve Battery","floor":46,"key":"SMITH"},{"data":"Blind","floor":49,"key":"SMITH"}],"neow_cost":"NONE","seed_source_timestamp":1744715554546788,"circlet_count":0,"master_deck":["AscendersBane","Defend_B","Defend_B","Defend_B","Zap+1","Dualcast","Gash","Coolheaded+1","Defragment+1","Cold Snap","Gash","Self Repair","Leap","Compile Driver","Echo Form+1","All For One","Streamline+1","Reinforced Body+1","Biased Cognition+1","Turbo","Ghostly+1","Ghostly+1","Ghostly+1","Aggregate","Seek+1","Loop+1","Conserve Battery+1","Chill","Darkness+1","Capacitor+1","Blind+1","Defragment+1"],"relics":["Cracked Core","Bottled Lightning","PreservedInsect","Juzu Bracelet","Astrolabe","Frozen Egg 2","Happy Flower","Bag of Marbles","Sundial","White Beast Statue","Unceasing Top","Pear","Ancient Tea Set","Gremlin Horn"],"potions_floor_usage":[5,7,14,23,50],"damage_taken":[{"damage":0,"enemies":"Cultist","floor":1,"turns":4},{"damage":2,"enemies":"2 Louse","floor":2,"turns":2},{"damage":0,"enemies":"Small Slimes","floor":4,"turns":5},{"damage":4,"enemies":"3 Louse","floor":5,"turns":4},{"damage":29,"enemies":"Gremlin Nob","floor":7,"turns":6},{"damage":0,"enemies":"Lagavulin","floor":10,"turns":6},{"damage":0,"enemies":"Blue Slaver","floor":12,"turns":3},{"damage":1,"enemies":"Exordium Wildlife","floor":14,"turns":4},{"damage":34,"enemies":"The Guardian","floor":16,"turns":10},{"damage":7,"enemies":"Chosen","floor":18,"turns":5},{"damage":28,"enemies":"2 Thieves","floor":21,"turns":5},{"damage":2,"enemies":"Slavers","floor":23,"turns":6},{"damage":0,"enemies":"Sentry and Sphere","floor":30,"turns":4},{"damage":17,"enemies":"Collector","floor":33,"turns":10},{"damage":0,"enemies":"Orb Walker","floor":35,"turns":5},{"damage":0,"enemies":"3 Darklings","floor":37,"turns":6},{"damage":22,"enemies":"Transient","floor":38,"turns":5},{"damage":0,"enemies":"Mind Bloom Boss Battle","floor":41,"turns":8},{"damage":1,"enemies":"Nemesis","floor":45,"turns":7},{"damage":0,"enemies":"Jaw Worm Horde","floor":47,"turns":6},{"damage":21,"enemies":"Awakened One","floor":50,"turns":15}],"seed_played":"8086115598129626253","potions_obtained":[{"floor":2,"key":"Ancient Potion"},{"floor":4,"key":"Poison Potion"},{"floor":7,"key":"Fire Potion"},{"floor":10,"key":"SpeedPotion"},{"floor":21,"key":"Poison Potion"},{"floor":30,"key":"SneckoOil"},{"floor":35,"key":"Energy Potion"},{"floor":37,"key":"LiquidBronze"},{"floor":38,"key":"Regen Potion"},{"floor":41,"key":"FocusPotion"}],"is_trial":false,"path_per_floor":["M","M","$","M","M","R","E","R","T","E","R","M","?","M","R","B",null,"M","?","?","M","?","E","R","$","T","R","?","T","M","$","R","B",null,"M","$","M","M","?","R","?","$","T","R","E","R","M","?","R","B",null],"character_chosen":"DEFECT","items_purchased":["Defragment","Cold Snap","Seek","Loop+1","Blind","Defragment+1"],"campfire_rested":0,"item_purchase_floors":[3,3,25,25,42,42],"current_hp_per_floor":[71,69,69,69,65,65,43,43,43,50,50,50,50,56,56,29,66,66,66,59,38,38,36,36,36,36,36,36,36,36,36,36,26,36,39,39,39,24,24,24,31,31,41,41,40,40,47,47,47,26],"gold":6,"neow_bonus":"TEN_PERCENT_HP_BONUS","is_prod":false,"is_daily":false,"chose_seed":false,"campfire_upgraded":11,"win_rate":0,"timestamp":1549910130,"path_taken":["M","?","$","M","M","R","E","R","T","E","R","M","?","M","R","BOSS","M","?","?","M","?","E","R","$","T","R","?","?","M","?","R","BOSS","M","$","M","M","?","R","?","$","T","R","E","R","M","?","R","BOSS"],"build_version":"2019-01-23","purchased_purges":2,"victory":true,"max_hp_per_floor":[78,78,78,78,78,78,78,78,78,78,78,78,78,78,78,78,78,78,78,78,78,39,39,39,39,39,39,39,39,39,39,39,39,39,39,39,39,39,39,39,39,39,49,49,49,49,49,49,49,49],"card_choices":[{"not_picked":["Compile Driver","Lockon"],"picked":"Gash","floor":1},{"not_picked":["Storm","Stack"],"picked":"Coolheaded","floor":2},{"not_picked":["BootSequence","Steam"],"picked":"Gash","floor":4},{"not_picked":["Storm","Leap"],"picked":"Self Repair","floor":5},{"not_picked":["Force Field","Fusion"],"picked":"Leap","floor":7},{"not_picked":["Ball Lightning","Turbo"],"picked":"Compile Driver","floor":10},{"not_picked":["Leap","Self Repair"],"picked":"Echo Form","floor":12},{"not_picked":["Stack","Leap","Beam Cell"],"picked":"SKIP","floor":14},{"not_picked":["Creative AI","Hyperbeam"],"picked":"All For One","floor":16},{"not_picked":["Coolheaded","Barrage"],"picked":"Turbo","floor":18},{"not_picked":["Go for the Eyes+1","Scrape"],"picked":"Hello World+1","floor":21},{"not_picked":["Biased Cognition+1","Skim"],"picked":"Aggregate","floor":23},{"not_picked":["Rebound","Beam Cell","Sweeping Beam"],"picked":"SKIP","floor":30},{"not_picked":["Barrage","Ball Lightning"],"picked":"Conserve Battery","floor":35},{"not_picked":["Conserve Battery","Redo"],"picked":"Chill","floor":37},{"not_picked":["Recycle","Beam Cell+1"],"picked":"Darkness","floor":38},{"not_picked":["Gash+1","Heatsinks+1"],"picked":"Capacitor+1","floor":41},{"not_picked":["Stack","Meteor Strike","Barrage"],"picked":"SKIP","floor":45},{"not_picked":["Barrage","Redo","Sunder"],"picked":"SKIP","floor":47}],"player_experience":974347,"relics_obtained":[{"floor":7,"key":"Bottled Lightning"},{"floor":9,"key":"PreservedInsect"},{"floor":10,"key":"Juzu Bracelet"},{"floor":23,"key":"Happy Flower"},{"floor":26,"key":"Bag of Marbles"},{"floor":29,"key":"Sundial"},{"floor":41,"key":"Unceasing Top"},{"floor":43,"key":"Pear"},{"floor":45,"key":"Ancient Tea Set"}],"event_choices":[{"cards_removed":["Strike_B"],"damage_healed":0,"gold_gain":0,"player_choice":"Card Removal","damage_taken":0,"max_hp_gain":0,"max_hp_loss":0,"event_name":"The Cleric","floor":13,"gold_loss":75},{"damage_healed":0,"gold_gain":0,"player_choice":"Opened","damage_taken":0,"relics_obtained":["Frozen Egg 2"],"max_hp_gain":0,"max_hp_loss":0,"event_name":"The Mausoleum","floor":19,"gold_loss":0,"cards_obtained":["Writhe"]},{"damage_healed":0,"gold_gain":50,"player_choice":"Touch","damage_taken":7,"max_hp_gain":0,"max_hp_loss":0,"event_name":"FaceTrader","floor":20,"gold_loss":0},{"damage_healed":0,"gold_gain":0,"player_choice":"Became a Ghost","damage_taken":0,"max_hp_gain":0,"max_hp_loss":39,"event_name":"Ghosts","floor":22,"gold_loss":0,"cards_obtained":["Ghostly","Ghostly","Ghostly"]},{"damage_healed":0,"gold_gain":0,"player_choice":"Ignored","damage_taken":0,"max_hp_gain":0,"max_hp_loss":0,"event_name":"Beggar","floor":28,"gold_loss":0},{"cards_removed":["Defend_B"],"damage_healed":0,"gold_gain":0,"player_choice":"Removed Skill","damage_taken":0,"max_hp_gain":0,"max_hp_loss":0,"event_name":"Falling","floor":39,"gold_loss":0},{"damage_healed":0,"gold_gain":0,"player_choice":"Fight","damage_taken":0,"max_hp_gain":0,"max_hp_loss":0,"event_name":"MindBloom","floor":41,"gold_loss":0},{"damage_healed":0,"gold_gain":0,"player_choice":"Paid Gold","damage_taken":0,"relics_obtained":["Gremlin Horn"],"max_hp_gain":0,"max_hp_loss":0,"event_name":"WeMeetAgain","floor":48,"gold_loss":50}],"is_beta":false,"boss_relics":[{"not_picked":["Snecko Eye","Black Star"],"picked":"Astrolabe"},{"not_picked":["Tiny House","Pandora\u0027s Box"],"picked":"White Beast Statue"}],"items_purged_floors":[25,42],"is_endless":false,"potions_floor_spawned":[2,4,7,10,12,21,30,35,37,38,41,45,47],"ascension_level":15}