{"gold_per_floor":[112,212,225,241,255,255,287,287,287,30,30,41,66,77,77,177,177,193,41,75,19,118,118,150,150,203,203,203,222,222,222],"floor_reached":31,"playtime":1343,"items_purged":["Strike_G"],"score":313,"play_id":"ba6253de-0179-4e91-9130-7b5363361610","local_time":"20190206182941","is_ascension_mode":true,"campfire_choices":[{"data":"Venomology","floor":6,"key":"SMITH"},{"floor":8,"key":"REST"},{"floor":11,"key":"REST"},{"floor":15,"key":"REST"},{"data":"Tactician","floor":23,"key":"SMITH"},{"floor":25,"key":"REST"},{"floor":27,"key":"REST"}],"neow_cost":"NONE","seed_source_timestamp":16283212663974,"circlet_count":0,"master_deck":["Defend_G","Defend_G","Defend_G","Defend_G","Defend_G","Strike_G","Strike_G+1","Strike_G","Survivor","Neutralize","Prepared","Heel Hook","Deadly Poison","Backflip","Venomology+1","Slice+1","Deflect","Leg Sweep","Deflect","Noxious Fumes","Footwork","Tactician+1","Prepared","Footwork"],"relics":["Ring of the Snake","The Courier","Mercury Hourglass","Unceasing Top","Shuriken","WristBlade","Red Mask","Gremlin Horn","Whetstone","Enchiridion","GremlinMask"],"potions_floor_usage":[7,12,13,13,14,16,16,18,18,24,29],"damage_taken":[{"damage":2,"enemies":"Small Slimes","floor":1,"turns":4},{"damage":0,"enemies":"Cultist","floor":3,"turns":3},{"damage":1,"enemies":"Jaw Worm","floor":4,"turns":5},{"damage":4,"enemies":"Exordium Wildlife","floor":5,"turns":4},{"damage":52,"enemies":"Gremlin Nob","floor":7,"turns":5},{"damage":1,"enemies":"Exordium Thugs","floor":12,"turns":3},{"damage":7,"enemies":"Lagavulin","floor":13,"turns":7},{"damage":0,"enemies":"Gremlin Gang","floor":14,"turns":2},{"damage":21,"enemies":"The Guardian","floor":16,"turns":12},{"damage":2,"enemies":"3 Byrds","floor":18,"turns":5},{"damage":42,"enemies":"Masked Bandits","floor":20,"turns":6},{"damage":36,"enemies":"Slavers","floor":24,"turns":9},{"damage":12,"enemies":"Spheric Guardian","floor":29,"turns":5},{"damage":22,"enemies":"Cultist and Chosen","floor":31,"turns":4}],"seed_played":"-2241239132552936006","potions_obtained":[{"floor":4,"key":"LiquidBronze"},{"floor":12,"key":"Block Potion"},{"floor":13,"key":"Explosive Potion"},{"floor":14,"key":"GamblersBrew"},{"floor":24,"key":"PowerPotion"}],"is_trial":false,"path_per_floor":["M","?","M","M","M","R","E","R","T","$","R","M","E","M","R","B",null,"M","$","?","$","?","R","E","R","T","R","?","M","?","M"],"character_chosen":"THE_SILENT","items_purchased":["Unceasing Top","Deflect","Footwork","Tactician","Footwork"],"campfire_rested":5,"item_purchase_floors":[10,10,19,19,21],"current_hp_per_floor":[68,68,68,67,63,63,11,32,32,32,53,52,45,45,66,45,70,68,68,26,26,26,26,7,28,28,49,33,21,21,0],"gold":222,"neow_bonus":"TRANSFORM_CARD","is_prod":false,"is_daily":false,"chose_seed":false,"campfire_upgraded":2,"win_rate":0,"timestamp":1549474181,"path_taken":["M","?","M","M","?","R","E","R","T","$","R","M","E","M","R","BOSS","M","$","?","$","?","R","E","R","T","R","?","M","?","M"],"build_version":"2019-01-23","purchased_purges":1,"victory":false,"max_hp_per_floor":[70,70,70,70,70,70,70,70,70,70,70,70,70,70,70,70,70,70,70,70,70,70,70,70,70,70,70,70,70,70,70],"card_choices":[{"not_picked":["Deflect","Blade Dance"],"picked":"Heel Hook","floor":1},{"not_picked":["Dodge and Roll","Setup"],"picked":"Deadly Poison","floor":3},{"not_picked":["Heel Hook","Endless Agony"],"picked":"Backflip","floor":4},{"not_picked":["Well Laid Plans","Prepared"],"picked":"Venomology","floor":5},{"not_picked":["Quick Slash","Endless Agony"],"picked":"Slice","floor":7},{"not_picked":["Expertise","Acrobatics"],"picked":"Leg Sweep","floor":12},{"not_picked":["Sucker Punch","Backflip"],"picked":"Deflect","floor":13},{"not_picked":["Quick Slash","Acrobatics","Choke"],"picked":"SKIP","floor":14},{"not_picked":["Dagger Spray","Cloak And Dagger"],"picked":"Noxious Fumes","floor":18},{"not_picked":["All Out Attack+1","Terror"],"picked":"Prepared","floor":20},{"not_picked":["Flying Knee","Flechettes","Dodge and Roll"],"picked":"SKIP","floor":24},{"not_picked":["Bane","Quick Slash","Underhanded Strike"],"picked":"SKIP","floor":29}],"player_experience":223788,"relics_obtained":[{"floor":7,"key":"The Courier"},{"floor":9,"key":"Mercury Hourglass"},{"floor":13,"key":"Shuriken"},{"floor":20,"key":"Red Mask"},{"floor":24,"key":"Gremlin Horn"},{"floor":26,"key":"Whetstone"},{"floor":28,"key":"Enchiridion"}],"event_choices":[{"damage_healed":0,"gold_gain":100,"player_choice":"Gold","damage_taken":0,"max_hp_gain":0,"max_hp_loss":0,"event_name":"Wheel of Change","floor":2,"gold_loss":0},{"damage_healed":0,"gold_gain":0,"player_choice":"Fought Bandits","damage_taken":0,"max_hp_gain":0,"max_hp_loss":0,"event_name":"Masked Bandits","floor":20,"gold_loss":0},{"damage_healed":0,"gold_gain":99,"player_choice":"Stole From Cult","damage_taken":0,"max_hp_gain":0,"max_hp_loss":0,"event_name":"Nest","floor":22,"gold_loss":0},{"damage_healed":0,"gold_gain":0,"player_choice":"Obtained Book","damage_taken":16,"max_hp_gain":0,"max_hp_loss":0,"event_name":"Cursed Tome","floor":28,"gold_loss":0},{"damage_healed":0,"gold_gain":0,"player_choice":"Trade","damage_taken":0,"relics_obtained":["GremlinMask"],"max_hp_gain":0,"max_hp_loss":0,"event_name":"FaceTrader","floor":30,"gold_loss":0}],"is_beta":false,"boss_relics":[{"not_picked":["Philosopher\u0027s Stone","Calling Bell"],"picked":"WristBlade"}],"items_purged_floors":[19],"is_endless":false,"potions_floor_spawned":[4,12,13,14,24],"killed_by":"Cultist and Chosen","ascension_level":4}