{"gold_per_floor":[114,289,289,50,50,50,105,105,105,118,118,153,153,168,168,263,263,263,14,289,305,305],"floor_reached":22,"playtime":686,"items_purged":["Doubt","Strike_R"],"score":215,"play_id":"8128ceab-a618-440a-90ed-0edf3f6935f3","local_time":"20181229191039","is_ascension_mode":false,"campfire_choices":[{"data":"Sadistic Nature","floor":6.0,"key":"SMITH"},{"data":"Trip","floor":8.0,"key":"SMITH"},{"floor":11.0,"key":"REST"},{"data":"Bash","floor":13.0,"key":"SMITH"},{"data":"Ghostly Armor","floor":15.0,"key":"SMITH"}],"neow_cost":"TEN_PERCENT_HP_LOSS","seed_source_timestamp":0,"circlet_count":0,"master_deck":["Strike_R","Strike_R+1","Strike_R","Strike_R+1","Defend_R","Defend_R","Defend_R","Defend_R","Bash+1","Purity","Trip+1","Ghostly Armor+1","Sadistic Nature+1","Limit Break","Regret"],"special_seed":0,"relics":["Black Blood","Tiny Chest","Bottled Flame","Potion Belt","Orichalcum"],"potions_floor_usage":[],"damage_taken":[{"damage":0.0,"enemies":"Small Slimes","floor":1.0,"turns":4.0},{"damage":20.0,"enemies":"3 Sentries","floor":7.0,"turns":10.0},{"damage":1.0,"enemies":"2 Louse","floor":10.0,"turns":3.0},{"damage":0.0,"enemies":"Gremlin Nob","floor":12.0,"turns":3.0},{"damage":1.0,"enemies":"Cultist","floor":14.0,"turns":3.0},{"damage":58.0,"enemies":"Slime Boss","floor":16.0,"turns":10.0},{"damage":0.0,"enemies":"Spheric Guardian","floor":18.0,"turns":1.0},{"damage":31,"enemies":"Chosen","floor":21,"turns":6},{"damage":55,"enemies":"Snecko","floor":22,"turns":7}],"seed_played":"4331729184194227825","potions_obtained":[{"floor":1.0,"key":"Explosive Potion"},{"floor":7.0,"key":"Fire Potion"},{"floor":12.0,"key":"Swift Potion"},{"floor":16.0,"key":"SmokeBomb"}],"is_trial":false,"path_per_floor":["M","?","?","$","?","R","E","R","T","M","R","E","R","M","R","B",null,"M","$","?","M"],"character_chosen":"IRONCLAD","items_purchased":["Sadistic Nature","Orichalcum"],"campfire_rested":1,"item_purchase_floors":[4,19],"current_hp_per_floor":[72,72,58,58,51,51,37,37,37,42,63,69,69,72,72,20,72,72,72,72,51,0],"gold":305,"neow_bonus":"RANDOM_COLORLESS_2","is_prod":false,"is_daily":false,"chose_seed":false,"campfire_upgraded":4,"win_rate":0,"timestamp":1546110639,"path_taken":["M","?","?","$","?","R","E","R","T","?","R","E","R","M","R","BOSS","M","$","?","?","M"],"build_version":"2018-12-25","purchased_purges":2,"victory":false,"max_hp_per_floor":[72,72,72,72,72,72,72,72,72,72,72,72,72,72,72,72,72,72,72,72,72,72],"card_choices":[{"not_picked":["Seeing Red","Thunderclap"],"picked":"Ghostly Armor","floor":1.0},{"not_picked":["Reckless Charge","Juggernaut","Feel No Pain"],"picked":"SKIP","floor":7.0},{"not_picked":["Iron Wave","Pummel","Pommel Strike"],"picked":"SKIP","floor":10.0},{"not_picked":["Wild Strike","Iron Wave","True Grit"],"picked":"SKIP","floor":12.0},{"not_picked":["Sentinel","Twin Strike","Anger"],"picked":"SKIP","floor":14.0},{"not_picked":["Impervious","Fiend Fire"],"picked":"Limit Break","floor":16.0},{"not_picked":["Heavy Blade+1","Sever Soul","Burning Pact"],"picked":"SKIP","floor":21}],"player_experience":354548,"relics_obtained":[{"floor":7.0,"key":"Tiny Chest"},{"floor":9.0,"key":"Bottled Flame"},{"floor":12.0,"key":"Potion Belt"}],"event_choices":[{"damage_healed":0.0,"max_hp_gain":0.0,"max_hp_loss":0.0,"gold_gain":175.0,"event_name":"Liars Game","player_choice":"AGREE","floor":2.0,"gold_loss":0.0,"damage_taken":0.0,"cards_obtained":["Doubt"]},{"damage_healed":0.0,"max_hp_gain":0.0,"max_hp_loss":0.0,"gold_gain":0.0,"event_name":"Shining Light","player_choice":"Entered Light","floor":3.0,"gold_loss":0.0,"damage_taken":14.0,"cards_upgraded":["Strike_R","Strike_R"]},{"damage_healed":0.0,"max_hp_gain":0.0,"max_hp_loss":0.0,"gold_gain":0.0,"event_name":"Wheel of Change","player_choice":"Damaged","floor":5.0,"gold_loss":0.0,"damage_taken":7.0},{"damage_healed":0.0,"max_hp_gain":0.0,"max_hp_loss":0.0,"gold_gain":275.0,"event_name":"Golden Shrine","player_choice":"Desecrate","floor":20.0,"gold_loss":0.0,"damage_taken":0.0,"cards_obtained":["Regret"]}],"is_beta":true,"boss_relics":[{"not_picked":["Cursed Key","Busted Crown"],"picked":"Black Blood"}],"items_purged_floors":[4,19],"is_endless":false,"potions_floor_spawned":[1,7,12,16],"killed_by":"Snecko","ascension_level":0}