{"gold_per_floor":[117,67,87,15,33,65,78,105,105,105,105,105],"floor_reached":12,"playtime":474,"items_purged":[],"score":88,"play_id":"ba7ced98-99b0-4fe7-95d4-e9e00380ec99","local_time":"20190212214833","is_ascension_mode":false,"campfire_choices":[{"floor":10,"key":"REST"}],"neow_cost":"NONE","seed_source_timestamp":78865666311110,"circlet_count":0,"master_deck":["Strike_B","Strike_B+1","Strike_B","Defend_B","Defend_B","Defend_B","Defend_B","Zap","Dualcast","Sunder","Melter","FTL","Hologram","Static Discharge","Rebound","Creative AI+1"],"relics":["Cracked Core","NeowsBlessing","Darkstone Periapt","Anchor","Dodecahedron"],"potions_floor_usage":[6],"damage_taken":[{"damage":0,"enemies":"2 Louse","floor":1,"turns":1},{"damage":0,"enemies":"Jaw Worm","floor":3,"turns":1},{"damage":0,"enemies":"Small Slimes","floor":5,"turns":1},{"damage":31,"enemies":"3 Sentries","floor":6,"turns":5},{"damage":0,"enemies":"2 Fungi Beasts","floor":7,"turns":3},{"damage":32,"enemies":"Gremlin Nob","floor":8,"turns":4},{"damage":12,"enemies":"Lagavulin Event","floor":12,"turns":3}],"seed_played":"4537447251365381025","potions_obtained":[{"floor":1,"key":"Poison Potion"},{"floor":3,"key":"Regen Potion"},{"floor":5,"key":"GamblersBrew"}],"is_trial":false,"path_per_floor":["M","?","M","$","M","E","M","E","T","R","?","?"],"character_chosen":"DEFECT","items_purchased":["FTL"],"campfire_rested":1,"item_purchase_floors":[4],"current_hp_per_floor":[75,75,75,75,75,44,44,12,12,34,19,7],"gold":105,"neow_bonus":"THREE_ENEMY_KILL","is_prod":false,"is_daily":false,"chose_seed":false,"campfire_upgraded":0,"win_rate":0,"timestamp":1550029713,"path_taken":["M","?","M","$","M","E","M","E","T","R","?","?"],"build_version":"2019-01-23","purchased_purges":0,"victory":false,"max_hp_per_floor":[75,75,75,75,75,75,75,75,75,75,75,75],"card_choices":[{"not_picked":["Steam","Leap"],"picked":"Sunder","floor":1},{"not_picked":["Stack","Streamline"],"picked":"Melter","floor":3},{"not_picked":["Beam Cell","Streamline"],"picked":"Hologram","floor":5},{"not_picked":["FTL","Reinforced Body"],"picked":"Static Discharge","floor":6},{"not_picked":["Double Energy","Force Field"],"picked":"Rebound","floor":7},{"not_picked":["Hello World","Rip and Tear"],"picked":"Creative AI","floor":8}],"player_experience":62483,"relics_obtained":[{"floor":6,"key":"Darkstone Periapt"},{"floor":8,"key":"Anchor"},{"floor":9,"key":"Dodecahedron"}],"event_choices":[{"cards_removed":["Strike_B"],"damage_healed":0,"gold_gain":0,"player_choice":"Card Removal","damage_taken":0,"max_hp_gain":0,"max_hp_loss":0,"event_name":"The Cleric","floor":2,"gold_loss":50},{"damage_healed":0,"gold_gain":0,"player_choice":"Entered Light","damage_taken":15,"max_hp_gain":0,"max_hp_loss":0,"event_name":"Shining Light","floor":11,"gold_loss":0,"cards_upgraded":["Creative AI","Strike_B"]},{"damage_healed":0,"gold_gain":0,"player_choice":"Searched \u00271\u0027 times","damage_taken":0,"max_hp_gain":0,"max_hp_loss":0,"event_name":"Dead Adventurer","floor":12,"gold_loss":0}],"is_beta":false,"boss_relics":[],"items_purged_floors":[],"is_endless":false,"potions_floor_spawned":[1,3,5],"killed_by":"Lagavulin Event","ascension_level":0}