{"gold_per_floor":[111,125,85,85,85,124,138,138,138,178,197,10,10,30,30,119,119,133,133,48,65,80,80,80,5,5,25,36,70,85,103,103,103],"floor_reached":33,"playtime":1038,"items_purged":["Strike_G"],"score":658,"play_id":"3b551b4e-72aa-4c51-8c87-339dc91b59fe","local_time":"20190202163732","is_ascension_mode":true,"campfire_choices":[{"data":"Neutralize","floor":8,"key":"SMITH"},{"data":"Apotheosis","floor":15,"key":"SMITH"},{"data":"Footwork","floor":23,"key":"SMITH"},{"floor":32,"key":"REST"}],"neow_cost":"NONE","seed_source_timestamp":50217095381966,"circlet_count":0,"master_deck":["AscendersBane","Defend_G","Defend_G","Defend_G","Defend_G","Defend_G","Strike_G","Strike_G","Strike_G","Strike_G","Survivor","Neutralize+1","Backstab","Blur","Terror","Deadly Poison","Dagger Spray","Sucker Punch","Footwork+1","Apotheosis+1","Cloak And Dagger+1","Die Die Die","Predator","Blade Dance+1","Infinite Blades","Ghostly","Ghostly","Ghostly+1","Infinite Blades","Footwork+1"],"relics":["Ring of the Serpent","NeowsBlessing","Mercury Hourglass","Bloody Idol","Snake Skull","Kunai","Paper Crane","Darkstone Periapt","Vajra","War Paint"],"potions_floor_usage":[10,29,29,30],"damage_taken":[{"damage":0,"enemies":"Small Slimes","floor":1,"turns":1},{"damage":0,"enemies":"Jaw Worm","floor":2,"turns":1},{"damage":0,"enemies":"Gremlin Nob","floor":6,"turns":1},{"damage":0,"enemies":"2 Louse","floor":7,"turns":2},{"damage":0,"enemies":"Lagavulin","floor":10,"turns":6},{"damage":6,"enemies":"Looter","floor":11,"turns":2},{"damage":4,"enemies":"Large Slime","floor":14,"turns":2},{"damage":3,"enemies":"Hexaghost","floor":16,"turns":11},{"damage":0,"enemies":"Spheric Guardian","floor":18,"turns":6},{"damage":2,"enemies":"3 Byrds","floor":21,"turns":5},{"damage":9,"enemies":"Sentry and Sphere","floor":22,"turns":6},{"damage":2,"enemies":"Cultist and Chosen","floor":27,"turns":6},{"damage":1,"enemies":"Shelled Parasite and Fungi","floor":28,"turns":6},{"damage":28,"enemies":"Slavers","floor":29,"turns":7},{"damage":2,"enemies":"Sentry and Sphere","floor":30,"turns":6},{"damage":11,"enemies":"Centurion and Healer","floor":31,"turns":6},{"damage":28,"enemies":"Collector","floor":33,"turns":6}],"seed_played":"1447942063042745020","potions_obtained":[{"floor":6,"key":"Block Potion"},{"floor":11,"key":"Regen Potion"},{"floor":16,"key":"Strength Potion"},{"floor":29,"key":"SpeedPotion"}],"is_trial":false,"path_per_floor":["M","M","$","?","?","E","M","R","T","E","M","$","?","M","R","B",null,"M","?","?","M","M","R","?","$","T","M","M","E","M","M","R","B"],"character_chosen":"THE_SILENT","items_purchased":["Terror","Apotheosis"],"campfire_rested":1,"item_purchase_floors":[3,12],"current_hp_per_floor":[59,59,59,48,48,48,48,48,48,48,42,42,42,38,38,35,54,54,54,54,57,53,53,30,30,30,30,30,21,24,18,27,0],"gold":103,"neow_bonus":"THREE_ENEMY_KILL","is_prod":false,"is_daily":false,"chose_seed":false,"campfire_upgraded":3,"win_rate":0,"timestamp":1549154252,"path_taken":["M","M","$","?","?","E","M","R","T","E","M","$","?","M","R","BOSS","M","?","?","M","M","R","?","?","T","M","M","E","M","M","R","BOSS"],"build_version":"2019-01-23","purchased_purges":1,"victory":false,"max_hp_per_floor":[66,66,66,66,60,60,60,60,60,60,60,60,60,60,60,60,60,60,60,60,60,60,60,30,30,30,30,30,30,30,30,30,30],"card_choices":[{"not_picked":["Cloak And Dagger","Bane"],"picked":"Backstab","floor":1},{"not_picked":["Caltrops","Sucker Punch"],"picked":"Blur","floor":2},{"not_picked":["Infinite Blades","Escape Plan"],"picked":"Deadly Poison","floor":6},{"not_picked":["Cloak And Dagger","Accuracy"],"picked":"Dagger Spray","floor":7},{"not_picked":["Finisher","Acrobatics"],"picked":"Sucker Punch","floor":10},{"not_picked":["Backflip","Dagger Spray"],"picked":"Footwork","floor":11},{"not_picked":["Sucker Punch","Infinite Blades"],"picked":"Cloak And Dagger","floor":14},{"not_picked":["Tools of the Trade","Doppelganger"],"picked":"Die Die Die","floor":16},{"not_picked":["Masterful Stab","Eviscerate"],"picked":"Predator","floor":18},{"not_picked":["Quick Slash","Crippling Poison"],"picked":"Blade Dance+1","floor":21},{"not_picked":["Underhanded Strike","Slice"],"picked":"Infinite Blades","floor":22},{"not_picked":["Slice","Backflip"],"picked":"Infinite Blades","floor":27},{"not_picked":["Accuracy","Distraction+1"],"picked":"Footwork+1","floor":28},{"not_picked":["Distraction","Quick Slash","Setup"],"picked":"SKIP","floor":29}],"player_experience":1107720,"relics_obtained":[{"floor":6,"key":"Snake Skull"},{"floor":9,"key":"Kunai"},{"floor":10,"key":"Paper Crane"},{"floor":26,"key":"Vajra"},{"floor":29,"key":"War Paint"}],"event_choices":[{"damage_healed":0,"gold_gain":0,"player_choice":"Success","damage_taken":11,"relics_obtained":["Mercury Hourglass"],"max_hp_gain":0,"max_hp_loss":0,"event_name":"Scrap Ooze","floor":4,"gold_loss":0},{"damage_healed":0,"gold_gain":0,"player_choice":"Lose Max HP","damage_taken":0,"relics_obtained":["Golden Idol"],"max_hp_gain":0,"max_hp_loss":6,"event_name":"Golden Idol","floor":5,"gold_loss":0},{"damage_healed":0,"gold_gain":0,"player_choice":"Leave","damage_taken":0,"max_hp_gain":0,"max_hp_loss":0,"event_name":"The Cleric","floor":13,"gold_loss":0},{"damage_healed":0,"gold_gain":0,"player_choice":"Gave Idol","damage_taken":0,"relics_obtained":["Bloody Idol"],"max_hp_gain":0,"max_hp_loss":0,"event_name":"Forgotten Altar","floor":19,"relics_lost":["Golden Idol"],"gold_loss":0},{"damage_healed":0,"gold_gain":0,"player_choice":"Obtained Relic","damage_taken":0,"relics_obtained":["Darkstone Periapt"],"max_hp_gain":0,"max_hp_loss":0,"event_name":"Addict","floor":20,"gold_loss":85},{"damage_healed":0,"gold_gain":0,"player_choice":"Became a Ghost","damage_taken":0,"max_hp_gain":0,"max_hp_loss":30,"event_name":"Ghosts","floor":24,"gold_loss":0,"cards_obtained":["Ghostly","Ghostly","Ghostly"]}],"is_beta":true,"boss_relics":[{"not_picked":["Lizard Tail","HoveringKite"],"picked":"Ring of the Serpent"}],"items_purged_floors":[25],"is_endless":false,"potions_floor_spawned":[6,11,16,21,27,29],"killed_by":"Collector","ascension_level":20}