{"gold_per_floor":[216,216,216,216,72,101,101,134,134,134,148,148,167,183,183,261,261,275,286,286],"floor_reached":20,"playtime":566,"items_purged":[],"score":364,"play_id":"dcf2ceae-512a-42d3-939f-146dfaee58dc","local_time":"20190213210230","is_ascension_mode":true,"campfire_choices":[{"data":"Strike_R","floor":7.0,"key":"SMITH"},{"data":"Shrug It Off","floor":10.0,"key":"SMITH"},{"data":"Inflame","floor":15,"key":"SMITH"}],"neow_cost":"NONE","seed_source_timestamp":14806643506300,"circlet_count":0,"master_deck":["AscendersBane","Strike_R","Strike_R","Strike_R","Strike_R+1","Defend_R","Defend_R","Defend_R","Bash+1","Ghostly Armor","Shrug It Off+1","Twin Strike","Inflame+1","Rampage+1"],"special_seed":0,"relics":["Black Blood","FossilizedHelix","StoneCalendar","Bottled Lightning","Lantern"],"potions_floor_usage":[],"damage_taken":[{"damage":4.0,"enemies":"2 Louse","floor":1.0,"turns":3.0},{"damage":8.0,"enemies":"Gremlin Nob","floor":6.0,"turns":3.0},{"damage":27.0,"enemies":"Lagavulin","floor":8.0,"turns":7.0},{"damage":0.0,"enemies":"Small Slimes","floor":11.0,"turns":4.0},{"damage":0.0,"enemies":"Cultist","floor":13.0,"turns":4.0},{"damage":4,"enemies":"3 Louse","floor":14,"turns":4},{"damage":18,"enemies":"Slime Boss","floor":16,"turns":7},{"damage":42,"enemies":"Shell Parasite","floor":18,"turns":6},{"damage":26,"enemies":"Chosen","floor":19,"turns":6},{"damage":19,"enemies":"Colosseum Slavers","floor":20,"turns":3}],"seed_played":"-8328193898017572299","potions_obtained":[{"floor":1.0,"key":"GamblersBrew"},{"floor":11.0,"key":"Poison Potion"},{"floor":13.0,"key":"Ancient Potion"},{"floor":19,"key":"Ancient Potion"}],"is_trial":false,"path_per_floor":["M","?","?","?","$","E","R","E","T","R","M","?","M","M","R","B",null,"M","M","?"],"character_chosen":"IRONCLAD","items_purchased":["Ghostly Armor","SteroidPotion"],"campfire_rested":0,"item_purchase_floors":[5,5],"current_hp_per_floor":[70,70,63,63,63,61,61,40,40,40,46,46,52,54,54,42,67,35,19,0],"gold":286,"neow_bonus":"HUNDRED_GOLD","is_prod":false,"is_daily":false,"chose_seed":false,"campfire_upgraded":3,"win_rate":0,"timestamp":1550084550,"path_taken":["M","?","?","?","$","E","R","E","T","R","?","?","M","?","R","BOSS","M","M","?"],"build_version":"2019-01-23","purchased_purges":0,"victory":false,"max_hp_per_floor":[75,75,75,75,75,75,75,75,75,75,75,75,75,75,75,75,75,75,75,75],"card_choices":[{"not_picked":["Havoc","Dual Wield","Clothesline"],"picked":"SKIP","floor":1.0},{"not_picked":["Thunderclap","Havoc","Headbutt"],"picked":"SKIP","floor":6.0},{"not_picked":["Havoc","Headbutt"],"picked":"Shrug It Off","floor":8.0},{"not_picked":["Wild Strike","Burning Pact","Anger"],"picked":"SKIP","floor":11.0},{"not_picked":["True Grit","Thunderclap"],"picked":"Twin Strike","floor":13.0},{"not_picked":["Armaments","Whirlwind"],"picked":"Inflame","floor":14},{"not_picked":["Armaments","Rupture","Wild Strike"],"picked":"SKIP","floor":18},{"not_picked":["Uppercut","Twin Strike"],"picked":"Rampage+1","floor":19}],"player_experience":741145,"relics_obtained":[{"floor":6.0,"key":"FossilizedHelix"},{"floor":8.0,"key":"StoneCalendar"},{"floor":9.0,"key":"Bottled Lightning"}],"event_choices":[{"cards_removed":["Strike_R"],"damage_healed":0.0,"max_hp_gain":0.0,"max_hp_loss":0.0,"gold_gain":0.0,"event_name":"Living Wall","player_choice":"Forget","floor":2.0,"gold_loss":0.0,"damage_taken":0.0},{"cards_removed":["Defend_R"],"damage_healed":0.0,"max_hp_gain":0.0,"max_hp_loss":0.0,"gold_gain":0.0,"event_name":"Golden Wing","player_choice":"Card Removal","floor":3.0,"gold_loss":0.0,"damage_taken":7.0},{"damage_healed":0.0,"max_hp_gain":0.0,"max_hp_loss":0.0,"gold_gain":0.0,"event_name":"Accursed Blacksmith","player_choice":"Forge","floor":4.0,"gold_loss":0.0,"damage_taken":0.0,"cards_upgraded":["Bash"]},{"damage_healed":0.0,"max_hp_gain":0.0,"max_hp_loss":0.0,"gold_gain":0.0,"event_name":"WeMeetAgain","player_choice":"Gave Potion","floor":12.0,"gold_loss":0.0,"damage_taken":0.0,"relics_obtained":["Lantern"]},{"damage_healed":0,"gold_gain":0,"player_choice":"Fight","damage_taken":0,"max_hp_gain":0,"max_hp_loss":0,"event_name":"Colosseum","floor":20,"gold_loss":0}],"is_beta":false,"boss_relics":[{"not_picked":["Runic Cube","Calling Bell"],"picked":"Black Blood"}],"items_purged_floors":[],"is_endless":false,"potions_floor_spawned":[1,11,13,19],"killed_by":"Colosseum Slavers","ascension_level":20}