{"path_per_floor":["M","?","$","?","?","E","R","E","T","M","M","M","$","M","R","B",null,"M","?","?","$","?"],"character_chosen":"DEFECT","items_purchased":["Bandage Up","Vajra","Magnetism","Sunder"],"gold_per_floor":[111,111,9,9,9,34,34,369,369,385,401,420,202,218,218,318,318,337,337,262,6,6,6],"floor_reached":23,"campfire_rested":1,"playtime":1241,"current_hp_per_floor":[75,75,75,75,75,47,47,22,22,22,22,26,26,21,43,6,75,43,68,68,68,68,0],"items_purged":["Reprogram"],"gold":6,"score":236,"play_id":"1c767782-98d7-4de1-bdf2-d205fdaa7a48","local_time":"20180508210300","is_prod":false,"is_daily":false,"chose_seed":false,"is_ascension_mode":true,"campfire_upgraded":1,"timestamp":1525838580,"path_taken":["M","?","$","?","?","E","R","E","T","?","M","M","$","M","R","BOSS","M","?","?","$","?","E"],"build_version":"2018-05-07","seed_source_timestamp":133641948078888,"purchased_purges":1,"victory":false,"master_deck":["Strike_B","Strike_B","Defend_B","Defend_B","Defend_B+1","Zap","Dualcast","Sweeping Beam","Rip and Tear+1","Bandage Up","Creative AI","Magnetism","Sunder"],"max_hp_per_floor":[75,75,75,75,75,75,75,75,75,75,75,75,75,75,75,75,75,75,75,75,75,75,75],"relics":["Cracked Core","Pen Nib","Old Coin","Prayer Wheel","Vajra","Sozu"],"card_choices":[{"not_picked":["Rebound","Stack"],"picked":"Sweeping Beam","floor":1},{"not_picked":["Machine Learning","Fusion"],"picked":"Creative AI","floor":16}],"player_experience":186778,"potions_floor_usage":[16,16,16],"damage_taken":[{"damage":0,"enemies":"2 Louse","floor":1,"turns":1},{"damage":32,"enemies":"3 Sentries","floor":6,"turns":5},{"damage":29,"enemies":"Lagavulin","floor":8,"turns":6},{"damage":0,"enemies":"Cultist","floor":10,"turns":1},{"damage":4,"enemies":"Jaw Worm","floor":11,"turns":2},{"damage":0,"enemies":"Large Slime","floor":12,"turns":3},{"damage":5,"enemies":"3 Louse","floor":14,"turns":2},{"damage":48,"enemies":"The Guardian","floor":16,"turns":9},{"damage":36,"enemies":"2 Thieves","floor":18,"turns":3},{"damage":78,"enemies":"Book of Stabbing","floor":23,"turns":5}],"event_choices":[{"event_name":"Transmorgrifier","player_choice":"Transform","floor":2,"damage_taken":0},{"event_name":"Living Wall","player_choice":"Change","floor":4,"damage_taken":0},{"event_name":"The Cleric","player_choice":"Leave","floor":5,"damage_taken":0},{"event_name":"The Library","player_choice":"Heal","floor":19,"damage_taken":0},{"event_name":"Beggar","player_choice":"Gave Gold","floor":20,"damage_taken":0},{"event_name":"The Mausoleum","player_choice":"No","floor":22,"damage_taken":0}],"boss_relics":[{"not_picked":["Eternal Feather","Ectoplasm"],"picked":"Sozu"}],"potions_floor_spawned":[8,11,14,18],"seed_played":"-2440492413707462382","killed_by":"Book of Stabbing","ascension_level":4,"is_trial":false}