{"gold_per_floor":[117,167,180,192,35,35,64,64,64,64,81,97,122,133,133,206,206,223,138,63,63,80,80,92,127,127,127],"floor_reached":27,"playtime":991,"items_purged":["Strike_B"],"score":437,"play_id":"9a67fb49-c325-4ad8-a2aa-cd0f92e47ee0","local_time":"20190127235140","is_ascension_mode":true,"campfire_choices":[{"data":"Trip","floor":6,"key":"SMITH"},{"floor":10,"key":"REST"},{"data":"Defragment","floor":15,"key":"SMITH"},{"data":"Capacitor","floor":23,"key":"SMITH"}],"neow_cost":"NONE","seed_source_timestamp":393172283792,"circlet_count":0,"master_deck":["AscendersBane","Strike_B","Strike_B","Defend_B","Defend_B","Defend_B","Defend_B","Zap","Dualcast","Trip+1","Ball Lightning","Sunder","Cold Snap","Capacitor+1","Undo","Ball Lightning","Defragment+1","Self Repair","Creative AI","Conserve Battery","Steam+1","Conserve Battery+1","Buffer","Decay"],"relics":["Cracked Core","Oddly Smooth Stone","Calipers","Incense Burner","Pantograph","Cursed Key","Mango","MutagenicStrength","Anchor","Girya"],"potions_floor_usage":[13,16,25,25],"damage_taken":[{"damage":0,"enemies":"Small Slimes","floor":1,"turns":3},{"damage":1,"enemies":"Cultist","floor":3,"turns":3},{"damage":9,"enemies":"2 Louse","floor":4,"turns":3},{"damage":26,"enemies":"Lagavulin","floor":7,"turns":5},{"damage":0,"enemies":"Exordium Wildlife","floor":11,"turns":3},{"damage":12,"enemies":"Exordium Thugs","floor":12,"turns":4},{"damage":18,"enemies":"Gremlin Nob","floor":13,"turns":4},{"damage":0,"enemies":"Large Slime","floor":14,"turns":4},{"damage":13,"enemies":"The Guardian","floor":16,"turns":11},{"damage":20,"enemies":"2 Thieves","floor":18,"turns":3},{"damage":2,"enemies":"Chosen","floor":22,"turns":4},{"damage":27,"enemies":"Shelled Parasite and Fungi","floor":24,"turns":6},{"damage":32,"enemies":"Slavers","floor":25,"turns":7},{"damage":18,"enemies":"Sentry and Sphere","floor":27,"turns":5}],"seed_played":"-7180135963824997455","potions_obtained":[{"floor":3,"key":"FocusPotion"},{"floor":12,"key":"Block Potion"},{"floor":14,"key":"FearPotion"},{"floor":16,"key":"Dexterity Potion"}],"is_trial":false,"path_per_floor":["M","?","M","M","$","R","E","?","T","R","M","M","E","M","R","B",null,"M","?","$","?","M","R","M","E","T","M"],"character_chosen":"DEFECT","items_purchased":["Oddly Smooth Stone"],"campfire_rested":1,"item_purchase_floors":[5],"current_hp_per_floor":[64,64,63,54,54,54,28,28,28,49,49,37,19,19,19,38,63,50,64,64,64,69,69,49,17,17,0],"gold":127,"neow_bonus":"RANDOM_COLORLESS","is_prod":false,"is_daily":false,"chose_seed":false,"campfire_upgraded":3,"win_rate":0,"timestamp":1548661900,"path_taken":["M","?","?","M","$","R","E","?","T","R","M","?","E","M","R","BOSS","M","?","$","?","M","R","?","E","T","M"],"build_version":"2019-01-23","purchased_purges":1,"victory":false,"max_hp_per_floor":[71,71,71,71,71,71,71,71,71,71,71,71,71,71,71,71,71,71,85,85,85,85,85,85,85,85,85],"card_choices":[{"not_picked":["Compile Driver","Beam Cell"],"picked":"Ball Lightning","floor":1},{"not_picked":["Consume","Cold Snap"],"picked":"Sunder","floor":3},{"not_picked":["Stack","Conserve Battery"],"picked":"Cold Snap","floor":4},{"not_picked":["Cold Snap","Streamline"],"picked":"Capacitor","floor":7},{"not_picked":["Go for the Eyes","Gash"],"picked":"Ball Lightning","floor":11},{"not_picked":["Turbo","Gash","Recycle"],"picked":"SKIP","floor":12},{"not_picked":["Force Field","Lockon"],"picked":"Defragment","floor":13},{"not_picked":["Chill","Reprogram"],"picked":"Self Repair","floor":14},{"not_picked":["Amplify","Thunder Strike"],"picked":"Creative AI","floor":16},{"not_picked":["Gash+1","Steam"],"picked":"Conserve Battery","floor":18},{"not_picked":["Storm","Lockon+1"],"picked":"Steam+1","floor":22},{"not_picked":["Compile Driver","Static Discharge"],"picked":"Conserve Battery+1","floor":24},{"not_picked":["Undo","Leap"],"picked":"Buffer","floor":25}],"player_experience":414398,"relics_obtained":[{"floor":7,"key":"Calipers"},{"floor":9,"key":"Incense Burner"},{"floor":13,"key":"Pantograph"},{"floor":25,"key":"Anchor"},{"floor":26,"key":"Girya"}],"event_choices":[{"damage_healed":0,"gold_gain":50,"player_choice":"Pray","damage_taken":0,"max_hp_gain":0,"max_hp_loss":0,"event_name":"Golden Shrine","floor":2,"gold_loss":0},{"damage_healed":0,"gold_gain":0,"cards_transformed":["Strike_B"],"player_choice":"Transformed","damage_taken":0,"max_hp_gain":0,"max_hp_loss":0,"event_name":"Transmorgrifier","floor":8,"gold_loss":0,"cards_obtained":["Undo"]},{"damage_healed":0,"gold_gain":0,"player_choice":"Obtained Relic","damage_taken":0,"relics_obtained":["Mango"],"max_hp_gain":0,"max_hp_loss":0,"event_name":"Addict","floor":19,"gold_loss":85},{"damage_healed":0,"gold_gain":0,"player_choice":"Inject Mutagens","damage_taken":0,"relics_obtained":["MutagenicStrength"],"max_hp_gain":0,"max_hp_loss":0,"event_name":"Drug Dealer","floor":21,"gold_loss":0}],"is_beta":false,"boss_relics":[{"not_picked":["Coffee Dripper","Fusion Hammer"],"picked":"Cursed Key"}],"items_purged_floors":[20],"is_endless":false,"potions_floor_spawned":[3,12,14,16,22],"killed_by":"Sentry and Sphere","ascension_level":16}