{"gold_per_floor":[112,112,123,134,59,59,9,9,64,74,84,116,116,134,134,134],"floor_reached":16,"playtime":745,"items_purged":["Injury"],"score":133,"play_id":"2867aef0-8851-40f3-932d-6d6677cfb27b","local_time":"20190104221637","is_ascension_mode":true,"campfire_choices":[{"data":"Dodge and Roll","floor":6,"key":"SMITH"},{"data":"Bouncing Flask","floor":15,"key":"SMITH"}],"neow_cost":"CURSE","seed_source_timestamp":176065405155762,"circlet_count":0,"master_deck":["Defend_G","Defend_G","Defend_G","Strike_G","Strike_G","Strike_G","Strike_G","Strike_G","Survivor","Neutralize+1","PiercingWail","Dodge and Roll+1","Deflect","Bouncing Flask+1","Footwork+1","Blur"],"relics":["Ring of the Snake","Calipers","Vajra","Art of War","Frozen Egg 2"],"potions_floor_usage":[11,12],"damage_taken":[{"damage":1,"enemies":"2 Louse","floor":1,"turns":4},{"damage":0,"enemies":"Cultist","floor":3,"turns":5},{"damage":0,"enemies":"Jaw Worm","floor":4,"turns":6},{"damage":3,"enemies":"Large Slime","floor":10,"turns":9},{"damage":0,"enemies":"Lots of Slimes","floor":11,"turns":1},{"damage":6,"enemies":"Lagavulin","floor":12,"turns":7},{"damage":0,"enemies":"2 Fungi Beasts","floor":14,"turns":3},{"damage":60,"enemies":"Slime Boss","floor":16,"turns":10}],"seed_played":"5328157349714048955","potions_obtained":[{"floor":3,"key":"Explosive Potion"},{"floor":10,"key":"AttackPotion"},{"floor":12,"key":"Energy Potion"}],"is_trial":false,"path_per_floor":["M","?","M","M","$","R","?","?","T","M","M","E","?","M","R","B"],"character_chosen":"THE_SILENT","items_purchased":[],"campfire_rested":0,"item_purchase_floors":[],"current_hp_per_floor":[62,62,62,62,62,62,62,62,62,59,59,53,53,53,53,0],"gold":134,"neow_bonus":"ONE_RARE_RELIC","is_prod":false,"is_daily":false,"chose_seed":false,"campfire_upgraded":2,"win_rate":0,"timestamp":1546640197,"path_taken":["M","?","M","?","$","R","?","?","T","?","M","E","?","?","R","BOSS"],"build_version":"2019-01-03v4","purchased_purges":1,"victory":false,"max_hp_per_floor":[70,70,70,70,70,70,70,70,70,70,70,70,70,70,70,70],"card_choices":[{"not_picked":["Sucker Punch","Skewer"],"picked":"PiercingWail","floor":1},{"not_picked":["Riddle With Holes","Choke"],"picked":"Dodge and Roll","floor":3},{"not_picked":["All Out Attack","Sucker Punch"],"picked":"Deflect","floor":4},{"not_picked":["Acrobatics","Quick Slash","Dagger Throw"],"picked":"SKIP","floor":10},{"not_picked":["Terror","Expertise"],"picked":"Bouncing Flask","floor":11},{"not_picked":["Prepared","Masterful Stab"],"picked":"Footwork","floor":12},{"not_picked":["Tactician","Reflex","Underhanded Strike"],"picked":"SKIP","floor":14}],"player_experience":371998,"relics_obtained":[{"floor":2,"key":"Vajra"},{"floor":9,"key":"Art of War"},{"floor":12,"key":"Frozen Egg 2"}],"event_choices":[{"damage_healed":0,"gold_gain":0,"player_choice":"Relic","damage_taken":0,"max_hp_gain":0,"max_hp_loss":0,"event_name":"Wheel of Change","floor":2,"gold_loss":0},{"cards_removed":["Defend_G"],"damage_healed":0,"gold_gain":0,"player_choice":"Card Removal","damage_taken":0,"max_hp_gain":0,"max_hp_loss":0,"event_name":"The Cleric","floor":7,"gold_loss":50},{"damage_healed":0,"gold_gain":0,"player_choice":"Upgraded","damage_taken":0,"max_hp_gain":0,"max_hp_loss":0,"event_name":"Upgrade Shrine","floor":8,"gold_loss":0,"cards_upgraded":["Neutralize"]},{"damage_healed":0,"gold_gain":0,"cards_transformed":["Defend_G"],"player_choice":"Transformed","damage_taken":0,"max_hp_gain":0,"max_hp_loss":0,"event_name":"Transmorgrifier","floor":13,"gold_loss":0,"cards_obtained":["Blur"]}],"is_beta":true,"boss_relics":[],"items_purged_floors":[5],"is_endless":false,"potions_floor_spawned":[3,10,12],"killed_by":"Slime Boss","ascension_level":6}