{"gold_per_floor":[114,39,55,72,72,102,114,114,114,14,25,25,25,39,39,39],"floor_reached":16,"playtime":255,"items_purged":["Defend_R","Defend_R"],"score":107,"play_id":"19cf2401-9cc1-40b2-bf4a-0e317c5a3c80","local_time":"20190202140430","is_ascension_mode":true,"campfire_choices":[{"floor":8,"key":"REST"},{"data":"Clothesline","floor":12,"key":"SMITH"},{"floor":15,"key":"REST"}],"neow_cost":"NONE","seed_source_timestamp":39870152000547,"circlet_count":0,"master_deck":["Strike_R","Strike_R","Strike_R","Strike_R","Strike_R","Defend_R","Defend_R","Bash+1","Sunder"],"relics":["Philosopher\u0027s Stone","Bird Faced Urn","Girya"],"potions_floor_usage":[6],"damage_taken":[{"damage":0,"enemies":"Cultist","floor":1,"turns":3},{"damage":6,"enemies":"Small Slimes","floor":3,"turns":3},{"damage":7,"enemies":"Jaw Worm","floor":4,"turns":3},{"damage":28,"enemies":"Lagavulin","floor":6,"turns":5},{"damage":34,"enemies":"Large Slime","floor":7,"turns":5},{"damage":7,"enemies":"Blue Slaver","floor":11,"turns":3},{"damage":2,"enemies":"Exordium Thugs","floor":14,"turns":3},{"damage":0,"enemies":"The Guardian","floor":16,"turns":1}],"seed_played":"1959756196806257768","potions_obtained":[{"floor":1,"key":"GamblersBrew"},{"floor":11,"key":"PowerPotion"},{"floor":14,"key":"Strength Potion"}],"is_trial":false,"path_per_floor":["M","$","M","M","?","E","M","R","T","$","M","R","?","M","R","B"],"character_chosen":"IRONCLAD","items_purchased":[],"campfire_rested":2,"item_purchase_floors":[],"current_hp_per_floor":[80,80,74,67,67,39,5,29,29,29,22,22,22,20,44,44],"gold":39,"neow_bonus":"BOSS_RELIC","is_prod":false,"is_daily":false,"chose_seed":true,"campfire_upgraded":1,"win_rate":0,"timestamp":1549145070,"path_taken":["M","?","?","M","?","E","M","R","T","$","?","R","?","M","R","BOSS"],"build_version":"2019-01-23","purchased_purges":2,"victory":false,"max_hp_per_floor":[80,80,80,80,80,80,80,80,80,80,80,80,80,80,80,80],"card_choices":[{"not_picked":["Headbutt","Rage","Clothesline"],"picked":"SKIP","floor":3},{"not_picked":["Shrug It Off","Reckless Charge","Anger"],"picked":"SKIP","floor":4},{"not_picked":["Feel No Pain","Hemokinesis","Fire Breathing"],"picked":"SKIP","floor":6},{"not_picked":["Feel No Pain","Perfected Strike"],"picked":"Clothesline","floor":7},{"not_picked":["Bloodletting","Sword Boomerang","Cleave"],"picked":"SKIP","floor":14}],"player_experience":1102203,"relics_obtained":[{"floor":6,"key":"Bird Faced Urn"},{"floor":9,"key":"Girya"}],"event_choices":[{"damage_healed":0,"gold_gain":0,"player_choice":"Forge","damage_taken":0,"max_hp_gain":0,"max_hp_loss":0,"event_name":"Accursed Blacksmith","floor":5,"gold_loss":0,"cards_upgraded":["Bash"]},{"cards_removed":["Clothesline"],"damage_healed":0,"gold_gain":0,"player_choice":"Took Card","damage_taken":0,"max_hp_gain":0,"max_hp_loss":0,"event_name":"NoteForYourself","floor":13,"gold_loss":0,"cards_obtained":["Sunder"]}],"is_beta":true,"boss_relics":[],"items_purged_floors":[2,10],"is_endless":false,"potions_floor_spawned":[1,11,14],"killed_by":"The Guardian","ascension_level":1}