{"gold_per_floor":[116,127,127,202,217,217,251,251,277,306,316,316,329,329,329,432,432,452,338,338,253,153,153,153,187,187,187,197,197,197,208,208,312,312,330,345,363,363],"floor_reached":38,"playtime":1399,"items_purged":["Regret","Shame"],"score":507,"play_id":"99a79ec6-84b3-43c4-94f6-d730544a9f33","local_time":"20190208142729","is_ascension_mode":true,"campfire_choices":[{"data":"Searing Blow","floor":6,"key":"SMITH"},{"data":"Searing Blow+2","floor":8,"key":"SMITH"},{"floor":15,"key":"REST"},{"data":"Searing Blow+3","floor":23,"key":"SMITH"},{"data":"Searing Blow+4","floor":27,"key":"SMITH"},{"data":"Searing Blow+5","floor":29,"key":"SMITH"},{"floor":32,"key":"REST"}],"neow_cost":"NONE","seed_source_timestamp":82374128516261,"circlet_count":0,"master_deck":["Strike_R+1","Strike_R","Strike_R","Strike_R","Defend_R","Defend_R","Defend_R","Bash","True Grit","Metallicize","Searing Blow+6","Double Tap","Spot Weakness","Infernal Blade","Injury","Metallicize","Metallicize","Metallicize+1"],"relics":["Burning Blood","Bronze Scales","Whetstone","Anchor","Happy Flower","Mummified Hand","Calling Bell","Juzu Bracelet","Mercury Hourglass","Unceasing Top","Dodecahedron","Omamori","Frozen Egg 2","Velvet Choker"],"potions_floor_usage":[11,25,33,33],"damage_taken":[{"damage":2,"enemies":"2 Louse","floor":1,"turns":2},{"damage":0,"enemies":"Small Slimes","floor":2,"turns":3},{"damage":5,"enemies":"Jaw Worm","floor":5,"turns":6},{"damage":30,"enemies":"3 Sentries","floor":7,"turns":10},{"damage":29,"enemies":"Lagavulin","floor":10,"turns":6},{"damage":2,"enemies":"Exordium Wildlife","floor":11,"turns":5},{"damage":0,"enemies":"3 Louse","floor":13,"turns":3},{"damage":42,"enemies":"Hexaghost","floor":16,"turns":8},{"damage":20,"enemies":"2 Thieves","floor":18,"turns":3},{"damage":30,"enemies":"Slavers","floor":25,"turns":5},{"damage":0,"enemies":"3 Byrds","floor":28,"turns":3},{"damage":9,"enemies":"Snecko","floor":31,"turns":4},{"damage":43,"enemies":"Champ","floor":33,"turns":10},{"damage":37,"enemies":"3 Darklings","floor":35,"turns":6},{"damage":7,"enemies":"3 Shapes","floor":36,"turns":9},{"damage":45,"enemies":"Writhing Mass","floor":37,"turns":8},{"damage":23,"enemies":"Maw","floor":38,"turns":2}],"seed_played":"-207959022127561765","potions_obtained":[{"floor":2,"key":"Swift Potion"},{"floor":7,"key":"Strength Potion"},{"floor":10,"key":"FearPotion"},{"floor":11,"key":"SpeedPotion"},{"floor":25,"key":"LiquidBronze"},{"floor":28,"key":"Fire Potion"},{"floor":36,"key":"Ancient Potion"}],"is_trial":false,"path_per_floor":["M","M","?","?","M","R","E","R","T","E","M","T","M","?","R","B",null,"M","$","?","?","$","R","?","E","T","R","M","R","?","M","R","B",null,"M","M","M","M"],"character_chosen":"IRONCLAD","items_purchased":["Metallicize"],"campfire_rested":2,"item_purchase_floors":[19],"current_hp_per_floor":[80,80,73,62,63,63,39,39,39,16,20,20,26,26,50,14,80,66,66,51,51,51,51,51,27,27,27,33,33,33,30,55,18,85,54,53,14,0],"gold":363,"neow_bonus":"RANDOM_COMMON_RELIC","is_prod":false,"is_daily":false,"chose_seed":false,"campfire_upgraded":5,"win_rate":0,"timestamp":1549632449,"path_taken":["M","M","?","?","M","R","E","R","T","E","?","?","M","?","R","BOSS","M","$","?","?","$","R","?","E","T","R","M","R","?","M","R","BOSS","M","M","M","M"],"build_version":"2019-01-23","purchased_purges":2,"victory":false,"max_hp_per_floor":[80,80,80,80,80,80,80,80,80,80,80,80,80,80,80,80,80,80,80,85,85,85,85,85,85,85,85,85,85,85,85,85,85,85,85,85,85,85],"card_choices":[{"not_picked":["Second Wind","Flex"],"picked":"True Grit","floor":1},{"not_picked":["Inflame","Havoc"],"picked":"Metallicize","floor":2},{"not_picked":["Heavy Blade","Anger"],"picked":"Searing Blow","floor":5},{"not_picked":["Anger","Clash","Carnage"],"picked":"SKIP","floor":7},{"not_picked":["Shockwave","Iron Wave"],"picked":"Double Tap","floor":10},{"not_picked":["Warcry","Infernal Blade"],"picked":"Spot Weakness","floor":11},{"not_picked":["Perfected Strike","Infernal Blade","Evolve"],"picked":"SKIP","floor":13},{"not_picked":["Sword Boomerang","Body Slam+1","Carnage"],"picked":"SKIP","floor":18},{"not_picked":["Uppercut+1","Ghostly Armor"],"picked":"Metallicize","floor":25},{"not_picked":["Demon Form+1","Havoc","Warcry"],"picked":"SKIP","floor":28},{"not_picked":["Sword Boomerang","Cleave","Seeing Red"],"picked":"SKIP","floor":31},{"not_picked":["Uppercut+1","Inflame+1","Sentinel"],"picked":"SKIP","floor":35},{"not_picked":["Sword Boomerang+1","Flex+1","Perfected Strike+1"],"picked":"SKIP","floor":36},{"not_picked":["Seeing Red+1","Cleave","Rupture+1"],"picked":"SKIP","floor":37}],"player_experience":249170,"relics_obtained":[{"floor":7,"key":"Whetstone"},{"floor":9,"key":"Anchor"},{"floor":10,"key":"Happy Flower"},{"floor":12,"key":"Mummified Hand"},{"floor":17,"key":"Juzu Bracelet"},{"floor":17,"key":"Mercury Hourglass"},{"floor":17,"key":"Unceasing Top"},{"floor":25,"key":"Omamori"},{"floor":26,"key":"Frozen Egg 2"}],"event_choices":[{"cards_removed":["Strike_R"],"damage_healed":0,"gold_gain":0,"player_choice":"Card Removal","damage_taken":7,"max_hp_gain":0,"max_hp_loss":0,"event_name":"Golden Wing","floor":3,"gold_loss":0},{"damage_healed":0,"gold_gain":75,"player_choice":"Gather Gold","damage_taken":11,"max_hp_gain":0,"max_hp_loss":0,"event_name":"World of Goop","floor":4,"gold_loss":0},{"damage_healed":0,"gold_gain":0,"cards_transformed":["Defend_R"],"player_choice":"Transformed","damage_taken":0,"max_hp_gain":0,"max_hp_loss":0,"event_name":"Transmorgrifier","floor":14,"gold_loss":0,"cards_obtained":["Infernal Blade"]},{"damage_healed":0,"gold_gain":0,"player_choice":"Shed Blood","damage_taken":20,"max_hp_gain":5,"max_hp_loss":0,"event_name":"Forgotten Altar","floor":20,"gold_loss":0},{"damage_healed":0,"gold_gain":0,"player_choice":"Obtained Relic","damage_taken":0,"relics_obtained":["Dodecahedron"],"max_hp_gain":0,"max_hp_loss":0,"event_name":"Addict","floor":21,"gold_loss":85},{"damage_healed":0,"gold_gain":0,"player_choice":"Ignored","damage_taken":0,"max_hp_gain":0,"max_hp_loss":0,"event_name":"Cursed Tome","floor":24,"gold_loss":0},{"damage_healed":0,"gold_gain":0,"player_choice":"Copied","damage_taken":0,"max_hp_gain":0,"max_hp_loss":0,"event_name":"Duplicator","floor":30,"gold_loss":0,"cards_obtained":["Metallicize"]}],"is_beta":false,"boss_relics":[{"not_picked":["Lizard Tail","Sozu"],"picked":"Calling Bell"},{"not_picked":["Black Star","White Beast Statue"],"picked":"Velvet Choker"}],"items_purged_floors":[19,22],"is_endless":false,"potions_floor_spawned":[2,7,10,11,25,28,36],"killed_by":"Maw","ascension_level":4}