{"path_per_floor":["M","M","$","?","?","R","M","M","T","?","R","M"],"character_chosen":"DEFECT","items_purchased":["Purity","Beam Cell"],"gold_per_floor":[116,133,20,20,20,20,33,48,101,101,101,114,114],"floor_reached":13,"campfire_rested":1,"playtime":400,"item_purchase_floors":[3,3],"current_hp_per_floor":[63,54,54,54,54,54,54,37,37,37,59,50,0],"items_purged":[],"gold":114,"score":90,"play_id":"222814a0-1b45-4fc0-8d83-9f42890cfa02","local_time":"20180608190932","is_prod":false,"is_daily":false,"chose_seed":false,"is_ascension_mode":true,"campfire_upgraded":1,"win_rate":0,"timestamp":1528481372,"campfire_choices":[{"data":"Zap","floor":6,"key":"SMITH"},{"floor":11,"key":"REST"}],"path_taken":["M","M","$","?","?","R","M","M","T","?","R","M","E"],"build_version":"2018-06-07v2","seed_source_timestamp":0,"purchased_purges":0,"victory":false,"master_deck":["Strike_B","Strike_B","Strike_B","Strike_B","Defend_B","Defend_B","Defend_B","Defend_B","Zap+1","Dualcast","Parasite","Echo Form","Streamline","Chaos","Purity","Beam Cell","Zap","Storm","Mind Blast","Conserve Battery","Echo Form"],"max_hp_per_floor":[75,75,75,75,75,75,75,75,75,75,75,75,75],"relics":["Cracked Core","Bag of Marbles"],"card_choices":[{"not_picked":["Meteor Strike","Core Surge"],"picked":"Echo Form","floor":0.0},{"not_picked":["Turbo","Compile Driver"],"picked":"Streamline","floor":1},{"not_picked":["Force Field","Skim"],"picked":"Chaos","floor":2},{"not_picked":["Undo","Melter"],"picked":"Conserve Battery","floor":7},{"not_picked":["Streamline","Compile Driver","Undo"],"picked":"SKIP","floor":8},{"not_picked":["Compile Driver","Leap"],"picked":"Echo Form","floor":12}],"player_experience":242792,"potions_floor_usage":[8,12],"damage_taken":[{"damage":12,"enemies":"Jaw Worm","floor":1,"turns":2},{"damage":9,"enemies":"Small Slimes","floor":2,"turns":4},{"damage":0,"enemies":"Cultist","floor":7,"turns":3},{"damage":17,"enemies":"Gremlin Gang","floor":8,"turns":3},{"damage":9,"enemies":"3 Louse","floor":12,"turns":4},{"damage":73,"enemies":"Gremlin Nob","floor":13,"turns":5}],"relics_obtained":[{"floor":9,"key":"Bag of Marbles"}],"event_choices":[{"event_name":"The Cleric","player_choice":"Leave","floor":4,"damage_taken":0},{"event_name":"Match and Keep!","player_choice":"4 cards matched","floor":5,"damage_taken":0},{"event_name":"Living Wall","player_choice":"Forget","floor":10,"damage_taken":0}],"boss_relics":[],"items_purged_floors":[],"potions_floor_spawned":[7,8],"seed_played":"-5639146103504154120","killed_by":"Gremlin Nob","ascension_level":4,"potions_obtained":[{"floor":7,"key":"Explosive Potion"},{"floor":8,"key":"SneckoOil"}],"is_trial":false}