{"path_per_floor":["M","?","M","M","M","R","E","R","T","M","M","T","R","M","R"],"character_chosen":"DEFECT","items_purchased":[],"gold_per_floor":[113,63,78,92,105,105,140,140,165,178,195,218,218,234,234,234],"floor_reached":16,"campfire_rested":0,"playtime":530,"current_hp_per_floor":[75,75,72,72,72,72,59,59,59,59,59,59,59,53,53,0],"items_purged":[],"gold":234,"score":130,"play_id":"772bbbe1-1ae8-45e1-b6f5-05f37c83fe93","local_time":"20180512150632","is_prod":false,"is_daily":false,"chose_seed":false,"is_ascension_mode":true,"campfire_upgraded":4,"timestamp":1526162792,"path_taken":["M","?","M","M","M","R","E","R","T","M","M","?","R","M","R","BOSS"],"build_version":"2018-05-12v2","seed_source_timestamp":19671297584013,"purchased_purges":0,"victory":false,"master_deck":["Strike_B","Strike_B","Strike_B","Strike_B","Defend_B","Defend_B","Defend_B","Zap+1","Dualcast","Redo+1","Chaos+1","Axe Kick","Axe Kick","Fission+1"],"max_hp_per_floor":[75,75,75,75,75,75,75,75,75,75,75,75,75,75,75,75],"relics":["Cracked Core","Dream Catcher","Pen Nib","Regal Pillow"],"card_choices":[{"not_picked":["Turbo","Hologram"],"picked":"Redo","floor":0},{"not_picked":["Aggregate","Streamline","Turbo"],"picked":"SKIP","floor":1},{"not_picked":["Rebound","Leap"],"picked":"Chaos","floor":3},{"not_picked":["Ball Lightning","Turbo"],"picked":"Axe Kick","floor":4},{"not_picked":["Capacitor","Sweeping Beam"],"picked":"Axe Kick","floor":5},{"not_picked":["Beam Cell","White Noise"],"picked":"Fission","floor":7},{"not_picked":["Axe Kick","Skim","Sweeping Beam"],"picked":"SKIP","floor":10},{"not_picked":["Sweeping Beam","Defragment","Capacitor"],"picked":"SKIP","floor":11},{"not_picked":["Rebound","Hologram","Gash"],"picked":"SKIP","floor":14}],"player_experience":225118,"potions_floor_usage":[4,7,14,16],"damage_taken":[{"damage":0,"enemies":"Small Slimes","floor":1,"turns":2},{"damage":3,"enemies":"2 Louse","floor":3,"turns":2},{"damage":0,"enemies":"Jaw Worm","floor":4,"turns":2},{"damage":0,"enemies":"Exordium Wildlife","floor":5,"turns":2},{"damage":13,"enemies":"3 Sentries","floor":7,"turns":5},{"damage":0,"enemies":"3 Louse","floor":10,"turns":2},{"damage":0,"enemies":"Large Slime","floor":11,"turns":4},{"damage":6,"enemies":"Looter","floor":14,"turns":3},{"damage":54,"enemies":"Slime Boss","floor":16,"turns":7}],"event_choices":[{"event_name":"The Cleric","player_choice":"Card Removal","floor":2,"damage_taken":0}],"boss_relics":[],"potions_floor_spawned":[1,3,5,10],"seed_played":"-7856035136251708406","killed_by":"Slime Boss","ascension_level":5,"is_trial":false}