{"gold_per_floor":[115,40,54,54,54,79,94,94],"floor_reached":8,"playtime":221,"items_purged":[],"score":101,"play_id":"02a52899-eca2-4368-857f-b4bab89ea8c3","local_time":"20190210163110","is_ascension_mode":true,"campfire_choices":[],"neow_cost":"NONE","seed_source_timestamp":702940248113208,"circlet_count":0,"master_deck":["AscendersBane","Strike_R","Strike_R","Strike_R","Defend_R","Defend_R","Defend_R","Defend_R","Bash","Panacea","Cleave","Metallicize","Cleave+1","Battle Trance"],"relics":["Burning Blood","Molten Egg 2"],"potions_floor_usage":[],"damage_taken":[{"damage":1,"enemies":"Cultist","floor":1,"turns":3},{"damage":2,"enemies":"Jaw Worm","floor":3,"turns":3},{"damage":40,"enemies":"Gremlin Nob","floor":6,"turns":6},{"damage":4,"enemies":"2 Louse","floor":7,"turns":2},{"damage":36,"enemies":"3 Sentries","floor":8,"turns":4}],"seed_played":"191260101556983426","potions_obtained":[],"is_trial":false,"path_per_floor":["M","?","M","?","?","E","M","E"],"character_chosen":"IRONCLAD","items_purchased":[],"campfire_rested":0,"item_purchase_floors":[],"current_hp_per_floor":[73,73,75,68,68,34,36,0],"gold":94,"neow_bonus":"RANDOM_COLORLESS","is_prod":false,"is_daily":false,"chose_seed":false,"campfire_upgraded":0,"win_rate":0,"timestamp":1549834270,"path_taken":["M","?","M","?","?","E","M","E"],"build_version":"2019-01-23","purchased_purges":0,"victory":false,"max_hp_per_floor":[75,75,75,75,75,75,75,75],"card_choices":[{"not_picked":["Wild Strike","Warcry"],"picked":"Cleave","floor":1},{"not_picked":["Thunderclap","Inflame"],"picked":"Metallicize","floor":3},{"not_picked":["Flex","Heavy Blade"],"picked":"Cleave","floor":6},{"not_picked":["True Grit","Wild Strike+1"],"picked":"Battle Trance","floor":7}],"player_experience":264428,"relics_obtained":[{"floor":6,"key":"Molten Egg 2"}],"event_choices":[{"cards_removed":["Strike_R"],"damage_healed":0,"gold_gain":0,"player_choice":"Card Removal","damage_taken":0,"max_hp_gain":0,"max_hp_loss":0,"event_name":"The Cleric","floor":2,"gold_loss":75},{"cards_removed":["Strike_R"],"damage_healed":0,"gold_gain":0,"player_choice":"Card Removal","damage_taken":7,"max_hp_gain":0,"max_hp_loss":0,"event_name":"Golden Wing","floor":4,"gold_loss":0},{"damage_healed":0,"gold_gain":0,"player_choice":"Ignored","damage_taken":0,"max_hp_gain":0,"max_hp_loss":0,"event_name":"Shining Light","floor":5,"gold_loss":0}],"is_beta":false,"boss_relics":[],"items_purged_floors":[],"is_endless":false,"potions_floor_spawned":[],"killed_by":"3 Sentries","ascension_level":16}