{"gold_per_floor":[119,135,135,135,159,185,185,201,228,242,37,2,28,42,42,42],"floor_reached":16,"playtime":765,"items_purged":[],"score":138,"play_id":"d7147f8e-a684-48b6-9644-c5a61f3910a6","local_time":"20181108193729","is_ascension_mode":true,"campfire_choices":[{"floor":7,"key":"REST"},{"floor":15,"key":"REST"}],"neow_cost":"NONE","seed_source_timestamp":59839009312300,"circlet_count":0,"master_deck":["Strike_B","Strike_B","Strike_B","Strike_B","Defend_B","Defend_B","Defend_B","Zap","Dualcast","Beam Cell","Hologram","Rebound","Double Energy","Coolheaded"],"relics":["Cracked Core","Pen Nib","Singing Bowl","Juzu Bracelet","Mercury Hourglass","Ancient Tea Set","Chemical X","PreservedInsect"],"potions_floor_usage":[13],"damage_taken":[{"damage":0,"enemies":"Cultist","floor":1,"turns":4},{"damage":5,"enemies":"2 Louse","floor":2,"turns":2},{"damage":37,"enemies":"3 Sentries","floor":6,"turns":7},{"damage":7,"enemies":"Jaw Worm","floor":8,"turns":2},{"damage":18,"enemies":"Exordium Wildlife","floor":10,"turns":4},{"damage":24,"enemies":"Lagavulin","floor":13,"turns":4},{"damage":8,"enemies":"Blue Slaver","floor":14,"turns":2},{"damage":48,"enemies":"Hexaghost","floor":16,"turns":9}],"seed_played":"-7625971464833148166","potions_obtained":[{"floor":6,"key":"Strength Potion"},{"floor":10,"key":"SpeedPotion"}],"is_trial":false,"path_per_floor":["M","M","?","?","T","E","R","M","T","M","$","?","E","M","R","B"],"character_chosen":"DEFECT","items_purchased":["Chemical X"],"campfire_rested":2,"item_purchase_floors":[11],"current_hp_per_floor":[75,70,67,67,67,30,52,45,45,29,29,48,26,20,44,0],"gold":42,"neow_bonus":"RANDOM_COMMON_RELIC","is_prod":false,"is_daily":false,"chose_seed":false,"campfire_upgraded":0,"win_rate":0,"timestamp":1541705849,"path_taken":["M","?","?","?","?","E","R","M","T","M","$","?","E","M","R","BOSS"],"build_version":"2018-11-07","purchased_purges":0,"victory":false,"max_hp_per_floor":[75,75,75,75,75,75,75,75,75,77,77,77,79,81,81,81],"card_choices":[{"not_picked":["Defragment","Ball Lightning"],"picked":"Beam Cell","floor":1},{"not_picked":["Redo","Conserve Battery"],"picked":"Hologram","floor":2},{"not_picked":["Beam Cell","Barrage"],"picked":"Double Energy","floor":6},{"not_picked":["Beam Cell","Hello World"],"picked":"Coolheaded","floor":8},{"not_picked":["Undo","Hello World","Stack"],"picked":"Singing Bowl","floor":10},{"not_picked":["Streamline","Ball Lightning","Undo"],"picked":"Singing Bowl","floor":13},{"not_picked":["Streamline","Sweeping Beam","Steam"],"picked":"Singing Bowl","floor":14}],"player_experience":288210,"relics_obtained":[{"floor":5,"key":"Juzu Bracelet"},{"floor":6,"key":"Mercury Hourglass"},{"floor":9,"key":"Ancient Tea Set"},{"floor":13,"key":"PreservedInsect"}],"event_choices":[{"damage_healed":0,"gold_gain":0,"player_choice":"Success","damage_taken":3,"relics_obtained":["Singing Bowl"],"max_hp_gain":0,"max_hp_loss":0,"event_name":"Scrap Ooze","floor":3,"gold_loss":0},{"damage_healed":0,"gold_gain":0,"cards_transformed":["Defend_B"],"player_choice":"Change","damage_taken":0,"max_hp_gain":0,"max_hp_loss":0,"event_name":"Living Wall","floor":4,"gold_loss":0,"cards_obtained":["Rebound"]},{"damage_healed":19,"gold_gain":0,"player_choice":"Healed","damage_taken":0,"max_hp_gain":0,"max_hp_loss":0,"event_name":"The Cleric","floor":12,"gold_loss":35}],"is_beta":true,"boss_relics":[],"items_purged_floors":[],"is_endless":false,"potions_floor_spawned":[6,10],"killed_by":"Hexaghost","ascension_level":5}