{"gold_per_floor":[112,112,112,287,305,305,333,333,333,6,17,27,27,57,57,153,153,171,186,86,11,24,24,24,24,24,37,62,72,89,115,115,211,211,227,246,266,366,153,153,178,178,232,232,281,281,301,301,301,301],"floor_reached":51,"playtime":27084,"items_purged":["Doubt","Barricade"],"score":891,"play_id":"cace7753-71a8-4184-b66a-2d6865b9d3b3","local_time":"20190202223855","is_ascension_mode":true,"campfire_choices":[{"floor":6,"key":"REST"},{"data":"Clash","floor":8,"key":"SMITH"},{"data":"Thunderclap","floor":13,"key":"SMITH"},{"floor":15,"key":"REST"},{"data":"Impervious","floor":23,"key":"SMITH"},{"data":"Metallicize","floor":32,"key":"SMITH"},{"data":"Metallicize","floor":40,"key":"SMITH"},{"floor":42,"key":"REST"},{"floor":46,"key":"REST"},{"floor":49,"key":"REST"}],"neow_cost":"PERCENT_DAMAGE","seed_source_timestamp":1483951627442,"circlet_count":0,"master_deck":["Bash","Barricade+1","Clash","Headbutt","Clash+1","Thunderclap+1","Impervious+1","Sever Soul","Blood for Blood","Searing Blow","Feed","Clothesline","Heavy Blade","Headbutt","Clash+1","Clash","Metallicize+1","Reaper","Spot Weakness","Pummel+1","Feed","Twin Strike+1","Metallicize+1","Clash+1","Panacea"],"relics":["Burning Blood","Boot","Dodecahedron","Question Card","Mercury Hourglass","Potion Belt","Pandora\u0027s Box","NlothsMask","Incense Burner","Pen Nib","Busted Crown","Mango","Bronze Scales","Frozen Egg 2","Centennial Puzzle","Pocketwatch"],"potions_floor_usage":[7,22,31,31,35,38,50],"damage_taken":[{"damage":10,"enemies":"Small Slimes","floor":1,"turns":5},{"damage":18,"enemies":"Jaw Worm","floor":5,"turns":4},{"damage":15,"enemies":"Lagavulin","floor":7,"turns":7},{"damage":0,"enemies":"Cultist","floor":11,"turns":2},{"damage":8,"enemies":"Blue Slaver","floor":12,"turns":3},{"damage":55,"enemies":"The Guardian","floor":16,"turns":13},{"damage":12,"enemies":"3 Byrds","floor":18,"turns":3},{"damage":10,"enemies":"Shell Parasite","floor":19,"turns":2},{"damage":6,"enemies":"3 Cultists","floor":22,"turns":3},{"damage":12,"enemies":"Chosen and Byrds","floor":27,"turns":2},{"damage":0,"enemies":"Gremlin Leader","floor":28,"turns":5},{"damage":8,"enemies":"Sentry and Sphere","floor":29,"turns":3},{"damage":45,"enemies":"Cultist and Chosen","floor":30,"turns":6},{"damage":20,"enemies":"Slavers","floor":31,"turns":4},{"damage":39,"enemies":"Collector","floor":33,"turns":8},{"damage":7,"enemies":"Orb Walker","floor":35,"turns":4},{"damage":0,"enemies":"3 Shapes","floor":36,"turns":2},{"damage":0,"enemies":"3 Darklings","floor":37,"turns":4},{"damage":52,"enemies":"Mind Bloom Boss Battle","floor":38,"turns":5},{"damage":49,"enemies":"Giant Head","floor":41,"turns":8},{"damage":37,"enemies":"2 Orb Walkers","floor":45,"turns":4},{"damage":24,"enemies":"Spire Growth","floor":47,"turns":4},{"damage":26,"enemies":"Time Eater","floor":50,"turns":6}],"seed_played":"8781155123896371382","potions_obtained":[{"floor":5,"key":"FearPotion"},{"floor":11,"key":"Dexterity Potion"},{"floor":16,"key":"Fire Potion"},{"floor":22,"key":"Swift Potion"},{"floor":27,"key":"Swift Potion"},{"floor":31,"key":"Block Potion"},{"floor":33,"key":"PowerPotion"},{"floor":38,"key":"FearPotion"},{"floor":45,"key":"SteroidPotion"}],"is_trial":false,"path_per_floor":["M","?","?","?","M","R","E","R","T","$","M","M","R","?","R","B",null,"M","M","$","?","M","R","?","?","T","M","E","M","M","E","R","B",null,"M","M","M","?","$","R","E","R","T","?","?","R","M","?","R","B",null],"character_chosen":"IRONCLAD","items_purchased":["Mercury Hourglass","Bronze Scales","Metallicize"],"campfire_rested":5,"item_purchase_floors":[10,39,39],"current_hp_per_floor":[52,52,27,27,15,39,30,30,30,30,36,34,34,34,58,9,80,74,70,70,70,73,73,73,73,73,67,73,74,50,57,57,45,89,89,89,92,70,70,70,32,63,63,63,35,67,57,57,90,70],"gold":301,"neow_bonus":"THREE_RARE_CARDS","is_prod":false,"is_daily":false,"chose_seed":false,"campfire_upgraded":5,"win_rate":0,"timestamp":1549143535,"path_taken":["M","?","?","?","M","R","E","R","T","?","M","?","R","?","R","BOSS","M","M","$","?","M","R","?","?","T","?","E","M","M","E","R","BOSS","M","M","M","?","?","R","E","R","T","?","?","R","M","?","R","BOSS"],"build_version":"2019-01-23","purchased_purges":2,"victory":true,"max_hp_per_floor":[80,80,80,80,80,80,80,80,80,80,80,80,80,80,80,80,80,80,80,80,80,83,83,83,83,83,83,83,86,89,89,89,89,89,89,89,92,106,106,106,106,106,106,106,109,109,112,112,112,112],"card_choices":[{"not_picked":["Immolate","Juggernaut"],"picked":"Barricade","floor":0},{"not_picked":["Power Through","Perfected Strike"],"picked":"Clash","floor":1},{"not_picked":["Armaments","Anger"],"picked":"Headbutt","floor":5},{"not_picked":["Perfected Strike","Flame Barrier"],"picked":"Clash","floor":7},{"not_picked":["Wild Strike","Perfected Strike","Rage","Clothesline"],"picked":"SKIP","floor":11},{"not_picked":["Havoc","Clothesline","Headbutt"],"picked":"Thunderclap","floor":12},{"not_picked":["Immolate","Double Tap","Berserk"],"picked":"Impervious","floor":16},{"not_picked":["Corruption+1","Thunderclap+1","True Grit"],"picked":"Clash+1","floor":18},{"not_picked":["Searing Blow","Thunderclap+1","Carnage","Headbutt"],"picked":"SKIP","floor":19},{"not_picked":["Warcry","Cleave","Heavy Blade+1"],"picked":"Clash","floor":22},{"not_picked":["Armaments","True Grit","Shrug It Off+1"],"picked":"Metallicize","floor":27},{"not_picked":["Armaments","Heavy Blade+1","Searing Blow"],"picked":"Reaper","floor":28},{"not_picked":["Searing Blow","Hemokinesis","Wild Strike"],"picked":"Spot Weakness","floor":29},{"not_picked":["Heavy Blade+1","Disarm","Havoc","Combust+1"],"picked":"SKIP","floor":30},{"not_picked":["Searing Blow","Twin Strike","Hemokinesis+1"],"picked":"Pummel+1","floor":31},{"not_picked":["Immolate","Double Tap","Dark Embrace"],"picked":"Feed","floor":33},{"not_picked":["Clothesline+1"],"picked":"Twin Strike+1","floor":35},{"not_picked":["Havoc+1","Heavy Blade"],"picked":"SKIP","floor":36},{"not_picked":["Searing Blow","Armaments+1"],"picked":"SKIP","floor":37},{"not_picked":["Burning Pact+1"],"picked":"Infernal Blade+1","floor":41},{"not_picked":["Entrench"],"picked":"Clash+1","floor":47},{"not_picked":["Master of Strategy"],"picked":"Panacea","floor":48}],"player_experience":169040,"relics_obtained":[{"floor":7,"key":"Dodecahedron"},{"floor":9,"key":"Question Card"},{"floor":28,"key":"Incense Burner"},{"floor":31,"key":"Pen Nib"},{"floor":38,"key":"Mango"},{"floor":41,"key":"Frozen Egg 2"},{"floor":43,"key":"Centennial Puzzle"},{"floor":45,"key":"Pocketwatch"}],"event_choices":[{"damage_healed":0,"gold_gain":0,"player_choice":"Grow","damage_taken":0,"max_hp_gain":0,"max_hp_loss":0,"event_name":"Living Wall","floor":2,"gold_loss":0,"cards_upgraded":["Barricade"]},{"damage_healed":0,"gold_gain":0,"player_choice":"Success","damage_taken":25,"relics_obtained":["Boot"],"max_hp_gain":0,"max_hp_loss":0,"event_name":"Scrap Ooze","floor":3,"gold_loss":0},{"damage_healed":0,"gold_gain":175,"player_choice":"AGREE","damage_taken":0,"max_hp_gain":0,"max_hp_loss":0,"event_name":"Liars Game","floor":4,"gold_loss":0,"cards_obtained":["Doubt"]},{"damage_healed":0,"gold_gain":30,"player_choice":"Searched \u00273\u0027 times","damage_taken":0,"relics_obtained":["Potion Belt"],"max_hp_gain":0,"max_hp_loss":0,"event_name":"Dead Adventurer","floor":14,"gold_loss":0},{"cards_removed":["Battle Trance"],"damage_healed":0,"gold_gain":0,"player_choice":"Gave Gold","damage_taken":0,"max_hp_gain":0,"max_hp_loss":0,"event_name":"Beggar","floor":21,"gold_loss":75},{"damage_healed":0,"gold_gain":0,"player_choice":"Simplicity","damage_taken":0,"max_hp_gain":0,"max_hp_loss":0,"event_name":"Back to Basics","floor":24,"gold_loss":0,"cards_upgraded":[]},{"damage_healed":0,"gold_gain":0,"player_choice":"Trade","damage_taken":0,"relics_obtained":["NlothsMask"],"max_hp_gain":0,"max_hp_loss":0,"event_name":"FaceTrader","floor":25,"gold_loss":0},{"damage_healed":0,"gold_gain":0,"player_choice":"Fight","damage_taken":0,"max_hp_gain":0,"max_hp_loss":0,"event_name":"MindBloom","floor":38,"gold_loss":0},{"cards_removed":["Infernal Blade"],"damage_healed":0,"gold_gain":0,"player_choice":"Removed Skill","damage_taken":0,"max_hp_gain":0,"max_hp_loss":0,"event_name":"Falling","floor":44,"gold_loss":0},{"damage_healed":0,"gold_gain":0,"player_choice":"Fight","damage_taken":0,"max_hp_gain":0,"max_hp_loss":0,"event_name":"Mysterious Sphere","floor":45,"gold_loss":0},{"damage_healed":0,"gold_gain":0,"player_choice":"Memory 1","damage_taken":0,"max_hp_gain":0,"max_hp_loss":0,"event_name":"SensoryStone","floor":48,"gold_loss":0}],"is_beta":false,"boss_relics":[{"not_picked":["Astrolabe","Empty Cage"],"picked":"Pandora\u0027s Box"},{"not_picked":["White Beast Statue","Black Blood"],"picked":"Busted Crown"}],"items_purged_floors":[10,20],"is_endless":false,"potions_floor_spawned":[5,11,16,22,27,31,33,38,45],"ascension_level":3}