{"path_per_floor":["M","M","?","M","?","E","?","M","T","$","$","M","$","M","R","B",null,"M","$"],"character_chosen":"THE_SILENT","items_purchased":["Caltrops","Snake Skull","Deadly Poison","Footwork","Choke"],"gold_per_floor":[113,126,76,95,95,139,314,334,334,8,8,26,26,42,42,168,168,193,37,37],"floor_reached":20,"campfire_rested":1,"playtime":766,"item_purchase_floors":[10,10,10,19,19],"current_hp_per_floor":[70,68,68,66,49,41,41,31,31,31,31,31,31,11,32,5,70,23,23,0],"items_purged":["Doubt"],"gold":37,"score":200,"play_id":"3ebf4113-e914-4026-8dde-60ec879f7273","local_time":"20180521190949","is_prod":false,"is_daily":false,"chose_seed":false,"is_ascension_mode":true,"campfire_upgraded":0,"timestamp":1526926189,"campfire_choices":[{"floor":15,"key":"REST"}],"path_taken":["M","M","?","M","?","E","?","M","T","?","$","M","$","M","R","BOSS","M","$","M"],"build_version":"2018-05-18","seed_source_timestamp":0,"purchased_purges":1,"victory":false,"master_deck":["Defend_G","Defend_G","Defend_G","Defend_G","Defend_G","Strike_G","Strike_G","Strike_G","Strike_G","Survivor","Neutralize","Dagger Spray","Footwork","Venomology","PiercingWail","Caltrops","Deadly Poison","Well Laid Plans","Bane","Adrenaline","Acrobatics","Footwork","Choke"],"max_hp_per_floor":[70,70,70,70,70,70,70,70,70,70,70,70,70,70,70,70,70,70,70,70],"relics":["Philosopher\u0027s Stone","Golden Idol","Singing Bowl","Juzu Bracelet","Snake Skull","Cursed Key"],"card_choices":[{"not_picked":["Malaise","Dagger Throw"],"picked":"Dagger Spray","floor":1.0},{"not_picked":["Dagger Throw","Reflex"],"picked":"Footwork","floor":2.0},{"not_picked":["Poisoned Stab","Dagger Throw","Backflip"],"picked":"SKIP","floor":4.0},{"not_picked":["Dodge and Roll","Backflip"],"picked":"Venomology","floor":6.0},{"not_picked":["Slice","Bane"],"picked":"PiercingWail","floor":8.0},{"not_picked":["Terror","Prepared"],"picked":"Well Laid Plans","floor":12},{"not_picked":["Eviscerate","Acrobatics"],"picked":"Bane","floor":14},{"not_picked":["Bullet Time","Glass Knife"],"picked":"Adrenaline","floor":16},{"not_picked":["Dash","Dagger Spray"],"picked":"Acrobatics","floor":18}],"player_experience":177619,"potions_floor_usage":[12,16,16,18,18,20],"damage_taken":[{"damage":0.0,"enemies":"2 Louse","floor":1.0,"turns":3.0},{"damage":2.0,"enemies":"Jaw Worm","floor":2.0,"turns":4.0},{"damage":2.0,"enemies":"Small Slimes","floor":4.0,"turns":4.0},{"damage":8.0,"enemies":"Gremlin Nob","floor":6.0,"turns":4.0},{"damage":10.0,"enemies":"Red Slaver","floor":8.0,"turns":6.0},{"damage":0,"enemies":"Blue Slaver","floor":12,"turns":3},{"damage":20,"enemies":"2 Fungi Beasts","floor":14,"turns":5},{"damage":42,"enemies":"The Guardian","floor":16,"turns":11},{"damage":47,"enemies":"3 Byrds","floor":18,"turns":5},{"damage":24,"enemies":"Chosen","floor":20,"turns":6}],"relics_obtained":[{"floor":6.0,"key":"Singing Bowl"},{"floor":9.0,"key":"Juzu Bracelet"}],"event_choices":[{"event_name":"The Cleric","player_choice":"Card Removal","floor":3.0,"damage_taken":0.0},{"event_name":"Golden Idol","player_choice":"Take Damage","floor":5.0,"damage_taken":0.0},{"event_name":"Liars Game","player_choice":"agreed","floor":7.0,"damage_taken":0.0}],"boss_relics":[{"not_picked":["Orrery","Sozu"],"picked":"Cursed Key"}],"items_purged_floors":[10],"potions_floor_spawned":[1,4,14],"seed_played":"-4784337864520061616","killed_by":"Chosen","ascension_level":3,"potions_obtained":[{"floor":1.0,"key":"Poison Potion"},{"floor":4.0,"key":"FearPotion"},{"floor":14,"key":"Strength Potion"}],"is_trial":false}