{"gold_per_floor":[116,391,404,404,39,66,77,77,100,117,132,132,166,341,341,341],"floor_reached":16,"playtime":559,"items_purged":["Regret"],"score":132,"play_id":"3f03c70a-a344-4f27-91cb-78c1c8ec92c0","local_time":"20190209233847","is_ascension_mode":true,"campfire_choices":[{"data":"Armaments","floor":8,"key":"SMITH"},{"floor":12,"key":"REST"},{"floor":15,"key":"REST"}],"neow_cost":"CURSE","seed_source_timestamp":28264831385745,"circlet_count":0,"master_deck":["Strike_R","Strike_R","Strike_R","Strike_R","Strike_R","Defend_R+1","Defend_R","Defend_R+1","Defend_R","Bash","Doubt","Bludgeon","Inflame","Regret","Armaments+1","Shrug It Off","Iron Wave","Inflame","Doubt"],"relics":["Burning Blood","War Paint","Incense Burner","Bag of Preparation","Potion Belt","Ancient Tea Set"],"potions_floor_usage":[11,11,13,16,16,16,16],"damage_taken":[{"damage":7,"enemies":"Jaw Worm","floor":1,"turns":5},{"damage":0,"enemies":"Cultist","floor":3,"turns":2},{"damage":42,"enemies":"Gremlin Nob","floor":6,"turns":5},{"damage":2,"enemies":"Small Slimes","floor":7,"turns":2},{"damage":29,"enemies":"3 Louse","floor":10,"turns":4},{"damage":14,"enemies":"Large Slime","floor":11,"turns":7},{"damage":34,"enemies":"Lagavulin","floor":13,"turns":5},{"damage":42,"enemies":"Slime Boss","floor":16,"turns":9}],"seed_played":"-5752502366818468599","potions_obtained":[{"floor":3,"key":"Weak Potion"},{"floor":10,"key":"EntropicBrew"}],"is_trial":false,"path_per_floor":["M","?","M","?","$","E","M","R","T","M","M","R","E","?","R","B"],"character_chosen":"IRONCLAD","items_purchased":["Incense Burner"],"campfire_rested":2,"item_purchase_floors":[5],"current_hp_per_floor":[79,79,80,80,80,44,48,48,48,25,17,41,13,13,37,0],"gold":341,"neow_bonus":"THREE_RARE_CARDS","is_prod":false,"is_daily":false,"chose_seed":false,"campfire_upgraded":1,"win_rate":0,"timestamp":1549751927,"path_taken":["M","?","?","?","$","E","M","R","T","M","M","R","E","?","R","BOSS"],"build_version":"2019-01-23","purchased_purges":1,"victory":false,"max_hp_per_floor":[80,80,80,80,80,80,80,80,80,80,80,80,80,80,80,80],"card_choices":[{"not_picked":["Berserk","Offering"],"picked":"Bludgeon","floor":0},{"not_picked":["Pommel Strike","Perfected Strike","Reckless Charge"],"picked":"SKIP","floor":1},{"not_picked":["Searing Blow","Sword Boomerang"],"picked":"Inflame","floor":3},{"not_picked":["Havoc","Reckless Charge","Second Wind"],"picked":"SKIP","floor":6},{"not_picked":["Havoc","Reckless Charge","Second Wind"],"picked":"SKIP","floor":6},{"not_picked":["Thunderclap","Twin Strike"],"picked":"Armaments","floor":7},{"not_picked":["Rupture","Power Through"],"picked":"Shrug It Off","floor":10},{"not_picked":["Shockwave","Searing Blow"],"picked":"Iron Wave","floor":11},{"not_picked":["Perfected Strike","Armaments"],"picked":"Inflame","floor":13}],"player_experience":274567,"relics_obtained":[{"floor":6,"key":"Bag of Preparation"},{"floor":9,"key":"Potion Belt"},{"floor":13,"key":"Ancient Tea Set"}],"event_choices":[{"damage_healed":0,"gold_gain":275,"player_choice":"Desecrate","damage_taken":0,"max_hp_gain":0,"max_hp_loss":0,"event_name":"Golden Shrine","floor":2,"gold_loss":0,"cards_obtained":["Regret"]},{"damage_healed":0,"gold_gain":0,"player_choice":"Box","damage_taken":0,"relics_obtained":["War Paint"],"max_hp_gain":0,"max_hp_loss":0,"event_name":"Big Fish","floor":4,"gold_loss":0,"cards_obtained":["Regret"]},{"damage_healed":0,"gold_gain":175,"player_choice":"AGREE","damage_taken":0,"max_hp_gain":0,"max_hp_loss":0,"event_name":"Liars Game","floor":14,"gold_loss":0,"cards_obtained":["Doubt"]}],"is_beta":false,"boss_relics":[],"items_purged_floors":[5],"is_endless":false,"potions_floor_spawned":[3,10],"killed_by":"Slime Boss","ascension_level":4}