{"gold_per_floor":[12,28,28,28,28,59,59,59,59,92,112,112,126,50,50,152,152,166,182,196,47,58,58,93,93,119,44,44,79,10,40,40,140,140,150,150,124,224,224,224,258,258,258,292,312,638,638,638,638,638],"floor_reached":51,"playtime":3621,"items_purged":[],"score":1175,"play_id":"1f37b578-8590-421f-8a35-1408c9ac0a19","local_time":"20190213003504","is_ascension_mode":true,"campfire_choices":[{"floor":7,"key":"REST"},{"floor":12,"key":"REST"},{"data":"Accuracy","floor":15,"key":"SMITH"},{"floor":23,"key":"REST"},{"data":"After Image","floor":25,"key":"SMITH"},{"floor":32,"key":"REST"},{"floor":40,"key":"RECALL"},{"floor":42,"key":"REST"},{"floor":47,"key":"REST"},{"floor":49,"key":"REST"}],"neow_cost":"NO_GOLD","seed_source_timestamp":36224684116815,"circlet_count":0,"master_deck":["AscendersBane","Defend_G","Defend_G","Defend_G","Defend_G","Strike_G+1","Strike_G+1","Survivor+1","Neutralize","Footwork+1","Outmaneuver","Cloak And Dagger+1","Adrenaline","PiercingWail","Dagger Spray","Backstab","Accuracy+1","Noxious Fumes","After Image+1","Leg Sweep+1","Night Terror+1","Cloak And Dagger+1","Infinite Blades","Deflect+1","Accuracy","Tactician","Terror","Cloak And Dagger","After Image","Acrobatics+1","Deflect+1","Flash of Steel","Dark Shackles","Enlightenment","Blade Dance","Dash+1","Blur+1","Infinite Blades+1","Poisoned Stab"],"relics":["Ring of the Snake","Prayer Wheel","Lantern","Smiling Mask","Whetstone","Astrolabe","Happy Flower","Snake Skull","Oddly Smooth Stone","MutagenicStrength","Red Mask","WingedGreaves","Fusion Hammer","Unceasing Top","Bag of Preparation","Bronze Scales","Letter Opener","Old Coin"],"potions_floor_usage":[6,10,16,29,41,45,50,50],"damage_taken":[{"damage":2,"enemies":"Jaw Worm","floor":1,"turns":7},{"damage":0,"enemies":"2 Louse","floor":2,"turns":3},{"damage":13,"enemies":"3 Sentries","floor":6,"turns":16},{"damage":10,"enemies":"Lagavulin","floor":10,"turns":11},{"damage":0,"enemies":"Cultist","floor":11,"turns":5},{"damage":2,"enemies":"Exordium Thugs","floor":13,"turns":5},{"damage":14,"enemies":"The Guardian","floor":16,"turns":13},{"damage":0,"enemies":"Chosen","floor":18,"turns":6},{"damage":10,"enemies":"3 Byrds","floor":19,"turns":4},{"damage":25,"enemies":"3 Cultists","floor":20,"turns":6},{"damage":3,"enemies":"Sentry and Sphere","floor":22,"turns":7},{"damage":4,"enemies":"Gremlin Leader","floor":24,"turns":10},{"damage":1,"enemies":"Masked Bandits","floor":29,"turns":6},{"damage":15,"enemies":"Slavers","floor":31,"turns":7},{"damage":14,"enemies":"Automaton","floor":33,"turns":11},{"damage":0,"enemies":"3 Shapes","floor":35,"turns":4},{"damage":0,"enemies":"Mind Bloom Boss Battle","floor":38,"turns":8},{"damage":3,"enemies":"Reptomancer","floor":41,"turns":9},{"damage":4,"enemies":"Giant Head","floor":44,"turns":8},{"damage":26,"enemies":"3 Darklings","floor":45,"turns":4},{"damage":0,"enemies":"Nemesis","floor":46,"turns":7},{"damage":22,"enemies":"Time Eater","floor":50,"turns":11}],"seed_played":"-638028931470458308","potions_obtained":[{"floor":2,"key":"EssenceOfSteel"},{"floor":6,"key":"SteroidPotion"},{"floor":10,"key":"Poison Potion"},{"floor":20,"key":"GamblersBrew"},{"floor":24,"key":"AttackPotion"},{"floor":33,"key":"Weak Potion"},{"floor":38,"key":"Explosive Potion"},{"floor":46,"key":"PowerPotion"}],"is_trial":false,"path_per_floor":["M","M","?","?","$","E","R","?","T","E","M","R","M","$","R","B",null,"M","M","M","$","M","R","E","R","T","$","?","?","$","E","R","B",null,"M","?","$","?","?","R","E","R","T","E","M","E","R","?","R","B",null],"character_chosen":"THE_SILENT","items_purchased":["Noxious Fumes","Happy Flower","Accuracy","Terror","Blade Dance"],"campfire_rested":7,"item_purchase_floors":[14,21,27,30,37],"current_hp_per_floor":[61,61,54,40,40,27,48,48,48,38,38,59,57,57,57,43,63,63,53,28,28,25,46,42,42,42,42,42,41,41,26,47,33,61,61,51,51,51,51,51,48,66,66,62,36,36,55,55,66,44],"gold":638,"neow_bonus":"ONE_RARE_RELIC","is_prod":false,"is_daily":false,"chose_seed":false,"campfire_upgraded":2,"win_rate":0,"timestamp":1550014504,"path_taken":["M","M","?","?","$","E","R","?","T","E","M","R","M","?","R","BOSS","M","M","?","$","M","R","E","R","T","$","?","?","$","E","R","BOSS","M","?","$","?","?","R","E","R","T","E","M","E","R","?","R","BOSS"],"build_version":"2019-01-23","purchased_purges":0,"victory":true,"max_hp_per_floor":[70,70,70,70,70,70,70,70,70,70,70,70,70,70,70,70,70,70,70,70,70,70,70,70,70,70,70,70,70,70,70,70,70,70,70,70,70,70,66,66,66,66,66,66,66,66,66,66,66,66],"card_choices":[{"not_picked":["Flechettes","Poisoned Stab"],"picked":"Footwork","floor":1},{"not_picked":["Flying Knee","Blade Dance"],"picked":"Outmaneuver","floor":1},{"not_picked":["Finisher","Underhanded Strike"],"picked":"Cloak And Dagger","floor":2},{"not_picked":["Slice","Blade Dance"],"picked":"Adrenaline","floor":2},{"not_picked":["Poisoned Stab","Underhanded Strike"],"picked":"PiercingWail","floor":6},{"not_picked":["Finisher","PiercingWail"],"picked":"Dagger Spray","floor":10},{"not_picked":["Choke","Underhanded Strike"],"picked":"Backstab","floor":11},{"not_picked":["Tactician","PiercingWail","Predator"],"picked":"SKIP","floor":11},{"not_picked":["Bouncing Flask","Terror"],"picked":"Accuracy","floor":13},{"not_picked":["Finisher","Outmaneuver","Sucker Punch"],"picked":"SKIP","floor":13},{"not_picked":["Glass Knife","Bullet Time"],"picked":"After Image","floor":16},{"not_picked":["Setup+1","Endless Agony"],"picked":"Infinite Blades","floor":18},{"not_picked":["Bouncing Flask","Bane","Prepared"],"picked":"SKIP","floor":18},{"not_picked":["Sucker Punch","Well Laid Plans","Dagger Throw+1"],"picked":"SKIP","floor":19},{"not_picked":["Dagger Spray","Endless Agony","Dodge and Roll+1"],"picked":"SKIP","floor":19},{"not_picked":["Flying Knee","Wraith Form v2","Dagger Spray"],"picked":"SKIP","floor":20},{"not_picked":["Leg Sweep","Outmaneuver","Underhanded Strike"],"picked":"SKIP","floor":20},{"not_picked":["Prepared","Heel Hook+1"],"picked":"Deflect+1","floor":22},{"not_picked":["Leg Sweep","Outmaneuver","Setup+1"],"picked":"SKIP","floor":22},{"not_picked":["Doppelganger","Distraction","Flying Knee"],"picked":"SKIP","floor":24},{"not_picked":["Setup","Prepared"],"picked":"Tactician","floor":29},{"not_picked":["Terror+1","Dash+1"],"picked":"Cloak And Dagger","floor":31},{"not_picked":["Malaise","Unload"],"picked":"After Image","floor":33},{"not_picked":["Endless Agony","Prepared"],"picked":"Acrobatics+1","floor":35},{"not_picked":["Acrobatics","Underhanded Strike+1"],"picked":"Deflect+1","floor":35},{"not_picked":["Transmutation","Bandage Up"],"picked":"Flash of Steel","floor":36},{"not_picked":["Purity","Discovery"],"picked":"Dark Shackles","floor":36},{"not_picked":["Mayhem","Chrysalis"],"picked":"Enlightenment","floor":36},{"not_picked":["Eviscerate","Acrobatics+1"],"picked":"Dash+1","floor":41},{"not_picked":["Outmaneuver+1","Phantasmal Killer","Riddle With Holes"],"picked":"SKIP","floor":44},{"not_picked":["Riddle With Holes+1","Slice"],"picked":"Blur+1","floor":45},{"not_picked":["Slice+1","Blade Dance+1"],"picked":"Infinite Blades+1","floor":45},{"not_picked":["Flechettes+1","Bane+1"],"picked":"Deflect","floor":46}],"player_experience":321581,"relics_obtained":[{"floor":6,"key":"Lantern"},{"floor":9,"key":"Smiling Mask"},{"floor":10,"key":"Whetstone"},{"floor":24,"key":"Snake Skull"},{"floor":26,"key":"Oddly Smooth Stone"},{"floor":29,"key":"Red Mask"},{"floor":31,"key":"WingedGreaves"},{"floor":38,"key":"Unceasing Top"},{"floor":41,"key":"Bag of Preparation"},{"floor":43,"key":"Bronze Scales"},{"floor":44,"key":"Letter Opener"},{"floor":46,"key":"Old Coin"}],"event_choices":[{"cards_removed":["Strike_G"],"damage_healed":0,"gold_gain":0,"player_choice":"Card Removal","damage_taken":7,"max_hp_gain":0,"max_hp_loss":0,"event_name":"Golden Wing","floor":3,"gold_loss":0},{"damage_healed":0,"gold_gain":0,"player_choice":"Entered Light","damage_taken":14,"max_hp_gain":0,"max_hp_loss":0,"event_name":"Shining Light","floor":4,"gold_loss":0,"cards_upgraded":["Cloak And Dagger","Survivor"]},{"damage_healed":0,"gold_gain":0,"player_choice":"Grow","damage_taken":0,"max_hp_gain":0,"max_hp_loss":0,"event_name":"Living Wall","floor":8,"gold_loss":0,"cards_upgraded":["Footwork"]},{"damage_healed":0,"gold_gain":0,"player_choice":"Inject Mutagens","damage_taken":0,"relics_obtained":["MutagenicStrength"],"max_hp_gain":0,"max_hp_loss":0,"event_name":"Drug Dealer","floor":28,"gold_loss":0},{"damage_healed":0,"gold_gain":0,"player_choice":"Fought Bandits","damage_taken":0,"max_hp_gain":0,"max_hp_loss":0,"event_name":"Masked Bandits","floor":29,"gold_loss":0},{"damage_healed":0,"gold_gain":0,"player_choice":"Memory 3","damage_taken":10,"max_hp_gain":0,"max_hp_loss":0,"event_name":"SensoryStone","floor":36,"gold_loss":0},{"damage_healed":0,"gold_gain":0,"player_choice":"Fight","damage_taken":0,"max_hp_gain":0,"max_hp_loss":0,"event_name":"MindBloom","floor":38,"gold_loss":0},{"damage_healed":0,"gold_gain":0,"player_choice":"Max HP","damage_taken":0,"max_hp_gain":0,"max_hp_loss":4,"event_name":"Winding Halls","floor":39,"gold_loss":0},{"damage_healed":0,"gold_gain":0,"cards_transformed":["Deflect"],"player_choice":"Transformed","damage_taken":0,"max_hp_gain":0,"max_hp_loss":0,"event_name":"Transmorgrifier","floor":48,"gold_loss":0,"cards_obtained":["Poisoned Stab"]}],"is_beta":false,"boss_relics":[{"not_picked":["Runic Pyramid","White Beast Statue"],"picked":"Astrolabe"},{"not_picked":["Eternal Feather","HoveringKite"],"picked":"Fusion Hammer"}],"items_purged_floors":[],"is_endless":false,"potions_floor_spawned":[2,6,10,20,24,33,38,46],"ascension_level":10}