{"gold_per_floor":[118,118,130,150,150,150,176,192,273,273,286,286,311,9,9,87,87,104,136,25,25,38,38,70,70,123,135,163,207,219,250,262,347,359,391,420,432,424,451,498,510,532,544,556,598,610,656,688,700,712],"floor_reached":51,"playtime":1916,"items_purged":["Strike_B"],"score":1516,"play_id":"37cdcd7b-233a-4c23-98b4-79158021ce97","local_time":"20190205233851","is_ascension_mode":true,"campfire_choices":[{"floor":6,"key":"REST"},{"floor":10,"key":"REST"},{"floor":12,"key":"REST"},{"data":"Loop","floor":15,"key":"SMITH"},{"floor":23,"key":"REST"},{"data":"Electrodynamics","floor":25,"key":"SMITH"},{"data":"White Noise","floor":30,"key":"SMITH"},{"data":"Heatsinks","floor":32,"key":"SMITH"},{"floor":41,"key":"REST"},{"floor":44,"key":"REST"},{"data":"Consume","floor":49,"key":"SMITH"}],"neow_cost":"NONE","seed_source_timestamp":294872278384924,"circlet_count":0,"master_deck":["AscendersBane","Strike_B","Defend_B","Defend_B","Defend_B","Defend_B","Zap","Dualcast","Meteor Strike","Sweeping Beam","Go for the Eyes","Coolheaded","Loop+1","Echo Form","Electrodynamics+1","Heatsinks+1","Storm","Static Discharge","Streamline","Conserve Battery","Ghostly","Ghostly","Ghostly","Ghostly","Ghostly","White Noise+1","Consume+1","Creative AI","BootSequence","Self Repair+1","Echo Form"],"relics":["Cracked Core","Symbiotic Virus","Centennial Puzzle","Mummified Hand","Bronze Scales","DataDisk","Philosopher\u0027s Stone","Red Mask","Calipers","MawBank","Pen Nib","Black Star","Ornamental Fan","Matryoshka","Oddly Smooth Stone","Toxic Egg 2","Lantern","Torii","Regal Pillow","Cables"],"potions_floor_usage":[19,36,42,50],"damage_taken":[{"damage":7,"enemies":"Small Slimes","floor":1,"turns":4},{"damage":7,"enemies":"Jaw Worm","floor":3,"turns":3},{"damage":9,"enemies":"2 Louse","floor":4,"turns":2},{"damage":25,"enemies":"Lagavulin","floor":7,"turns":6},{"damage":6,"enemies":"2 Fungi Beasts","floor":8,"turns":3},{"damage":19,"enemies":"Gremlin Gang","floor":11,"turns":3},{"damage":16,"enemies":"Gremlin Nob","floor":13,"turns":3},{"damage":37,"enemies":"The Guardian","floor":16,"turns":10},{"damage":4,"enemies":"Chosen","floor":18,"turns":3},{"damage":10,"enemies":"Masked Bandits","floor":19,"turns":2},{"damage":9,"enemies":"Spheric Guardian","floor":22,"turns":3},{"damage":0,"enemies":"Gremlin Leader","floor":24,"turns":3},{"damage":0,"enemies":"Snake Plant","floor":28,"turns":4},{"damage":4,"enemies":"Book of Stabbing","floor":29,"turns":5},{"damage":0,"enemies":"Sentry and Sphere","floor":31,"turns":3},{"damage":3,"enemies":"Collector","floor":33,"turns":7},{"damage":15,"enemies":"3 Shapes","floor":35,"turns":3},{"damage":11,"enemies":"3 Darklings","floor":36,"turns":4},{"damage":2,"enemies":"Jaw Worm Horde","floor":39,"turns":3},{"damage":8,"enemies":"Giant Head","floor":40,"turns":6},{"damage":14,"enemies":"Transient","floor":42,"turns":5},{"damage":0,"enemies":"Nemesis","floor":45,"turns":7},{"damage":0,"enemies":"Giant Head","floor":47,"turns":5},{"damage":0,"enemies":"Spire Growth","floor":48,"turns":3},{"damage":0,"enemies":"Time Eater","floor":50,"turns":7}],"seed_played":"6285572167447838664","potions_obtained":[{"floor":7,"key":"LiquidBronze"},{"floor":8,"key":"Regen Potion"},{"floor":18,"key":"Explosive Potion"},{"floor":29,"key":"Regen Potion"},{"floor":38,"key":"Block Potion"},{"floor":40,"key":"FocusPotion"},{"floor":42,"key":"Fire Potion"}],"is_trial":false,"path_per_floor":["M","?","M","M","T","R","E","M","T","R","M","R","E","$","R","B",null,"M","?","$","?","M","R","E","R","T","?","M","E","R","M","R","B",null,"M","M","?","?","M","E","R","M","T","R","E","?","E","M","R","B",null],"character_chosen":"DEFECT","items_purchased":["Echo Form","DataDisk","Storm"],"campfire_rested":6,"item_purchase_floors":[14,14,20],"current_hp_per_floor":[61,66,59,50,50,74,49,43,43,67,48,72,56,56,56,19,65,61,56,56,56,47,71,71,71,71,40,40,36,36,36,36,33,38,23,21,21,21,19,11,23,9,9,21,21,21,40,40,40,40],"gold":724,"neow_bonus":"ONE_RANDOM_RARE_CARD","is_prod":false,"is_daily":false,"chose_seed":false,"campfire_upgraded":5,"win_rate":0,"timestamp":1549427931,"path_taken":["M","?","M","M","?","R","E","M","T","R","M","R","E","$","R","BOSS","M","?","$","?","M","R","E","R","T","?","M","E","R","M","R","BOSS","M","M","?","?","M","E","R","?","T","R","E","?","E","M","R","BOSS"],"build_version":"2019-01-23","purchased_purges":1,"victory":true,"max_hp_per_floor":[75,80,80,80,80,80,80,80,80,80,80,80,80,80,80,80,80,80,80,80,80,80,80,80,80,80,40,40,40,40,40,40,40,40,40,40,40,40,40,40,40,40,40,40,40,40,40,40,40,40],"card_choices":[{"not_picked":["Compile Driver","Rebound"],"picked":"Sweeping Beam","floor":1},{"not_picked":["Beam Cell","Hologram","Gash"],"picked":"SKIP","floor":3},{"not_picked":["Stack","Double Energy","Gash"],"picked":"SKIP","floor":4},{"not_picked":["Core Surge","Double Energy"],"picked":"Go for the Eyes","floor":7},{"not_picked":["Skim","Tempest"],"picked":"Coolheaded","floor":8},{"not_picked":["Turbo","Recycle","Hologram"],"picked":"SKIP","floor":11},{"not_picked":["Recycle","Auto Shields"],"picked":"Loop","floor":13},{"not_picked":["Hyperbeam","Core Surge"],"picked":"Electrodynamics","floor":16},{"not_picked":["Conserve Battery","Leap"],"picked":"Heatsinks","floor":18},{"not_picked":["Beam Cell+1","Leap"],"picked":"Compile Driver","floor":19},{"not_picked":["Skim+1","Sweeping Beam"],"picked":"Conserve Battery","floor":22},{"not_picked":["Coolheaded+1","Conserve Battery","Undo"],"picked":"SKIP","floor":24},{"not_picked":["Genetic Algorithm","Sweeping Beam+1","Streamline"],"picked":"SKIP","floor":28},{"not_picked":["Melter","Hyperbeam"],"picked":"White Noise","floor":29},{"not_picked":["Gash","Go for the Eyes"],"picked":"Consume","floor":31},{"not_picked":["Meteor Strike","Rainbow"],"picked":"Creative AI","floor":33},{"not_picked":["Turbo","Aggregate","Streamline+1"],"picked":"SKIP","floor":35},{"not_picked":["Doom and Gloom","Scrape","Rebound+1"],"picked":"SKIP","floor":36},{"not_picked":["Tempest","Hologram+1","Rebound"],"picked":"SKIP","floor":39},{"not_picked":["Beam Cell","Ball Lightning","Steam"],"picked":"SKIP","floor":40},{"not_picked":["Compile Driver+1","Auto Shields+1"],"picked":"BootSequence","floor":42},{"not_picked":["Coolheaded+1","Undo+1"],"picked":"Self Repair+1","floor":45},{"not_picked":["Turbo+1","Doom and Gloom","Go for the Eyes"],"picked":"SKIP","floor":47},{"not_picked":["Reinforced Body+1","Conserve Battery+1"],"picked":"Echo Form","floor":48}],"player_experience":232964,"relics_obtained":[{"floor":5,"key":"Symbiotic Virus"},{"floor":7,"key":"Centennial Puzzle"},{"floor":9,"key":"Mummified Hand"},{"floor":13,"key":"Bronze Scales"},{"floor":19,"key":"Red Mask"},{"floor":24,"key":"Calipers"},{"floor":26,"key":"MawBank"},{"floor":29,"key":"Pen Nib"},{"floor":40,"key":"Ornamental Fan"},{"floor":40,"key":"Matryoshka"},{"floor":43,"key":"Oddly Smooth Stone"},{"floor":43,"key":"Toxic Egg 2"},{"floor":45,"key":"Lantern"},{"floor":45,"key":"Torii"},{"floor":47,"key":"Regal Pillow"},{"floor":47,"key":"Cables"}],"event_choices":[{"damage_healed":0,"gold_gain":0,"player_choice":"Donut","damage_taken":0,"max_hp_gain":5,"max_hp_loss":0,"event_name":"Big Fish","floor":2,"gold_loss":0},{"damage_healed":0,"gold_gain":0,"player_choice":"Fought Bandits","damage_taken":0,"max_hp_gain":0,"max_hp_loss":0,"event_name":"Masked Bandits","floor":19,"gold_loss":0},{"damage_healed":0,"gold_gain":0,"cards_transformed":["Strike_B","Strike_B"],"player_choice":"Became Test Subject","damage_taken":0,"max_hp_gain":0,"max_hp_loss":0,"event_name":"Drug Dealer","floor":21,"gold_loss":0,"cards_obtained":["Static Discharge","Streamline"]},{"damage_healed":0,"gold_gain":0,"player_choice":"Became a Ghost","damage_taken":0,"max_hp_gain":0,"max_hp_loss":40,"event_name":"Ghosts","floor":27,"gold_loss":0,"cards_obtained":["Ghostly","Ghostly","Ghostly","Ghostly","Ghostly"]},{"damage_healed":0,"gold_gain":0,"player_choice":"Ignored","damage_taken":0,"max_hp_gain":0,"max_hp_loss":0,"event_name":"Mysterious Sphere","floor":37,"gold_loss":0},{"damage_healed":0,"gold_gain":0,"player_choice":"Bought 1 Potion","damage_taken":0,"max_hp_gain":0,"max_hp_loss":0,"event_name":"The Woman in Blue","floor":38,"gold_loss":0},{"cards_removed":["Compile Driver"],"damage_healed":0,"gold_gain":0,"player_choice":"Removed Attack","damage_taken":0,"max_hp_gain":0,"max_hp_loss":0,"event_name":"Falling","floor":46,"gold_loss":0}],"is_beta":false,"boss_relics":[{"not_picked":["Lizard Tail","Ectoplasm"],"picked":"Philosopher\u0027s Stone"},{"not_picked":["Coffee Dripper","Fusion Hammer"],"picked":"Black Star"}],"items_purged_floors":[20],"is_endless":false,"potions_floor_spawned":[7,8,18,29,31,35,39,40,42],"ascension_level":13}