{"gold_per_floor":[115,129,129,54,71,71,101,119,119,119,119,130,162,213,213,213],"floor_reached":16,"playtime":456,"items_purged":["Defend_R"],"score":220,"play_id":"9d0d48d9-e65e-46df-8797-2748f9598fa7","local_time":"20190205185728","is_ascension_mode":true,"campfire_choices":[{"data":"Armaments","floor":6,"key":"SMITH"},{"data":"Disarm","floor":10,"key":"SMITH"},{"floor":15,"key":"REST"}],"neow_cost":"NONE","seed_source_timestamp":47705707141600,"circlet_count":0,"master_deck":["AscendersBane","Strike_R","Strike_R","Strike_R","Strike_R","Strike_R","Defend_R","Defend_R","Bash","Armaments+1","Shrug It Off","Flame Barrier","Thunderclap","Dropkick","Dropkick","Disarm+1","Disarm","Impervious","Thunderclap"],"relics":["Orrery","Question Card","Champion Belt","Charon\u0027s Ashes","Pen Nib"],"potions_floor_usage":[7,8,12,13],"damage_taken":[{"damage":0,"enemies":"2 Louse","floor":1,"turns":3},{"damage":0,"enemies":"Cultist","floor":2,"turns":3},{"damage":4,"enemies":"Small Slimes","floor":5,"turns":4},{"damage":22,"enemies":"Gremlin Nob","floor":7,"turns":4},{"damage":1,"enemies":"Exordium Thugs","floor":8,"turns":5},{"damage":5,"enemies":"Lots of Slimes","floor":12,"turns":3},{"damage":31,"enemies":"3 Sentries","floor":13,"turns":12},{"damage":26,"enemies":"Slime Boss","floor":16,"turns":6}],"seed_played":"5224721552882358429","potions_obtained":[{"floor":1,"key":"Block Potion"},{"floor":7,"key":"SteroidPotion"},{"floor":11,"key":"Swift Potion"},{"floor":11,"key":"Fire Potion"},{"floor":13,"key":"SpeedPotion"}],"is_trial":false,"path_per_floor":["M","M","?","$","M","R","E","M","T","R","?","M","E","T","R","B"],"character_chosen":"IRONCLAD","items_purchased":[],"campfire_rested":1,"item_purchase_floors":[],"current_hp_per_floor":[68,68,68,68,64,64,42,41,41,41,41,36,5,5,27,1],"gold":213,"neow_bonus":"BOSS_RELIC","is_prod":false,"is_daily":false,"chose_seed":false,"campfire_upgraded":2,"win_rate":0,"timestamp":1549421848,"path_taken":["M","M","?","$","?","R","E","M","T","R","?","?","E","?","R","BOSS"],"build_version":"2019-01-23","purchased_purges":1,"victory":false,"max_hp_per_floor":[75,75,75,75,75,75,75,75,75,75,75,75,75,75,75,75],"card_choices":[{"not_picked":["Bloodletting","Power Through"],"picked":"Armaments","floor":0},{"not_picked":["Perfected Strike","Fiend Fire"],"picked":"Shrug It Off","floor":0},{"not_picked":["Headbutt","Warcry"],"picked":"Flame Barrier","floor":0},{"not_picked":["Feel No Pain","Iron Wave"],"picked":"Thunderclap","floor":0},{"not_picked":["Flex","Perfected Strike"],"picked":"Dropkick","floor":0},{"not_picked":["Body Slam","Thunderclap"],"picked":"Dropkick","floor":1},{"not_picked":["Hemokinesis","Pummel"],"picked":"Disarm","floor":2},{"not_picked":["Rupture","Armaments"],"picked":"Disarm","floor":7},{"not_picked":["Cleave","Searing Blow","Perfected Strike"],"picked":"Impervious","floor":12},{"not_picked":["Perfected Strike","Armaments","Flex"],"picked":"Thunderclap","floor":13}],"player_experience":1134576,"relics_obtained":[{"floor":7,"key":"Question Card"},{"floor":9,"key":"Champion Belt"},{"floor":13,"key":"Charon\u0027s Ashes"},{"floor":14,"key":"Pen Nib"}],"event_choices":[{"cards_removed":["Defend_R"],"damage_healed":0,"gold_gain":0,"player_choice":"Offered Basic","damage_taken":0,"max_hp_gain":0,"max_hp_loss":0,"event_name":"Bonfire Elementals","floor":3,"gold_loss":0},{"damage_healed":0,"gold_gain":0,"player_choice":"Got Potions","damage_taken":0,"max_hp_gain":0,"max_hp_loss":0,"event_name":"Lab","floor":11,"gold_loss":0}],"is_beta":true,"boss_relics":[],"items_purged_floors":[4],"is_endless":false,"potions_floor_spawned":[1,7,13],"killed_by":"Slime Boss","ascension_level":20}