{"gold_per_floor":[111,261,261,275,275,275,298,311,311,351,39,75,13,29,29,124,124,44,60,75,75],"floor_reached":21,"playtime":1201,"items_purged":["Doubt"],"score":428,"play_id":"d7097b87-65e2-45af-b0b6-614ff31a94b6","local_time":"20190212172559","is_ascension_mode":true,"campfire_choices":[{"data":"Zap","floor":6.0,"key":"SMITH"},{"data":"Apotheosis","floor":15.0,"key":"SMITH"}],"neow_cost":"NONE","seed_source_timestamp":1627347111864,"circlet_count":0,"master_deck":["AscendersBane","Strike_B","Strike_B","Strike_B","Strike_B","Defend_B","Defend_B","Defend_B","Defend_B","Zap+1","Dualcast","Glacier","White Noise","Cold Snap","Auto Shields","Capacitor","Apotheosis+1","Darkness","Stack","Redo","Conserve Battery","Undo","All For One","Redo","Sunder+1","Cold Snap"],"special_seed":0,"relics":["Black Star","Golden Idol","Boot","Question Card","Strawberry","Ancient Tea Set","The Courier","Regal Pillow","Inserter"],"potions_floor_usage":[20],"damage_taken":[{"damage":4.0,"enemies":"Jaw Worm","floor":1.0,"turns":4.0},{"damage":3.0,"enemies":"2 Louse","floor":4.0,"turns":7.0},{"damage":5.0,"enemies":"Cultist","floor":7.0,"turns":5.0},{"damage":0.0,"enemies":"Large Slime","floor":8.0,"turns":7.0},{"damage":12.0,"enemies":"3 Sentries","floor":10.0,"turns":15.0},{"damage":0.0,"enemies":"Lagavulin","floor":12.0,"turns":7.0},{"damage":16.0,"enemies":"Blue Slaver","floor":14.0,"turns":5.0},{"damage":2.0,"enemies":"Hexaghost","floor":16.0,"turns":13.0},{"damage":11.0,"enemies":"2 Thieves","floor":18.0,"turns":4.0},{"damage":13.0,"enemies":"3 Byrds","floor":19.0,"turns":8.0},{"damage":21,"enemies":"Cultist and Chosen","floor":20,"turns":12},{"damage":44,"enemies":"Chosen and Byrds","floor":21,"turns":5}],"seed_played":"6324348875101194716","potions_obtained":[{"floor":1.0,"key":"Strength Potion"},{"floor":8.0,"key":"Weak Potion"},{"floor":14.0,"key":"Strength Potion"},{"floor":16.0,"key":"Block Potion"},{"floor":19.0,"key":"Fire Potion"}],"is_trial":false,"path_per_floor":["M","?","?","M","T","R","M","M","T","E","$","E","$","M","R","B",null,"M","M","M","M"],"character_chosen":"DEFECT","items_purchased":["Apotheosis","Darkness","Redo","Conserve Battery"],"campfire_rested":0,"item_purchase_floors":[11,11,13,13],"current_hp_per_floor":[60,60,60,57,57,57,52,52,52,47,47,47,47,31,31,29,61,50,37,16,0],"gold":75,"neow_bonus":"BOSS_RELIC","is_prod":false,"is_daily":false,"chose_seed":false,"campfire_upgraded":2,"win_rate":0,"timestamp":1550021159,"path_taken":["M","?","?","M","?","R","M","M","T","E","?","E","$","M","R","BOSS","M","M","?","M"],"build_version":"2019-02-06","purchased_purges":1,"victory":false,"max_hp_per_floor":[71,71,64,64,64,64,64,64,64,71,71,71,71,71,71,71,71,71,71,71,71],"card_choices":[{"not_picked":["Tempest","Rebound"],"picked":"Glacier","floor":1.0},{"not_picked":["Recycle","Go for the Eyes"],"picked":"White Noise","floor":4.0},{"not_picked":["Beam Cell","Meteor Strike"],"picked":"Cold Snap","floor":7.0},{"not_picked":["Go for the Eyes","Tempest"],"picked":"Auto Shields","floor":8.0},{"not_picked":["Hologram","Static Discharge","Rebound"],"picked":"Capacitor","floor":10.0},{"not_picked":["Steam Power","Genetic Algorithm","Aggregate"],"picked":"Stack","floor":12.0},{"not_picked":["Steam","Recycle","Streamline"],"picked":"Undo","floor":14.0},{"not_picked":["Meteor Strike","Thunder Strike","Creative AI"],"picked":"All For One","floor":16.0},{"not_picked":["Chill","Sweeping Beam","Capacitor"],"picked":"Redo","floor":18.0},{"not_picked":["Ball Lightning","Stack+1","Cold Snap"],"picked":"Sunder+1","floor":19.0},{"not_picked":["Ball Lightning+1","Redo","Recycle"],"picked":"Cold Snap","floor":20}],"player_experience":1144089,"relics_obtained":[{"floor":5.0,"key":"Boot"},{"floor":9.0,"key":"Question Card"},{"floor":10.0,"key":"Strawberry"},{"floor":10.0,"key":"Ancient Tea Set"},{"floor":12.0,"key":"The Courier"},{"floor":12.0,"key":"Regal Pillow"}],"event_choices":[{"damage_healed":0.0,"max_hp_gain":0.0,"max_hp_loss":0.0,"gold_gain":150.0,"event_name":"Liars Game","player_choice":"AGREE","floor":2.0,"gold_loss":0.0,"damage_taken":0.0,"cards_obtained":["Doubt"]},{"damage_healed":0.0,"max_hp_gain":0.0,"max_hp_loss":7.0,"gold_gain":0.0,"event_name":"Golden Idol","player_choice":"Lose Max HP","floor":3.0,"gold_loss":0.0,"damage_taken":0.0,"relics_obtained":["Golden Idol"]}],"is_beta":true,"boss_relics":[{"not_picked":["Velvet Choker","Empty Cage"],"picked":"Inserter"}],"items_purged_floors":[11],"is_endless":false,"potions_floor_spawned":[1,8,14,16,19],"killed_by":"Chosen and Byrds","ascension_level":20}