{"gold_per_floor":[109,109,36,36,36,70,70,93,93,109,12,25,60,60,60,188,188,206,206,206,206,206,206,226,226],"floor_reached":25,"playtime":972,"items_purged":[],"score":420,"play_id":"4e37845e-8899-4521-859e-701dcba54fe1","local_time":"20190124030417","is_ascension_mode":true,"campfire_choices":[{"floor":15.0,"key":"REST"},{"floor":23.0,"key":"REST"}],"neow_cost":"NONE","seed_source_timestamp":0,"circlet_count":0,"master_deck":["Defend_B","Defend_B","Defend_B","Defend_B","Zap","Dualcast","Cold Snap","BootSequence","Creative AI","White Noise","Conserve Battery","Enlightenment","Turbo","Amplify","White Noise","Bite","Bite","Bite","Bite","Bite","RitualDagger","Reinforced Body"],"special_seed":0,"relics":["Cracked Core","NeowsBlessing","Golden Idol","FossilizedHelix","PreservedInsect","Ice Cream","Blue Candle","Sozu"],"potions_floor_usage":[],"damage_taken":[{"damage":0.0,"enemies":"2 Louse","floor":1.0,"turns":1.0},{"damage":0.0,"enemies":"3 Sentries","floor":6.0,"turns":2.0},{"damage":0.0,"enemies":"Jaw Worm","floor":8.0,"turns":1.0},{"damage":1.0,"enemies":"Small Slimes","floor":10.0,"turns":4.0},{"damage":19.0,"enemies":"Blue Slaver","floor":12.0,"turns":7.0},{"damage":16.0,"enemies":"Lagavulin","floor":13.0,"turns":7.0},{"damage":0.0,"enemies":"The Guardian","floor":16.0,"turns":12.0},{"damage":26.0,"enemies":"2 Thieves","floor":18.0,"turns":5.0},{"damage":28.0,"enemies":"Colosseum Slavers","floor":22.0,"turns":6.0},{"damage":9.0,"enemies":"Chosen","floor":24.0,"turns":6.0},{"damage":55,"enemies":"Gremlin Leader","floor":25,"turns":6}],"seed_played":"8632120097534868696","potions_obtained":[{"floor":8.0,"key":"PowerPotion"},{"floor":16.0,"key":"Block Potion"}],"is_trial":false,"path_per_floor":["M","?","$","?","?","E","$","M","T","M","$","M","E","?","R","B",null,"M","?","?","?","?","R","M","E"],"character_chosen":"DEFECT","items_purchased":["BootSequence","Enlightenment"],"campfire_rested":2,"item_purchase_floors":[3,11],"current_hp_per_floor":[68,68,68,50,50,50,50,52,52,53,53,36,22,15,35,37,61,37,37,37,31,13,33,38,0],"gold":226,"neow_bonus":"THREE_ENEMY_KILL","is_prod":false,"is_daily":false,"chose_seed":false,"campfire_upgraded":0,"win_rate":0,"timestamp":1548299057,"path_taken":["M","?","$","?","?","E","?","M","T","?","$","M","E","?","R","BOSS","M","?","?","?","?","R","M","E"],"build_version":"2019-01-23","purchased_purges":0,"victory":false,"max_hp_per_floor":[75,69,69,69,69,69,69,69,69,69,69,69,69,69,69,69,69,69,69,69,69,69,69,69,69],"card_choices":[{"not_picked":["Leap","Gash"],"picked":"Cold Snap","floor":1.0},{"not_picked":["Barrage","Gash"],"picked":"Creative AI","floor":6.0},{"not_picked":["Sunder","Sweeping Beam"],"picked":"White Noise","floor":8.0},{"not_picked":["Streamline","Compile Driver"],"picked":"Conserve Battery","floor":10.0},{"not_picked":["Compile Driver","Sweeping Beam","Beam Cell"],"picked":"SKIP","floor":12.0},{"not_picked":["Rip and Tear","Chaos"],"picked":"Turbo","floor":13.0},{"not_picked":["Biased Cognition","Hyperbeam"],"picked":"Amplify","floor":16.0},{"not_picked":["Leap","Coolheaded"],"picked":"White Noise","floor":18.0},{"not_picked":["Leap","Barrage"],"picked":"Reinforced Body","floor":24.0}],"player_experience":467613,"relics_obtained":[{"floor":6.0,"key":"Blood Vial"},{"floor":9.0,"key":"Ice Cream"},{"floor":13.0,"key":"Blue Candle"}],"event_choices":[{"damage_healed":0.0,"max_hp_gain":0.0,"max_hp_loss":6.0,"gold_gain":0.0,"event_name":"Golden Idol","player_choice":"Lose Max HP","floor":2.0,"gold_loss":0.0,"damage_taken":0.0,"relics_obtained":["Golden Idol"]},{"damage_healed":0.0,"max_hp_gain":0.0,"max_hp_loss":0.0,"gold_gain":0.0,"event_name":"Scrap Ooze","player_choice":"Success","floor":4.0,"gold_loss":0.0,"damage_taken":18.0,"relics_obtained":["FossilizedHelix"]},{"damage_healed":0.0,"max_hp_gain":0.0,"max_hp_loss":0.0,"gold_gain":0.0,"event_name":"Big Fish","player_choice":"Box","floor":5.0,"gold_loss":0.0,"damage_taken":0.0,"relics_obtained":["PreservedInsect"],"cards_obtained":["Regret"]},{"cards_removed":["Regret"],"damage_healed":0.0,"max_hp_gain":0.0,"max_hp_loss":0.0,"gold_gain":0.0,"event_name":"Golden Wing","player_choice":"Card Removal","floor":14.0,"gold_loss":0.0,"damage_taken":7.0},{"damage_healed":0.0,"max_hp_gain":0.0,"max_hp_loss":0.0,"gold_gain":0.0,"event_name":"Vampires","player_choice":"Became a vampire (Vial)","floor":19.0,"relics_lost":["Blood Vial"],"gold_loss":0.0,"damage_taken":0.0,"cards_obtained":["Bite","Bite","Bite","Bite","Bite"]},{"damage_healed":0.0,"max_hp_gain":0.0,"max_hp_loss":0.0,"gold_gain":0.0,"event_name":"Ghosts","player_choice":"Ignored","floor":20.0,"gold_loss":0.0,"damage_taken":0.0},{"damage_healed":0.0,"max_hp_gain":0.0,"max_hp_loss":0.0,"gold_gain":0.0,"event_name":"Nest","player_choice":"Joined the Cult","floor":21.0,"gold_loss":0.0,"damage_taken":6.0,"cards_obtained":["RitualDagger"]},{"damage_healed":0.0,"max_hp_gain":0.0,"max_hp_loss":0.0,"gold_gain":0.0,"event_name":"Colosseum","player_choice":"Fight","floor":22.0,"gold_loss":0.0,"damage_taken":0.0},{"damage_healed":0.0,"max_hp_gain":0.0,"max_hp_loss":0.0,"gold_gain":0.0,"event_name":"Colosseum","player_choice":"Fled From Nobs","floor":22.0,"gold_loss":0.0,"damage_taken":0.0}],"is_beta":true,"boss_relics":[{"not_picked":["Fusion Hammer","Eternal Feather"],"picked":"Sozu"}],"items_purged_floors":[],"is_endless":false,"potions_floor_spawned":[8,16,18,22],"killed_by":"Gremlin Leader","ascension_level":8}