{"gold_per_floor":[127,139,151,163,190,258,285,297,360,389,411,436,448,460,472,586,598,628,640],"floor_reached":19,"playtime":841,"items_purged":[],"score":169,"play_id":"54c38568-da18-4c84-b342-13c0353ea7fb","local_time":"20181210031831","is_ascension_mode":false,"campfire_choices":[{"data":"Bash","floor":15.0,"key":"SMITH"}],"neow_cost":"NONE","seed_source_timestamp":0,"circlet_count":0,"master_deck":["Strike_R","Strike_R+1","Strike_R","Strike_R","Strike_R","Defend_R","Defend_R","Defend_R","Defend_R","Bash+1","Flex","Flex","Clash+1","Perfected Strike","Armaments+1","Doubt","Parasite","Doubt"],"special_seed":0,"relics":["Burning Blood","MawBank","Potion Belt","Bag of Preparation","Tiny Chest","Whetstone","Calling Bell","Strawberry","Matryoshka","Thread and Needle"],"potions_floor_usage":[19,19],"damage_taken":[{"damage":1.0,"enemies":"Jaw Worm","floor":1.0,"turns":5.0},{"damage":4.0,"enemies":"2 Louse","floor":5.0,"turns":4.0},{"damage":30.0,"enemies":"3 Sentries","floor":6.0,"turns":10.0},{"damage":1.0,"enemies":"Cultist","floor":7.0,"turns":3.0},{"damage":10.0,"enemies":"2 Fungi Beasts","floor":10.0,"turns":4.0},{"damage":2.0,"enemies":"Blue Slaver","floor":11.0,"turns":3.0},{"damage":6.0,"enemies":"Exordium Wildlife","floor":12.0,"turns":3.0},{"damage":20.0,"enemies":"Hexaghost","floor":16.0,"turns":9.0},{"damage":52.0,"enemies":"Spheric Guardian","floor":18.0,"turns":8.0},{"damage":42,"enemies":"3 Byrds","floor":19,"turns":7}],"seed_played":"7205456605160322683","potions_obtained":[{"floor":5.0,"key":"Block Potion"},{"floor":7.0,"key":"PowerPotion"},{"floor":10.0,"key":"Fire Potion"},{"floor":11.0,"key":"Weak Potion"},{"floor":18.0,"key":"Poison Potion"}],"is_trial":false,"path_per_floor":["M","?","?","?","M","E","M","$","T","M","M","M","?","?","R","B",null,"M","M"],"character_chosen":"IRONCLAD","items_purchased":[],"campfire_rested":0,"item_purchase_floors":[],"current_hp_per_floor":[80,80,80,62,64,40,45,45,45,41,45,45,38,38,38,24,87,41,0],"gold":640,"neow_bonus":"RANDOM_COMMON_RELIC","is_prod":false,"is_daily":false,"chose_seed":false,"campfire_upgraded":1,"win_rate":0,"timestamp":1544411911,"path_taken":["M","?","?","?","M","E","M","?","T","M","M","?","?","?","R","BOSS","M","M"],"build_version":"2018-12-06","purchased_purges":0,"victory":false,"max_hp_per_floor":[80,80,80,80,80,80,80,80,80,80,80,80,80,80,80,80,87,87,87],"card_choices":[{"not_picked":["Combust","Anger"],"picked":"Wild Strike","floor":1.0},{"not_picked":["Body Slam","Clash"],"picked":"Flex","floor":5.0},{"not_picked":["Shrug It Off","Clash"],"picked":"Flex","floor":6.0},{"not_picked":["Flame Barrier","Pummel"],"picked":"Clash","floor":7.0},{"not_picked":["Clash","Warcry"],"picked":"Perfected Strike","floor":10.0},{"not_picked":["Warcry","Iron Wave","Burning Pact"],"picked":"SKIP","floor":11.0},{"not_picked":["Dual Wield","Sword Boomerang"],"picked":"Armaments","floor":12.0},{"not_picked":["Cleave","Sword Boomerang","Warcry"],"picked":"SKIP","floor":18.0}],"player_experience":339017,"relics_obtained":[{"floor":6.0,"key":"Tiny Chest"},{"floor":9.0,"key":"Whetstone"},{"floor":17.0,"key":"Strawberry"},{"floor":17.0,"key":"Matryoshka"},{"floor":17.0,"key":"Thread and Needle"}],"event_choices":[{"damage_healed":0.0,"max_hp_gain":0.0,"max_hp_loss":0.0,"gold_gain":0.0,"event_name":"Big Fish","player_choice":"Box","floor":2.0,"gold_loss":0.0,"damage_taken":0.0,"relics_obtained":["Potion Belt"],"cards_obtained":["Regret"]},{"cards_removed":["Regret"],"damage_healed":0.0,"max_hp_gain":0.0,"max_hp_loss":0.0,"gold_gain":0.0,"event_name":"Living Wall","player_choice":"Forget","floor":3.0,"gold_loss":0.0,"damage_taken":0.0},{"damage_healed":0.0,"max_hp_gain":0.0,"max_hp_loss":0.0,"gold_gain":0.0,"event_name":"Scrap Ooze","player_choice":"Success","floor":4.0,"gold_loss":0.0,"damage_taken":18.0,"relics_obtained":["Bag of Preparation"]},{"cards_removed":["Wild Strike"],"damage_healed":0.0,"max_hp_gain":0.0,"max_hp_loss":0.0,"gold_gain":0.0,"event_name":"Golden Wing","player_choice":"Card Removal","floor":13.0,"gold_loss":0.0,"damage_taken":7.0},{"damage_healed":0.0,"max_hp_gain":0.0,"max_hp_loss":0.0,"gold_gain":0.0,"event_name":"Upgrade Shrine","player_choice":"Upgraded","floor":14.0,"gold_loss":0.0,"damage_taken":0.0,"cards_upgraded":["Armaments"]}],"is_beta":true,"boss_relics":[{"not_picked":["Orrery","Fusion Hammer"],"picked":"Calling Bell"}],"items_purged_floors":[],"is_endless":false,"potions_floor_spawned":[5,7,10,11,18],"killed_by":"3 Byrds","ascension_level":0}