{"gold_per_floor":[114,389,401,1,1,1,35,47,47,47],"floor_reached":10,"playtime":728,"items_purged":["Regret"],"score":76,"play_id":"8d4ab1c4-a4d7-427d-852d-6cda453f4a8d","local_time":"20190204015138","is_ascension_mode":true,"campfire_choices":[{"data":"Distraction","floor":6,"key":"SMITH"}],"neow_cost":"NONE","seed_source_timestamp":41640674308924,"circlet_count":0,"master_deck":["Defend_G","Defend_G","Defend_G","Defend_G","Defend_G","Strike_G","Strike_G","Strike_G","Strike_G","Strike_G","Survivor","Neutralize","Impatience","Dodge and Roll","Blade Dance","Distraction+1","Noxious Fumes"],"relics":["Ring of the Snake","Membership Card","Matryoshka","NlothsMask","Singing Bowl","The Specimen"],"potions_floor_usage":[10],"damage_taken":[{"damage":0,"enemies":"Cultist","floor":1,"turns":5},{"damage":9,"enemies":"Jaw Worm","floor":3,"turns":7},{"damage":34,"enemies":"3 Sentries","floor":7,"turns":13},{"damage":10,"enemies":"2 Louse","floor":8,"turns":4},{"damage":29,"enemies":"Gremlin Nob","floor":10,"turns":3}],"seed_played":"8751933067571110429","potions_obtained":[{"floor":8,"key":"Fire Potion"}],"is_trial":false,"path_per_floor":["M","?","M","$","?","R","E","M","T","E"],"character_chosen":"THE_SILENT","items_purchased":["Membership Card","Matryoshka","Distraction"],"campfire_rested":0,"item_purchase_floors":[4,4,4],"current_hp_per_floor":[70,70,61,61,61,61,27,19,19,0],"gold":47,"neow_bonus":"RANDOM_COLORLESS","is_prod":false,"is_daily":false,"chose_seed":false,"campfire_upgraded":1,"win_rate":0,"timestamp":1549241498,"path_taken":["M","?","?","$","?","R","E","M","T","E"],"build_version":"2019-01-23","purchased_purges":1,"victory":false,"max_hp_per_floor":[70,70,70,70,70,70,70,72,72,72],"card_choices":[{"not_picked":["Dagger Throw","Riddle With Holes"],"picked":"Dodge and Roll","floor":1},{"not_picked":["Deflect","Dagger Spray"],"picked":"Blade Dance","floor":3},{"not_picked":["Dodge and Roll","Crippling Poison"],"picked":"Noxious Fumes","floor":7},{"not_picked":["Phantasmal Killer","Backflip","Endless Agony"],"picked":"Singing Bowl","floor":8}],"player_experience":205398,"relics_obtained":[{"floor":7,"key":"Singing Bowl"},{"floor":9,"key":"The Specimen"}],"event_choices":[{"damage_healed":0,"gold_gain":275,"player_choice":"Desecrate","damage_taken":0,"max_hp_gain":0,"max_hp_loss":0,"event_name":"Golden Shrine","floor":2,"gold_loss":0,"cards_obtained":["Regret"]},{"damage_healed":0,"gold_gain":0,"player_choice":"Trade","damage_taken":0,"relics_obtained":["NlothsMask"],"max_hp_gain":0,"max_hp_loss":0,"event_name":"FaceTrader","floor":5,"gold_loss":0}],"is_beta":false,"boss_relics":[],"items_purged_floors":[4],"is_endless":false,"potions_floor_spawned":[8],"killed_by":"Gremlin Nob","ascension_level":3}