{"gold_per_floor":[119,194,220,230,11,11,11,44,44,55,55,55,65,76,76,154,154,171,185,185],"floor_reached":20,"playtime":831,"items_purged":["Strike_G"],"score":287,"play_id":"ac8deffe-4d20-4697-9316-f9742c866578","local_time":"20190208062811","is_ascension_mode":true,"campfire_choices":[{"data":"Cloak And Dagger","floor":6,"key":"SMITH"},{"floor":15,"key":"REST"}],"neow_cost":"NONE","seed_source_timestamp":120554435264168,"circlet_count":0,"master_deck":["AscendersBane","Defend_G","Defend_G","Defend_G","Defend_G","Defend_G","Strike_G","Strike_G","Strike_G","Strike_G","Survivor","Neutralize","Slice","Cloak And Dagger+1","Infinite Blades","Distraction+1","Slice","Deflect","Well Laid Plans","Footwork","Night Terror","Blade Dance"],"relics":["WristBlade","Lantern","Bottled Lightning","Boot","Eternal Feather"],"potions_floor_usage":[8,14,20],"damage_taken":[{"damage":8,"enemies":"Jaw Worm","floor":1,"turns":6},{"damage":7,"enemies":"Cultist","floor":4,"turns":4},{"damage":33,"enemies":"Gremlin Nob","floor":8,"turns":5},{"damage":0,"enemies":"2 Louse","floor":10,"turns":3},{"damage":0,"enemies":"Looter","floor":13,"turns":2},{"damage":7,"enemies":"Exordium Thugs","floor":14,"turns":5},{"damage":1,"enemies":"Hexaghost","floor":16,"turns":13},{"damage":22,"enemies":"Spheric Guardian","floor":18,"turns":5},{"damage":18,"enemies":"3 Byrds","floor":19,"turns":6},{"damage":22,"enemies":"Snecko","floor":20,"turns":6}],"seed_played":"1595109577043441215","potions_obtained":[{"floor":4,"key":"FearPotion"},{"floor":8,"key":"Regen Potion"},{"floor":16,"key":"Energy Potion"}],"is_trial":false,"path_per_floor":["M","?","T","M","$","R","$","E","T","M","?","?","M","M","R","B",null,"M","M","M"],"character_chosen":"THE_SILENT","items_purchased":["Infinite Blades","Distraction"],"campfire_rested":1,"item_purchase_floors":[5,5],"current_hp_per_floor":[55,44,44,37,37,37,37,4,4,4,4,4,4,11,32,31,60,38,20,0],"gold":185,"neow_bonus":"BOSS_RELIC","is_prod":false,"is_daily":false,"chose_seed":false,"campfire_upgraded":1,"win_rate":0,"timestamp":1549607291,"path_taken":["M","?","?","M","$","R","$","E","T","?","?","?","M","?","R","BOSS","M","M","M"],"build_version":"2019-02-06","purchased_purges":1,"victory":false,"max_hp_per_floor":[70,70,70,70,70,70,70,70,70,70,70,70,70,70,70,70,70,70,70,70],"card_choices":[{"not_picked":["Acrobatics","Riddle With Holes"],"picked":"Slice","floor":1},{"not_picked":["Deadly Poison","Underhanded Strike"],"picked":"Cloak And Dagger","floor":4},{"not_picked":["Prepared","Phantasmal Killer"],"picked":"Slice","floor":8},{"not_picked":["Dagger Spray","Outmaneuver"],"picked":"Deflect","floor":10},{"not_picked":["Cloak And Dagger","Bane"],"picked":"Well Laid Plans","floor":13},{"not_picked":["Outmaneuver","Dash"],"picked":"Footwork","floor":14},{"not_picked":["Grand Finale","Envenom"],"picked":"Night Terror","floor":16},{"not_picked":["Endless Agony","Dodge and Roll"],"picked":"Blade Dance","floor":18},{"not_picked":["Finisher","Sucker Punch","Setup"],"picked":"SKIP","floor":19}],"player_experience":581543,"relics_obtained":[{"floor":3,"key":"Lantern"},{"floor":8,"key":"Bottled Lightning"},{"floor":9,"key":"Boot"}],"event_choices":[{"damage_healed":0,"gold_gain":75,"player_choice":"Gather Gold","damage_taken":11,"max_hp_gain":0,"max_hp_loss":0,"event_name":"World of Goop","floor":2,"gold_loss":0},{"damage_healed":0,"gold_gain":0,"player_choice":"Ignored","damage_taken":0,"max_hp_gain":0,"max_hp_loss":0,"event_name":"Shining Light","floor":11,"gold_loss":0},{"damage_healed":0,"gold_gain":0,"player_choice":"Forge","damage_taken":0,"max_hp_gain":0,"max_hp_loss":0,"event_name":"Accursed Blacksmith","floor":12,"gold_loss":0,"cards_upgraded":["Distraction"]}],"is_beta":true,"boss_relics":[{"not_picked":["Black Star","Fusion Hammer"],"picked":"Eternal Feather"}],"items_purged_floors":[5],"is_endless":false,"potions_floor_spawned":[4,8,16],"killed_by":"Snecko","ascension_level":13}