{"path_per_floor":["M","M","?","?","M","E","T","R","T","E","M","M","?","E","R","B",null,"M","?","?","?","$"],"character_chosen":"DEFECT","items_purchased":["Multi-Cast","Capacitor","Finesse"],"gold_per_floor":[119,136,136,136,146,176,176,176,201,234,250,269,299,332,332,429,429,441,441,441,441,209,209],"floor_reached":23,"campfire_rested":1,"playtime":1137,"current_hp_per_floor":[74,75,60,53,60,23,23,45,45,40,39,34,34,17,17,15,82,67,92,92,74,74,0],"items_purged":[],"gold":209,"score":217,"play_id":"276ae55a-082e-4f59-90eb-c8de57eb44f6","local_time":"20180427233207","is_prod":false,"is_daily":false,"chose_seed":false,"is_ascension_mode":true,"campfire_upgraded":1,"timestamp":1524868327,"path_taken":["M","?","?","?","M","E","?","R","T","E","M","?","?","E","R","BOSS","M","?","?","?","$","E"],"build_version":"2018-04-26v2","seed_source_timestamp":704126723106442,"purchased_purges":0,"victory":false,"master_deck":["Strike_B+1","Strike_B","Strike_B+1","Defend_B","Defend_B","Defend_B","Defend_B","Zap","Dualcast","Self Repair","Axe Kick","Impulse","Streamline","Creative AI","Sweeping Beam","Impulse","Chaos+1","Coolheaded","Multi-Cast","Capacitor","Finesse"],"max_hp_per_floor":[75,75,75,75,75,75,75,75,75,82,82,82,82,82,82,82,82,82,92,92,97,97,97],"relics":["Cracked Core","Ornamental Fan","Centennial Puzzle","Blood Vial","Strawberry","Vajra","Regal Pillow","Inserter"],"card_choices":[{"not_picked":["Ball Lightning","Leap"],"picked":"Self Repair","floor":1},{"not_picked":["Stack","Skim"],"picked":"Axe Kick","floor":2},{"not_picked":["Gash","Go for the Eyes"],"picked":"Impulse","floor":5},{"not_picked":["Double Energy","Sweeping Beam"],"picked":"Streamline","floor":6},{"not_picked":["Coolheaded","Go for the Eyes"],"picked":"Creative AI","floor":10},{"not_picked":["Barrage","Blaster"],"picked":"Sweeping Beam","floor":11},{"not_picked":["Leap","Skim"],"picked":"Impulse","floor":12},{"not_picked":["Coolheaded","Darkness"],"picked":"Chaos","floor":14},{"not_picked":["Rainbow","Amplify"],"picked":"All For One","floor":16},{"not_picked":["Allocate","Capacitor"],"picked":"Coolheaded","floor":18}],"player_experience":81815,"potions_floor_usage":[14,14,16,23,23],"damage_taken":[{"damage":1,"enemies":"Cultist","floor":1,"turns":4},{"damage":1,"enemies":"Small Slimes","floor":2,"turns":4},{"damage":0,"enemies":"2 Louse","floor":5,"turns":3},{"damage":44,"enemies":"3 Sentries","floor":6,"turns":9},{"damage":14,"enemies":"Gremlin Nob","floor":10,"turns":3},{"damage":10,"enemies":"Looter","floor":11,"turns":3},{"damage":7,"enemies":"2 Fungi Beasts","floor":12,"turns":2},{"damage":26,"enemies":"3 Sentries","floor":14,"turns":7},{"damage":11,"enemies":"Hexaghost","floor":16,"turns":9},{"damage":36,"enemies":"Shell Parasite","floor":18,"turns":7},{"damage":90,"enemies":"Slavers","floor":23,"turns":4}],"event_choices":[{"event_name":"Shining Light","player_choice":"Entered Light","floor":3,"damage_taken":0},{"event_name":"Golden Wing","player_choice":"Card Removal","floor":4,"damage_taken":0},{"event_name":"Dead Adventurer","player_choice":"Searched \u00273\u0027 times","floor":13,"damage_taken":0},{"event_name":"Bonfire Elementals","player_choice":"RARE","floor":19,"damage_taken":0},{"event_name":"Vampires","player_choice":"Ignored","floor":20,"damage_taken":0},{"event_name":"Forgotten Altar","player_choice":"Shed Blood","floor":21,"damage_taken":0}],"boss_relics":[{"not_picked":["Runic Pyramid","Black Star"],"picked":"Inserter"}],"potions_floor_spawned":[6,11,12,14,16],"seed_played":"-7697975600068693337","killed_by":"Slavers","ascension_level":1,"is_trial":false}