{"gold_per_floor":[116,135,10,22,22,47,61,61,131,41,41,64,64,64,64,193,193,214,227,243,168,191,191,204,223,523,523],"floor_reached":27,"playtime":1092,"items_purged":["Strike_B"],"score":217,"play_id":"7fbe17c3-29bb-480e-a2ad-f8cb46316c61","local_time":"20190128060740","is_ascension_mode":false,"campfire_choices":[{"floor":13,"key":"REST"},{"data":"Consume","floor":15,"key":"SMITH"},{"floor":23,"key":"REST"}],"neow_cost":"TEN_PERCENT_HP_LOSS","seed_source_timestamp":1518394512743871,"circlet_count":0,"master_deck":["Strike_B","Strike_B","Strike_B","Defend_B","Defend_B","Defend_B","Defend_B","Zap","Dualcast+1","Lockon+1","Glacier","Consume+1","Leap","Capacitor","Chill","Enlightenment","Electrodynamics","Reprogram+1","Redo+1","Redo+1","Coolheaded","Self Repair+1"],"relics":["Cracked Core","Prayer Wheel","Unceasing Top","Golden Idol","Bottled Flame","Sozu","Old Coin"],"potions_floor_usage":[6,6,16,27],"damage_taken":[{"damage":6,"enemies":"Jaw Worm","floor":1,"turns":3},{"damage":2,"enemies":"Small Slimes","floor":2,"turns":3},{"damage":0,"enemies":"Cultist","floor":4,"turns":4},{"damage":19,"enemies":"Gremlin Nob","floor":6,"turns":6},{"damage":5,"enemies":"Blue Slaver","floor":7,"turns":4},{"damage":11,"enemies":"Exordium Thugs","floor":12,"turns":5},{"damage":32,"enemies":"Slime Boss","floor":16,"turns":14},{"damage":13,"enemies":"Shell Parasite","floor":18,"turns":6},{"damage":8,"enemies":"Spheric Guardian","floor":19,"turns":4},{"damage":16,"enemies":"Cultist and Chosen","floor":20,"turns":3},{"damage":0,"enemies":"3 Cultists","floor":22,"turns":5},{"damage":3,"enemies":"Snecko","floor":24,"turns":5},{"damage":15,"enemies":"Chosen and Byrds","floor":25,"turns":7},{"damage":37,"enemies":"Slavers","floor":27,"turns":2}],"seed_played":"-1513245432077105623","potions_obtained":[{"floor":1,"key":"Energy Potion"},{"floor":4,"key":"Weak Potion"},{"floor":7,"key":"Strength Potion"},{"floor":16,"key":"Dexterity Potion"}],"is_trial":false,"path_per_floor":["M","M","$","M","?","E","M","?","T","$","$","M","R","?","R","B",null,"M","M","M","$","M","R","M","M","T","E"],"character_chosen":"DEFECT","items_purchased":["Consume","Leap","Enlightenment"],"campfire_rested":2,"item_purchase_floors":[3,3,10],"current_hp_per_floor":[62,60,60,60,46,27,22,22,22,22,22,11,29,63,63,31,63,50,42,26,26,26,44,41,36,36,0],"gold":523,"neow_bonus":"ONE_RARE_RELIC","is_prod":false,"is_daily":false,"chose_seed":false,"campfire_upgraded":1,"win_rate":0,"timestamp":1548655660,"path_taken":["M","M","$","M","?","E","M","?","T","?","$","M","R","?","R","BOSS","M","M","M","$","M","R","?","M","T","E"],"build_version":"2019-01-23","purchased_purges":1,"victory":false,"max_hp_per_floor":[68,68,68,68,68,68,68,63,63,63,63,63,63,63,63,63,63,63,63,63,63,63,63,63,63,63,63],"card_choices":[{"not_picked":["Ball Lightning","Turbo"],"picked":"Lockon","floor":1},{"not_picked":["Steam","Barrage","Rip and Tear"],"picked":"SKIP","floor":1},{"not_picked":["Steam","Hyperbeam"],"picked":"Glacier","floor":2},{"not_picked":["Reprogram","BootSequence"],"picked":"Fusion","floor":2},{"not_picked":["Stack","Heatsinks"],"picked":"Capacitor","floor":4},{"not_picked":["Beam Cell","Sweeping Beam","Streamline"],"picked":"SKIP","floor":4},{"not_picked":["Skim","Thunder Strike"],"picked":"Chill","floor":6},{"not_picked":["Darkness","Ball Lightning","Genetic Algorithm"],"picked":"SKIP","floor":7},{"not_picked":["Conserve Battery","Sunder","Darkness"],"picked":"SKIP","floor":7},{"not_picked":["Undo","Beam Cell","Skim"],"picked":"SKIP","floor":12},{"not_picked":["FTL","Streamline","Reinforced Body"],"picked":"SKIP","floor":12},{"not_picked":["Hyperbeam","Rainbow"],"picked":"Electrodynamics","floor":16},{"not_picked":["Conserve Battery","Go for the Eyes"],"picked":"Reprogram+1","floor":18},{"not_picked":["Gash","Sweeping Beam+1","Skim+1"],"picked":"SKIP","floor":18},{"not_picked":["Steam","Consume"],"picked":"Redo+1","floor":19},{"not_picked":["Ball Lightning","Leap","Turbo"],"picked":"SKIP","floor":19},{"not_picked":["Turbo+1","Leap+1"],"picked":"Redo+1","floor":20},{"not_picked":["Static Discharge+1","Recycle","Hyperbeam"],"picked":"SKIP","floor":20},{"not_picked":["Hello World","Lockon"],"picked":"Coolheaded","floor":22},{"not_picked":["Force Field","Barrage","Fusion"],"picked":"SKIP","floor":22},{"not_picked":["Undo","Redo"],"picked":"Self Repair+1","floor":24},{"not_picked":["Compile Driver+1","Scrape","Reinforced Body"],"picked":"SKIP","floor":24},{"not_picked":["Sweeping Beam","Cold Snap","Rebound"],"picked":"SKIP","floor":25},{"not_picked":["Compile Driver+1","Tempest+1","Double Energy"],"picked":"SKIP","floor":25}],"player_experience":499354,"relics_obtained":[{"floor":6,"key":"Unceasing Top"},{"floor":9,"key":"Bottled Flame"},{"floor":26,"key":"Old Coin"}],"event_choices":[{"damage_healed":0,"gold_gain":0,"player_choice":"Entered Light","damage_taken":14,"max_hp_gain":0,"max_hp_loss":0,"event_name":"Shining Light","floor":5,"gold_loss":0,"cards_upgraded":["Lockon","Dualcast"]},{"damage_healed":0,"gold_gain":0,"player_choice":"Lose Max HP","damage_taken":0,"relics_obtained":["Golden Idol"],"max_hp_gain":0,"max_hp_loss":5,"event_name":"Golden Idol","floor":8,"gold_loss":0},{"cards_removed":["Fusion"],"damage_healed":34,"gold_gain":0,"player_choice":"Offered Uncommon","damage_taken":0,"max_hp_gain":0,"max_hp_loss":0,"event_name":"Bonfire Elementals","floor":14,"gold_loss":0}],"is_beta":true,"boss_relics":[{"not_picked":["Coffee Dripper","Tiny House"],"picked":"Sozu"}],"items_purged_floors":[21],"is_endless":false,"potions_floor_spawned":[1,4,7,16,19,20],"killed_by":"Slavers","ascension_level":0}