{"gold_per_floor":[113,132,78,90,90,90,15,15,15,32,47,47,58,73,73,150,150,160,160,160,177,177,177,193,193,220,239,258,258,270,4,4,4],"floor_reached":33,"playtime":1507,"items_purged":["Pain"],"score":447,"play_id":"10a43c27-b753-4035-8059-4722ae4f2b29","local_time":"20190211020152","is_ascension_mode":true,"campfire_choices":[{"data":"Zap","floor":6,"key":"SMITH"},{"data":"Capacitor","floor":8,"key":"SMITH"},{"data":"Steam Power","floor":12,"key":"SMITH"},{"data":"Coolheaded","floor":15,"key":"SMITH"},{"data":"Consume","floor":23,"key":"SMITH"},{"data":"Creative AI","floor":25,"key":"SMITH"},{"data":"Dualcast","floor":29,"key":"SMITH"},{"data":"Defragment","floor":32,"key":"SMITH"}],"neow_cost":"NONE","seed_source_timestamp":1654775644083667,"circlet_count":0,"master_deck":["AscendersBane","Defend_B","Defend_B","Defend_B","Zap+1","Dualcast+1","Echo Form","Steam","Steam Power+1","Ball Lightning","Capacitor+1","Cold Snap","Cold Snap","Coolheaded+1","Creative AI+1","Glacier","Bite","Bite","Bite","Bite","Bite","Consume+1","Capacitor","Redo+1","Force Field","Defragment+1","Chill"],"relics":["Cracked Core","WarpedTongs","Letter Opener","White Beast Statue","Lantern","Bag of Preparation"],"potions_floor_usage":[16,21,21,27,28,33],"damage_taken":[{"damage":3,"enemies":"Small Slimes","floor":1,"turns":3},{"damage":0,"enemies":"Cultist","floor":2,"turns":4},{"damage":0,"enemies":"2 Louse","floor":4,"turns":3},{"damage":0,"enemies":"Exordium Thugs","floor":10,"turns":4},{"damage":9,"enemies":"Lots of Slimes","floor":11,"turns":3},{"damage":0,"enemies":"3 Louse","floor":13,"turns":2},{"damage":0,"enemies":"2 Fungi Beasts","floor":14,"turns":3},{"damage":24,"enemies":"Hexaghost","floor":16,"turns":9},{"damage":7,"enemies":"Chosen","floor":18,"turns":5},{"damage":1,"enemies":"2 Thieves","floor":21,"turns":4},{"damage":35,"enemies":"Chosen and Byrds","floor":24,"turns":8},{"damage":30,"enemies":"Centurion and Healer","floor":27,"turns":12},{"damage":19,"enemies":"Snecko","floor":28,"turns":7},{"damage":7,"enemies":"Cultist and Chosen","floor":30,"turns":5},{"damage":39,"enemies":"Collector","floor":33,"turns":5}],"seed_played":"-1390220288087043868","potions_obtained":[{"floor":10,"key":"Energy Potion"},{"floor":14,"key":"Energy Potion"},{"floor":16,"key":"Fire Potion"},{"floor":21,"key":"EssenceOfSteel"},{"floor":24,"key":"GamblersBrew"},{"floor":27,"key":"LiquidBronze"},{"floor":28,"key":"SpeedPotion"},{"floor":30,"key":"Strength Potion"}],"is_trial":false,"path_per_floor":["M","M","$","M","?","R","$","R","T","M","M","R","M","M","R","B",null,"M","?","$","M","?","R","M","R","T","M","M","R","M","$","R","B"],"character_chosen":"DEFECT","items_purchased":["Ball Lightning","Bag of Preparation","Defragment","Chill"],"campfire_rested":0,"item_purchase_floors":[3,31,31,31],"current_hp_per_floor":[61,61,61,61,61,61,61,61,61,61,52,52,52,52,52,28,60,53,49,49,49,49,49,26,26,26,40,35,35,45,45,45,19],"gold":4,"neow_bonus":"ONE_RANDOM_RARE_CARD","is_prod":false,"is_daily":false,"chose_seed":false,"campfire_upgraded":8,"win_rate":0,"timestamp":1549818112,"path_taken":["M","M","$","M","?","R","?","R","T","M","M","R","M","M","R","BOSS","M","?","$","M","?","R","?","R","T","M","M","R","M","$","R","BOSS"],"build_version":"2019-01-23","purchased_purges":1,"victory":false,"max_hp_per_floor":[71,71,71,71,71,71,71,71,71,71,71,71,71,71,71,71,71,71,49,49,49,49,49,49,49,49,49,49,49,49,49,49,49],"card_choices":[{"not_picked":["Hello World","Stack"],"picked":"Steam","floor":1},{"not_picked":["Steam","Consume"],"picked":"Steam Power","floor":2},{"not_picked":["Turbo","Streamline"],"picked":"Capacitor","floor":4},{"not_picked":["Barrage","Reprogram"],"picked":"Cold Snap","floor":10},{"not_picked":["Chaos","Double Energy"],"picked":"Cold Snap","floor":11},{"not_picked":["Genetic Algorithm","Steam Power","Reboot"],"picked":"SKIP","floor":13},{"not_picked":["Beam Cell","Stack"],"picked":"Coolheaded","floor":14},{"not_picked":["Amplify","Reboot"],"picked":"Creative AI","floor":16},{"not_picked":["Compile Driver","Redo"],"picked":"Glacier","floor":18},{"not_picked":["Scrape","Hologram"],"picked":"Consume","floor":21},{"not_picked":["Cold Snap","Gash"],"picked":"Capacitor","floor":24},{"not_picked":["Compile Driver","Ball Lightning"],"picked":"Redo+1","floor":27},{"not_picked":["Steam Power","Multi-Cast","Compile Driver"],"picked":"SKIP","floor":28},{"not_picked":["Self Repair+1","Go for the Eyes"],"picked":"Force Field","floor":30}],"player_experience":965128,"relics_obtained":[{"floor":9,"key":"Letter Opener"},{"floor":26,"key":"Lantern"}],"event_choices":[{"damage_healed":0,"gold_gain":0,"player_choice":"Rummage","damage_taken":0,"relics_obtained":["WarpedTongs"],"max_hp_gain":0,"max_hp_loss":0,"event_name":"Accursed Blacksmith","floor":5,"gold_loss":0,"cards_obtained":["Pain"]},{"damage_healed":0,"gold_gain":0,"player_choice":"Became a vampire","damage_taken":0,"max_hp_gain":0,"max_hp_loss":22,"event_name":"Vampires","floor":19,"gold_loss":0,"cards_obtained":["Bite","Bite","Bite","Bite","Bite"]},{"cards_removed":["Defend_B"],"damage_healed":0,"gold_gain":0,"player_choice":"Offered Basic","damage_taken":0,"max_hp_gain":0,"max_hp_loss":0,"event_name":"Bonfire Elementals","floor":22,"gold_loss":0}],"is_beta":false,"boss_relics":[{"not_picked":["Runic Pyramid","Black Star"],"picked":"White Beast Statue"}],"items_purged_floors":[7],"is_endless":false,"potions_floor_spawned":[10,14,16,18,21,24,27,28,30],"killed_by":"Collector","ascension_level":15}