{"gold_per_floor":[111,122,134,144,144,144,174,174,201,217,217,20,20,36,36,112,112,122,122,122,140,12,12,47,65,90,90,121,121],"floor_reached":29,"playtime":1301,"items_purged":[],"score":460,"play_id":"98fab317-2e92-4d2e-af08-a2a7b05e0ecd","local_time":"20190211003515","is_ascension_mode":true,"campfire_choices":[{"data":"Loop","floor":6,"key":"SMITH"},{"data":"Zap","floor":11,"key":"SMITH"},{"data":"Sunder","floor":13,"key":"SMITH"},{"data":"Coolheaded","floor":15,"key":"SMITH"},{"floor":23,"key":"REST"},{"floor":27,"key":"REST"}],"neow_cost":"NONE","seed_source_timestamp":1649782506062081,"circlet_count":0,"master_deck":["AscendersBane","Strike_B","Strike_B","Strike_B","Defend_B","Defend_B","Defend_B","Defend_B","Zap+1","Dualcast","Ball Lightning","Rebound+1","Steam","Loop+1","Conserve Battery","Echo Form","Coolheaded+1","Sunder+1","BootSequence","Biased Cognition","Coolheaded","Capacitor","Ball Lightning","FTL+1","Buffer"],"relics":["Cracked Core","Dream Catcher","Pen Nib","Lantern","Fusion Hammer","Centennial Puzzle","Strawberry","Whetstone"],"potions_floor_usage":[7,16,16,24,28],"damage_taken":[{"damage":0,"enemies":"Small Slimes","floor":1,"turns":2},{"damage":0,"enemies":"2 Louse","floor":2,"turns":1},{"damage":0,"enemies":"Cultist","floor":3,"turns":2},{"damage":8,"enemies":"Exordium Wildlife","floor":4,"turns":5},{"damage":20,"enemies":"3 Sentries","floor":7,"turns":6},{"damage":8,"enemies":"Blue Slaver","floor":10,"turns":2},{"damage":0,"enemies":"Large Slime","floor":14,"turns":3},{"damage":2,"enemies":"Hexaghost","floor":16,"turns":9},{"damage":11,"enemies":"Spheric Guardian","floor":18,"turns":4},{"damage":0,"enemies":"3 Byrds","floor":21,"turns":5},{"damage":32,"enemies":"Gremlin Leader","floor":24,"turns":5},{"damage":35,"enemies":"Snecko","floor":25,"turns":6},{"damage":17,"enemies":"Slavers","floor":28,"turns":4},{"damage":18,"enemies":"Chosen and Byrds","floor":29,"turns":6}],"seed_played":"2328592210170553791","potions_obtained":[{"floor":2,"key":"GamblersBrew"},{"floor":4,"key":"SteroidPotion"},{"floor":14,"key":"Swift Potion"},{"floor":21,"key":"SteroidPotion"}],"is_trial":false,"path_per_floor":["M","M","M","M","?","R","E","?","T","M","R","$","R","M","R","B",null,"M","?","$","M","$","R","E","M","T","R","E","M"],"character_chosen":"DEFECT","items_purchased":["Echo Form","Coolheaded","Sunder","Capacitor","Block Potion"],"campfire_rested":2,"item_purchase_floors":[12,12,12,22,22],"current_hp_per_floor":[64,64,64,56,56,56,36,36,36,28,28,28,28,28,28,26,60,49,49,49,49,49,70,38,3,10,33,16,0],"gold":121,"neow_bonus":"RANDOM_COMMON_RELIC","is_prod":false,"is_daily":false,"chose_seed":false,"campfire_upgraded":4,"win_rate":0,"timestamp":1549812915,"path_taken":["M","M","M","M","?","R","E","?","T","M","R","$","R","M","R","BOSS","M","?","$","M","$","R","E","?","T","R","E","M"],"build_version":"2019-01-23","purchased_purges":0,"victory":false,"max_hp_per_floor":[71,71,71,71,71,71,71,71,71,71,71,71,71,71,71,71,71,71,71,71,71,71,71,71,71,78,78,78,78],"card_choices":[{"not_picked":["Redo","Coolheaded"],"picked":"Ball Lightning","floor":1},{"not_picked":["Steam","Turbo"],"picked":"Rebound","floor":2},{"not_picked":["Rip and Tear","Streamline"],"picked":"Steam","floor":3},{"not_picked":["Steam","Ball Lightning"],"picked":"Loop","floor":4},{"not_picked":["Steam","Skim","Recycle"],"picked":"SKIP","floor":7},{"not_picked":["Double Energy","Streamline"],"picked":"Conserve Battery","floor":10},{"not_picked":["Lockon","Steam"],"picked":"BootSequence","floor":14},{"not_picked":["Core Surge","All For One"],"picked":"Biased Cognition","floor":16},{"not_picked":["Turbo","Fusion"],"picked":"Coolheaded","floor":18},{"not_picked":["Reinforced Body","Heatsinks","Fusion"],"picked":"SKIP","floor":21},{"not_picked":["Sweeping Beam","Auto Shields"],"picked":"Ball Lightning","floor":24},{"not_picked":["Conserve Battery","Barrage"],"picked":"FTL","floor":25},{"not_picked":["Compile Driver","Fusion"],"picked":"Buffer","floor":27},{"not_picked":["Double Energy","Undo","Chaos"],"picked":"SKIP","floor":28}],"player_experience":960696,"relics_obtained":[{"floor":7,"key":"Pen Nib"},{"floor":9,"key":"Lantern"},{"floor":24,"key":"Centennial Puzzle"},{"floor":26,"key":"Strawberry"},{"floor":28,"key":"Whetstone"}],"event_choices":[{"damage_healed":0,"gold_gain":0,"player_choice":"Ignored","damage_taken":0,"max_hp_gain":0,"max_hp_loss":0,"event_name":"Liars Game","floor":5,"gold_loss":0},{"damage_healed":0,"gold_gain":0,"player_choice":"Leave","damage_taken":0,"max_hp_gain":0,"max_hp_loss":0,"event_name":"The Cleric","floor":8,"gold_loss":0},{"cards_removed":["Strike_B"],"damage_healed":0,"gold_gain":0,"player_choice":"Offered Basic","damage_taken":0,"max_hp_gain":0,"max_hp_loss":0,"event_name":"Bonfire Elementals","floor":19,"gold_loss":0}],"is_beta":false,"boss_relics":[{"not_picked":["Lizard Tail","Pandora\u0027s Box"],"picked":"Fusion Hammer"}],"items_purged_floors":[],"is_endless":false,"potions_floor_spawned":[2,4,14,21],"killed_by":"Chosen and Byrds","ascension_level":15}