{"gold_per_floor":[117,117,5,23,53,78,78,109,132,132,145,145,145,180,180,285,285,285,285,46,46,46,46,46,46,46,46,46,46,46,46,46,46,46,46,46,46,46,46,46,46,46,46,46,46,46,46,46,46,46],"floor_reached":51,"playtime":5930,"items_purged":["Pain"],"score":1061,"play_id":"5db492ef-ea39-4c01-9ea5-e71aec0d355a","local_time":"20190211195306","is_ascension_mode":true,"campfire_choices":[{"data":"Footwork","floor":7.0,"key":"SMITH"},{"floor":10.0,"key":"REST"},{"data":"Noxious Fumes","floor":12.0,"key":"SMITH"},{"data":"Predator","floor":15.0,"key":"SMITH"},{"floor":25.0,"key":"REST"},{"floor":32,"key":"REST"},{"floor":41,"key":"REST"},{"floor":44,"key":"REST"},{"data":"After Image","floor":49,"key":"SMITH"}],"neow_cost":"NONE","seed_source_timestamp":0,"circlet_count":0,"master_deck":["Defend_G","Defend_G+1","Defend_G","Defend_G","Defend_G","Strike_G","Strike_G","Strike_G","Survivor+1","Neutralize","Predator+1","Footwork+1","Noxious Fumes+1","Malaise","Bullet Time","Dodge and Roll+1","Terror","PiercingWail+1","Backflip","Corpse Explosion","Escape Plan","Backflip","Skewer+1","Malaise","Blur+1","Dodge and Roll+1","Parasite","Bouncing Flask","Blur+1","Blur","After Image+1"],"special_seed":0,"relics":["Ring of the Snake","Boot","WarpedTongs","Tiny Chest","Centennial Puzzle","Prayer Wheel","War Paint","Bottled Lightning","Ectoplasm","SsserpentHead","Bottled Tornado","Thread and Needle","Ancient Tea Set","Pen Nib","Sozu","Tough Bandages","Dodecahedron","The Courier","Bag of Preparation"],"potions_floor_usage":[31,50],"damage_taken":[{"damage":0.0,"enemies":"Small Slimes","floor":1.0,"turns":3.0},{"damage":0.0,"enemies":"Cultist","floor":4.0,"turns":4.0},{"damage":3.0,"enemies":"Gremlin Nob","floor":6.0,"turns":4.0},{"damage":22.0,"enemies":"3 Sentries","floor":8.0,"turns":9.0},{"damage":0.0,"enemies":"2 Louse","floor":11.0,"turns":2.0},{"damage":1.0,"enemies":"Lagavulin","floor":14.0,"turns":8.0},{"damage":38.0,"enemies":"The Guardian","floor":16.0,"turns":10.0},{"damage":11.0,"enemies":"Spheric Guardian","floor":18.0,"turns":7.0},{"damage":0.0,"enemies":"Shell Parasite","floor":21.0,"turns":5.0},{"damage":44.0,"enemies":"Slavers","floor":23.0,"turns":8.0},{"damage":0.0,"enemies":"Snecko","floor":24.0,"turns":6.0},{"damage":0.0,"enemies":"Chosen and Byrds","floor":27.0,"turns":6.0},{"damage":0.0,"enemies":"Book of Stabbing","floor":30.0,"turns":9.0},{"damage":0,"enemies":"Centurion and Healer","floor":31,"turns":4},{"damage":6,"enemies":"Automaton","floor":33,"turns":10},{"damage":10,"enemies":"3 Darklings","floor":35,"turns":3},{"damage":0,"enemies":"Orb Walker","floor":36,"turns":6},{"damage":1,"enemies":"2 Orb Walkers","floor":37,"turns":5},{"damage":0,"enemies":"Writhing Mass","floor":38,"turns":10},{"damage":18,"enemies":"Giant Head","floor":40,"turns":9},{"damage":6,"enemies":"Spire Growth","floor":42,"turns":5},{"damage":0,"enemies":"3 Darklings","floor":45,"turns":2},{"damage":0,"enemies":"Nemesis","floor":46,"turns":9},{"damage":24,"enemies":"Awakened One","floor":50,"turns":16}],"seed_played":"6121185693616400621","potions_obtained":[{"floor":1.0,"key":"Poison Potion"},{"floor":4.0,"key":"Block Potion"},{"floor":8.0,"key":"LiquidBronze"},{"floor":11.0,"key":"PowerPotion"},{"floor":21.0,"key":"Regen Potion"},{"floor":23.0,"key":"Block Potion"},{"floor":30,"key":"AttackPotion"}],"is_trial":false,"path_per_floor":["M","?","$","M","?","E","R","E","T","R","M","R","?","E","R","B",null,"M","?","$","M","$","E","M","R","T","M","?","$","E","M","R","B",null,"M","M","?","M","?","E","R","M","T","R","M","E","?","?","R","B",null],"character_chosen":"THE_SILENT","items_purchased":["Footwork","Bottled Tornado"],"campfire_rested":5,"item_purchase_floors":[3,20],"current_hp_per_floor":[63,63,63,63,63,60,60,38,38,59,59,59,59,58,58,20,58,47,47,47,47,47,18,18,39,39,39,39,39,39,39,60,54,66,56,56,55,55,55,37,58,52,52,70,70,70,70,70,70,46],"gold":46,"neow_bonus":"RANDOM_COMMON_RELIC","is_prod":false,"is_daily":false,"chose_seed":false,"campfire_upgraded":4,"win_rate":0,"timestamp":1549911186,"path_taken":["M","?","?","M","?","E","R","E","T","R","?","R","?","E","R","BOSS","M","?","$","?","$","E","M","R","T","M","?","?","E","M","R","BOSS","M","M","?","M","?","E","R","M","T","R","?","E","?","?","R","BOSS"],"build_version":"2019-01-23","purchased_purges":1,"victory":true,"max_hp_per_floor":[70,70,70,70,70,70,70,70,70,70,70,70,70,70,70,70,70,70,70,70,70,70,70,70,70,70,70,70,70,70,70,70,70,70,70,70,70,70,70,70,70,70,70,70,70,70,70,70,70,70],"card_choices":[{"not_picked":["Setup","Prepared"],"picked":"Predator","floor":1.0},{"not_picked":["Underhanded Strike","Outmaneuver","Deflect"],"picked":"SKIP","floor":4.0},{"not_picked":["Outmaneuver","Quick Slash","Poisoned Stab"],"picked":"SKIP","floor":6.0},{"not_picked":["Phantasmal Killer","Predator","Flying Knee"],"picked":"SKIP","floor":8.0},{"not_picked":["PiercingWail","Cloak And Dagger"],"picked":"Noxious Fumes","floor":11.0},{"not_picked":["Slice","Deadly Poison","Riddle With Holes"],"picked":"SKIP","floor":11.0},{"not_picked":["Dagger Spray","Dash"],"picked":"Malaise","floor":14.0},{"not_picked":["Storm of Steel","Envenom"],"picked":"Bullet Time","floor":16.0},{"not_picked":["Acrobatics+1","Underhanded Strike"],"picked":"Dodge and Roll+1","floor":18.0},{"not_picked":["Quick Slash+1","Backflip"],"picked":"Terror","floor":18.0},{"not_picked":["Endless Agony","Blade Dance"],"picked":"PiercingWail+1","floor":21.0},{"not_picked":["Bane","Acrobatics"],"picked":"Backflip","floor":21.0},{"not_picked":["Deflect+1","Catalyst+1"],"picked":"Corpse Explosion","floor":23.0},{"not_picked":["Outmaneuver+1","Bane"],"picked":"Escape Plan","floor":24.0},{"not_picked":["Crippling Poison+1","Quick Slash","Infinite Blades+1"],"picked":"SKIP","floor":24.0},{"not_picked":["Underhanded Strike","Dagger Throw","Acrobatics"],"picked":"SKIP","floor":27.0},{"not_picked":["Underhanded Strike","Deadly Poison","Dodge and Roll"],"picked":"SKIP","floor":27.0},{"not_picked":["All Out Attack","Eviscerate"],"picked":"Backflip","floor":30},{"not_picked":["Dagger Spray+1","Finisher"],"picked":"Skewer+1","floor":31},{"not_picked":["Heel Hook","Distraction","Sucker Punch+1"],"picked":"SKIP","floor":31},{"not_picked":["Venomology","Adrenaline"],"picked":"Malaise","floor":33},{"not_picked":["Prepared+1","Leg Sweep"],"picked":"Blur+1","floor":35},{"not_picked":["PiercingWail+1","Finisher","Quick Slash+1"],"picked":"SKIP","floor":35},{"not_picked":["Cloak And Dagger","Dagger Throw"],"picked":"Dodge and Roll+1","floor":36},{"not_picked":["Tactician+1","Blade Dance+1","Burst"],"picked":"SKIP","floor":36},{"not_picked":["Deflect","Acrobatics+1"],"picked":"Bouncing Flask","floor":38},{"not_picked":["Quick Slash","Infinite Blades+1","Accuracy+1"],"picked":"SKIP","floor":38},{"not_picked":["Slice+1","Well Laid Plans"],"picked":"Blur+1","floor":40},{"not_picked":["Cloak And Dagger+1","Slice"],"picked":"Blur","floor":42},{"not_picked":["Unload","Sucker Punch","Acrobatics+1"],"picked":"SKIP","floor":42},{"not_picked":["Slice+1","Deadly Poison","Dash"],"picked":"SKIP","floor":45},{"not_picked":["Blade Dance+1","Acrobatics+1","Cloak And Dagger"],"picked":"SKIP","floor":45},{"not_picked":["Eviscerate","Sucker Punch"],"picked":"After Image","floor":46}],"player_experience":290821,"relics_obtained":[{"floor":6.0,"key":"Centennial Puzzle"},{"floor":8.0,"key":"Prayer Wheel"},{"floor":9.0,"key":"War Paint"},{"floor":14.0,"key":"Bottled Lightning"},{"floor":23.0,"key":"Thread and Needle"},{"floor":26.0,"key":"Ancient Tea Set"},{"floor":30,"key":"Pen Nib"},{"floor":37,"key":"Tough Bandages"},{"floor":40,"key":"Dodecahedron"},{"floor":43,"key":"The Courier"},{"floor":46,"key":"Bag of Preparation"}],"event_choices":[{"damage_healed":0.0,"max_hp_gain":0.0,"max_hp_loss":0.0,"gold_gain":0.0,"event_name":"Accursed Blacksmith","player_choice":"Rummage","floor":2.0,"gold_loss":0.0,"damage_taken":0.0,"relics_obtained":["WarpedTongs"],"cards_obtained":["Pain"]},{"damage_healed":0.0,"max_hp_gain":0.0,"max_hp_loss":0.0,"gold_gain":0.0,"event_name":"WeMeetAgain","player_choice":"Gave Potion","floor":5.0,"gold_loss":0.0,"damage_taken":0.0,"relics_obtained":["Tiny Chest"]},{"cards_removed":["Strike_G"],"damage_healed":0.0,"max_hp_gain":0.0,"max_hp_loss":0.0,"gold_gain":0.0,"event_name":"Living Wall","player_choice":"Forget","floor":13.0,"gold_loss":0.0,"damage_taken":0.0},{"damage_healed":0.0,"max_hp_gain":0.0,"max_hp_loss":0.0,"gold_gain":0.0,"event_name":"FaceTrader","player_choice":"Trade","floor":19.0,"gold_loss":0.0,"damage_taken":0.0,"relics_obtained":["SsserpentHead"]},{"damage_healed":0.0,"max_hp_gain":0.0,"max_hp_loss":0.0,"gold_gain":200.0,"event_name":"Wheel of Change","player_choice":"Gold","floor":28.0,"gold_loss":0.0,"damage_taken":0.0},{"damage_healed":0,"gold_gain":0,"player_choice":"Fight","damage_taken":0,"max_hp_gain":0,"max_hp_loss":0,"event_name":"Mysterious Sphere","floor":37,"gold_loss":0},{"cards_removed":["Strike_G"],"damage_healed":0,"gold_gain":0,"player_choice":"Removed Attack","damage_taken":0,"max_hp_gain":0,"max_hp_loss":0,"event_name":"Falling","floor":39,"gold_loss":0},{"damage_healed":0,"gold_gain":0,"player_choice":"Memory 1","damage_taken":0,"max_hp_gain":0,"max_hp_loss":0,"event_name":"SensoryStone","floor":47,"gold_loss":0},{"damage_healed":0,"gold_gain":0,"player_choice":"0 cards matched","damage_taken":0,"max_hp_gain":0,"max_hp_loss":0,"event_name":"Match and Keep!","floor":48,"gold_loss":0,"cards_obtained":[]}],"is_beta":false,"boss_relics":[{"not_picked":["Coffee Dripper","HoveringKite"],"picked":"Ectoplasm"},{"not_picked":["Astrolabe","Tiny House"],"picked":"Sozu"}],"items_purged_floors":[3],"is_endless":false,"potions_floor_spawned":[1,4,8,11,21,23,30,37,40,42,45,46],"ascension_level":7}