{"gold_per_floor":[16,31,46,57,57,57,89,114,114,39,94,128,128,146,146,242,292,304,304,318,145,145,145,165,184,184,184],"floor_reached":27,"playtime":1137,"items_purged":["Strike_R","Strike_R"],"score":301,"play_id":"efa827ea-8509-456b-b88b-3a8a6758564e","local_time":"20190120005022","is_ascension_mode":true,"campfire_choices":[{"data":"Uppercut","floor":6,"key":"SMITH"},{"data":"Clothesline","floor":13,"key":"SMITH"},{"data":"Armaments","floor":15,"key":"SMITH"},{"floor":23,"key":"REST"}],"neow_cost":"NO_GOLD","seed_source_timestamp":808101069180956,"circlet_count":0,"master_deck":["Strike_R+1","Strike_R","Defend_R","Defend_R","Defend_R","Bash","Battle Trance","Uppercut+1","Clothesline+1","Bludgeon","Inflame","Armaments+1","Juggernaut","Blood for Blood","Flash of Steel","Forethought","Deep Breath","Forethought","Intimidate+1","Rage+1","Shrug It Off+1","Barricade"],"relics":["Burning Blood","Pen Nib","PreservedInsect","Bronze Scales","Prayer Wheel","Strawberry","Mummified Hand","Tiny House","Shovel"],"potions_floor_usage":[7,7,14,20,25,25,27],"damage_taken":[{"damage":2,"enemies":"Jaw Worm","floor":1,"turns":3},{"damage":4,"enemies":"Small Slimes","floor":2,"turns":3},{"damage":2,"enemies":"2 Louse","floor":3,"turns":2},{"damage":2,"enemies":"Exordium Thugs","floor":4,"turns":4},{"damage":27,"enemies":"3 Sentries","floor":7,"turns":6},{"damage":15,"enemies":"Lagavulin Event","floor":11,"turns":3},{"damage":25,"enemies":"Lagavulin","floor":12,"turns":4},{"damage":15,"enemies":"Lots of Slimes","floor":14,"turns":3},{"damage":24,"enemies":"Slime Boss","floor":16,"turns":8},{"damage":20,"enemies":"3 Byrds","floor":18,"turns":3},{"damage":8,"enemies":"Chosen","floor":20,"turns":4},{"damage":22,"enemies":"Centurion and Healer","floor":24,"turns":9},{"damage":13,"enemies":"Snake Plant","floor":25,"turns":2},{"damage":34,"enemies":"Chosen and Byrds","floor":27,"turns":4}],"seed_played":"-3102175493209795517","potions_obtained":[{"floor":3,"key":"AttackPotion"},{"floor":4,"key":"FearPotion"},{"floor":11,"key":"LiquidBronze"},{"floor":16,"key":"Strength Potion"},{"floor":17,"key":"FairyPotion"},{"floor":24,"key":"EntropicBrew"},{"floor":25,"key":"Weak Potion"}],"is_trial":false,"path_per_floor":["M","M","M","M","?","R","E","T","T","$","?","E","R","M","R","B",null,"M","?","M","$","?","R","M","M","T","M"],"character_chosen":"IRONCLAD","items_purchased":["Rage"],"campfire_rested":1,"item_purchase_floors":[21],"current_hp_per_floor":[76,78,80,80,77,77,56,56,56,56,54,35,35,26,26,8,72,58,13,11,11,11,38,22,15,15,0],"gold":184,"neow_bonus":"TRANSFORM_TWO_CARDS","is_prod":false,"is_daily":false,"chose_seed":false,"campfire_upgraded":3,"win_rate":0,"timestamp":1547945422,"path_taken":["M","M","M","M","?","R","E","?","T","$","?","E","R","M","R","BOSS","M","?","M","$","?","R","M","M","T","?"],"build_version":"2019-01-17","purchased_purges":2,"victory":false,"max_hp_per_floor":[80,80,80,80,80,80,80,80,80,80,87,87,87,87,87,87,92,92,92,92,92,92,92,92,92,92,92],"card_choices":[{"not_picked":["Wild Strike","Warcry"],"picked":"Clothesline","floor":1},{"not_picked":["Headbutt","Uppercut","Perfected Strike"],"picked":"SKIP","floor":2},{"not_picked":["Clash","Twin Strike"],"picked":"Bludgeon","floor":3},{"not_picked":["Cleave","Wild Strike","Combust"],"picked":"SKIP","floor":4},{"not_picked":["Anger","True Grit","Thunderclap"],"picked":"SKIP","floor":7},{"not_picked":["Seeing Red","Ghostly Armor"],"picked":"Inflame","floor":12},{"not_picked":["Warcry","Seeing Red"],"picked":"Armaments","floor":14},{"not_picked":["Twin Strike","Clash","Perfected Strike"],"picked":"SKIP","floor":14},{"not_picked":["Bludgeon","Limit Break"],"picked":"Juggernaut","floor":16},{"not_picked":["Sever Soul","Clothesline+1"],"picked":"Blood for Blood","floor":18},{"not_picked":["Hemokinesis","Cleave","Twin Strike"],"picked":"SKIP","floor":18},{"not_picked":["True Grit+1","Wild Strike"],"picked":"Intimidate+1","floor":20},{"not_picked":["Reckless Charge","Warcry","Hemokinesis+1"],"picked":"SKIP","floor":20},{"not_picked":["Clash+1","Headbutt","Flex"],"picked":"SKIP","floor":24},{"not_picked":["Flex+1","Carnage","Thunderclap"],"picked":"SKIP","floor":24},{"not_picked":["Warcry","Cleave+1"],"picked":"Shrug It Off+1","floor":25},{"not_picked":["True Grit","Thunderclap"],"picked":"Barricade","floor":25}],"player_experience":438098,"relics_obtained":[{"floor":7,"key":"PreservedInsect"},{"floor":8,"key":"Bronze Scales"},{"floor":9,"key":"Prayer Wheel"},{"floor":12,"key":"Mummified Hand"},{"floor":26,"key":"Shovel"}],"event_choices":[{"damage_healed":0,"gold_gain":0,"player_choice":"Success","damage_taken":3,"relics_obtained":["Pen Nib"],"max_hp_gain":0,"max_hp_loss":0,"event_name":"Scrap Ooze","floor":5,"gold_loss":0},{"damage_healed":0,"gold_gain":30,"player_choice":"Searched \u00273\u0027 times","damage_taken":0,"relics_obtained":["Strawberry"],"max_hp_gain":0,"max_hp_loss":0,"event_name":"Dead Adventurer","floor":11,"gold_loss":0},{"damage_healed":0,"gold_gain":0,"player_choice":"CARD CARD CARD CARD ","damage_taken":45,"max_hp_gain":0,"max_hp_loss":0,"event_name":"Knowing Skull","floor":19,"potions_obtained":[],"gold_loss":0,"cards_obtained":["Flash of Steel","Forethought","Deep Breath","Forethought"]},{"damage_healed":0,"gold_gain":0,"player_choice":"Upgraded","damage_taken":0,"max_hp_gain":0,"max_hp_loss":0,"event_name":"Upgrade Shrine","floor":22,"gold_loss":0,"cards_upgraded":["Rage"]}],"is_beta":true,"boss_relics":[{"not_picked":["Runic Cube","Fusion Hammer"],"picked":"Tiny House"}],"items_purged_floors":[10,21],"is_endless":false,"potions_floor_spawned":[3,4,11,16,24,25],"killed_by":"Chosen and Byrds","ascension_level":7}