{"gold_per_floor":[113,131,306,381,73,102,119,119,149,177,177,20,31,31,31,128,128,101,115,131,149,163,163,163],"floor_reached":24,"playtime":974,"items_purged":["Doubt"],"score":333,"play_id":"33bbe87e-2d07-4fb1-8a0f-de2deb84bb34","local_time":"20190205052104","is_ascension_mode":true,"campfire_choices":[{"data":"Hologram","floor":8,"key":"SMITH"},{"floor":15,"key":"REST"},{"floor":23,"key":"REST"}],"neow_cost":"TEN_PERCENT_HP_LOSS","seed_source_timestamp":310047300568666,"circlet_count":0,"master_deck":["AscendersBane","Strike_B","Strike_B","Strike_B","Defend_B","Defend_B","Defend_B","Zap","Dualcast","Steam","Defragment","Ball Lightning","Good Instincts","Go for the Eyes","Hologram+1","Tempest","Glacier","Cold Snap","FTL","Multi-Cast","BootSequence","Core Surge","Genetic Algorithm+1"],"relics":["Cracked Core","Matryoshka","Tiny Chest","The Courier","Pantograph","DataDisk","Orrery"],"potions_floor_usage":[6,10,13,16,22,22],"damage_taken":[{"damage":2,"enemies":"Jaw Worm","floor":1,"turns":3},{"damage":3,"enemies":"Small Slimes","floor":2,"turns":4},{"damage":19,"enemies":"Gremlin Nob","floor":6,"turns":4},{"damage":0,"enemies":"Cultist","floor":7,"turns":3},{"damage":19,"enemies":"Lagavulin","floor":10,"turns":6},{"damage":8,"enemies":"Gremlin Gang","floor":13,"turns":4},{"damage":14,"enemies":"Hexaghost","floor":16,"turns":10},{"damage":14,"enemies":"2 Thieves","floor":18,"turns":5},{"damage":3,"enemies":"Chosen","floor":19,"turns":4},{"damage":15,"enemies":"Centurion and Healer","floor":20,"turns":12},{"damage":22,"enemies":"Snake Plant","floor":21,"turns":4},{"damage":3,"enemies":"Snecko","floor":22,"turns":5},{"damage":0,"enemies":"Gremlin Leader","floor":24,"turns":3}],"seed_played":"-7856379056341599641","potions_obtained":[{"floor":2,"key":"Strength Potion"},{"floor":7,"key":"FearPotion"},{"floor":10,"key":"FocusPotion"},{"floor":13,"key":"Block Potion"},{"floor":18,"key":"FocusPotion"},{"floor":19,"key":"PowerPotion"}],"is_trial":false,"path_per_floor":["M","M","?","?","$","E","M","R","T","E","?","$","M","?","R","B",null,"M","M","M","M","M","R","E"],"character_chosen":"DEFECT","items_purchased":["Defragment","Ball Lightning","Good Instincts","Go for the Eyes","DataDisk","Cold Snap"],"campfire_rested":2,"item_purchase_floors":[5,5,5,5,12,12],"current_hp_per_floor":[66,63,63,52,52,33,33,33,33,14,14,14,6,6,26,37,60,46,43,28,6,3,23,23],"gold":163,"neow_bonus":"REMOVE_TWO","is_prod":false,"is_daily":false,"chose_seed":false,"campfire_upgraded":1,"win_rate":0,"timestamp":1549344064,"path_taken":["M","M","?","?","$","E","M","R","T","E","?","$","M","?","R","BOSS","M","M","M","M","M","R","E"],"build_version":"2019-01-23","purchased_purges":1,"victory":false,"max_hp_per_floor":[68,68,68,68,68,68,68,68,68,68,68,68,68,68,68,68,68,68,68,68,68,68,68,68],"card_choices":[{"not_picked":["Double Energy","Rebound"],"picked":"Steam","floor":1},{"not_picked":["Barrage","Rebound"],"picked":"Streamline","floor":2},{"not_picked":["Streamline","Redo"],"picked":"Hologram","floor":6},{"not_picked":["Reprogram","Force Field"],"picked":"Tempest","floor":7},{"not_picked":["Storm","Stack"],"picked":"Glacier","floor":10},{"not_picked":["Lockon","Leap"],"picked":"FTL","floor":13},{"not_picked":["Fission","Amplify"],"picked":"Multi-Cast","floor":16},{"not_picked":["Conserve Battery","Aggregate"],"picked":"BootSequence","floor":17},{"not_picked":["Gash","Skim","Turbo"],"picked":"SKIP","floor":18},{"not_picked":["Force Field","Gash+1"],"picked":"Core Surge","floor":19},{"not_picked":["Glacier","Steam Power"],"picked":"Genetic Algorithm+1","floor":20},{"not_picked":["Redo","Melter+1","Doom and Gloom"],"picked":"SKIP","floor":21},{"not_picked":["Doom and Gloom","Compile Driver","Go for the Eyes+1"],"picked":"SKIP","floor":22}],"player_experience":558514,"relics_obtained":[{"floor":6,"key":"Matryoshka"},{"floor":9,"key":"Tiny Chest"},{"floor":9,"key":"The Courier"},{"floor":10,"key":"Pantograph"}],"event_choices":[{"damage_healed":0,"gold_gain":175,"player_choice":"AGREE","damage_taken":0,"max_hp_gain":0,"max_hp_loss":0,"event_name":"Liars Game","floor":3,"gold_loss":0,"cards_obtained":["Doubt"]},{"damage_healed":0,"gold_gain":75,"player_choice":"Gather Gold","damage_taken":11,"max_hp_gain":0,"max_hp_loss":0,"event_name":"World of Goop","floor":4,"gold_loss":0},{"cards_removed":["Streamline"],"damage_healed":0,"gold_gain":0,"player_choice":"Forget","damage_taken":0,"max_hp_gain":0,"max_hp_loss":0,"event_name":"Living Wall","floor":11,"gold_loss":0},{"damage_healed":0,"gold_gain":0,"player_choice":"Leave","damage_taken":0,"max_hp_gain":0,"max_hp_loss":0,"event_name":"The Cleric","floor":14,"gold_loss":0}],"is_beta":true,"boss_relics":[{"not_picked":["Ectoplasm","Fusion Hammer"],"picked":"Orrery"}],"items_purged_floors":[5],"is_endless":false,"potions_floor_spawned":[2,7,10,13,18,19,21],"killed_by":"Gremlin Leader","ascension_level":12}