{"path_per_floor":["M","M","?","?","$","E","R","E","T","M","?","R","T","$","R"],"character_chosen":"DEFECT","items_purchased":["Capacitor","Defragment"],"gold_per_floor":[114,133,133,133,106,132,132,163,190,204,204,204,256,183,183,183],"floor_reached":16,"campfire_rested":2,"playtime":537,"current_hp_per_floor":[71,70,70,70,70,50,50,6,6,1,1,23,23,23,45,0],"items_purged":[],"gold":183,"score":117,"play_id":"c8c60510-8aae-4049-90eb-cccc89f33f09","local_time":"20180515173338","is_prod":false,"is_daily":false,"chose_seed":false,"is_ascension_mode":true,"campfire_upgraded":1,"timestamp":1526402018,"path_taken":["M","M","?","?","$","E","R","E","T","?","?","R","?","$","R","BOSS"],"build_version":"2018-05-14v2","seed_source_timestamp":197926464048455,"purchased_purges":0,"victory":false,"master_deck":["Strike_B","Defend_B","Defend_B","Defend_B","Defend_B","Zap+1","Dualcast","Sweeping Beam","Defragment","Consume","Capacitor","Fission+1","Static Discharge","Reinforced Body","Steam","Defragment","Ball Lightning"],"max_hp_per_floor":[75,75,75,75,75,75,75,75,75,75,75,75,75,75,75,75],"relics":["Cracked Core","Dream Catcher","Art of War","Bronze Scales","Juzu Bracelet"],"card_choices":[{"not_picked":["Heatsinks","Sweeping Beam"],"picked":"Defragment","floor":1},{"not_picked":["Reprogram","Barrage"],"picked":"Consume","floor":2},{"not_picked":["Sweeping Beam","BootSequence"],"picked":"Fission","floor":6},{"not_picked":["Fission","BootSequence"],"picked":"Static Discharge","floor":8},{"not_picked":["Genetic Algorithm","Melter"],"picked":"Reinforced Body","floor":10},{"not_picked":["Hello World","Turbo"],"picked":"Ball Lightning","floor":15}],"player_experience":150639,"potions_floor_usage":[6,16],"damage_taken":[{"damage":4,"enemies":"Jaw Worm","floor":1,"turns":4},{"damage":1,"enemies":"Cultist","floor":2,"turns":3},{"damage":20,"enemies":"3 Sentries","floor":6,"turns":6},{"damage":44,"enemies":"Lagavulin","floor":8,"turns":8},{"damage":5,"enemies":"Small Slimes","floor":10,"turns":3},{"damage":45,"enemies":"Slime Boss","floor":16,"turns":8}],"relics_obtained":[{"floor":6,"key":"Dream Catcher"},{"floor":8,"key":"Art of War"},{"floor":9,"key":"Bronze Scales"},{"floor":13,"key":"Juzu Bracelet"}],"event_choices":[{"event_name":"Wheel of Change","player_choice":"Card Removal","floor":3,"damage_taken":0},{"event_name":"Living Wall","player_choice":"Grow","floor":4,"damage_taken":0},{"event_name":"Transmorgrifier","player_choice":"Transform","floor":11,"damage_taken":0}],"boss_relics":[],"potions_floor_spawned":[1,6,10],"seed_played":"-8674092680485526297","killed_by":"Slime Boss","ascension_level":2,"potions_obtained":[{"floor":1,"key":"Block Potion"},{"floor":6,"key":"Strength Potion"},{"floor":10,"key":"Block Potion"}],"is_trial":false}