{"path_per_floor":["M","?","M","M","?","R","E","?","T","M"],"character_chosen":"THE_SILENT","items_purchased":[],"gold_per_floor":[367,542,562,579,579,579,611,568,643,657,657],"floor_reached":11,"campfire_rested":1,"playtime":529,"item_purchase_floors":[],"current_hp_per_floor":[35,35,35,33,33,54,27,27,27,26,0],"items_purged":[],"gold":657,"score":88,"play_id":"9bd2745d-6287-4fde-8694-817f3734a78c","local_time":"20180601210804","is_prod":false,"is_daily":false,"chose_seed":false,"is_ascension_mode":true,"campfire_upgraded":0,"win_rate":0,"timestamp":1527883684,"campfire_choices":[{"floor":6,"key":"REST"}],"path_taken":["M","?","M","?","?","R","E","?","T","M","E"],"build_version":"2018-05-30v2","seed_source_timestamp":1679649380650463,"purchased_purges":0,"victory":false,"master_deck":["Defend_G","Defend_G","Defend_G","Defend_G","Defend_G","Strike_G","Strike_G","Strike_G","Strike_G","Strike_G","Survivor","Neutralize","Quick Slash","Outmaneuver","Expertise","Flying Knee","Dagger Throw"],"max_hp_per_floor":[70,70,70,70,70,70,70,70,70,70,70],"relics":["Ring of the Snake","Anchor","Darkstone Periapt"],"card_choices":[{"not_picked":["Poisoned Stab","Underhanded Strike"],"picked":"Quick Slash","floor":1},{"not_picked":["Bane","Deflect"],"picked":"Outmaneuver","floor":3},{"not_picked":["Quick Slash","Outmaneuver"],"picked":"Expertise","floor":4},{"not_picked":["Acrobatics","Crippling Poison"],"picked":"Flying Knee","floor":7},{"not_picked":["Finisher","Blur"],"picked":"Dagger Throw","floor":10}],"player_experience":231312,"potions_floor_usage":[7,10,11],"damage_taken":[{"damage":0,"enemies":"Small Slimes","floor":1,"turns":6},{"damage":0,"enemies":"Jaw Worm","floor":3,"turns":5},{"damage":2,"enemies":"2 Louse","floor":4,"turns":4},{"damage":27,"enemies":"3 Sentries","floor":7,"turns":11},{"damage":1,"enemies":"Red Slaver","floor":10,"turns":3},{"damage":43,"enemies":"Lagavulin","floor":11,"turns":8}],"relics_obtained":[{"floor":7,"key":"Anchor"},{"floor":9,"key":"Darkstone Periapt"}],"event_choices":[{"event_name":"Liars Game","player_choice":"agreed","floor":2,"damage_taken":0},{"event_name":"Living Wall","player_choice":"Forget","floor":5,"damage_taken":0},{"event_name":"World of Goop","player_choice":"Left","floor":8,"damage_taken":0}],"boss_relics":[],"items_purged_floors":[],"potions_floor_spawned":[4,7,10],"seed_played":"-4662575004188194053","killed_by":"Lagavulin","ascension_level":4,"potions_obtained":[{"floor":4,"key":"SpeedPotion"},{"floor":7,"key":"FearPotion"},{"floor":10,"key":"LiquidBronze"}],"is_trial":false}