{"path_per_floor":["M","?","M","M","M","R","M","R","T","R","M","M","R","$","R","B",null,"M","M","?","?","$","R","E","M","T","M"],"character_chosen":"DEFECT","items_purchased":["Thinking Ahead"],"gold_per_floor":[111,111,127,138,158,158,171,171,171,171,184,197,197,12,12,111,111,131,151,151,151,76,76,103,114,190,202,202],"floor_reached":28,"campfire_rested":0,"playtime":1781,"current_hp_per_floor":[75,60,60,60,57,57,57,57,57,57,56,56,56,56,56,34,75,75,72,58,58,58,58,43,23,23,6,0],"items_purged":["Strike_B"],"gold":202,"score":296,"play_id":"555e6895-3ab9-4dff-882e-7b2ff15b8992","local_time":"20180507194136","is_prod":false,"is_daily":false,"chose_seed":false,"is_ascension_mode":true,"campfire_upgraded":6,"timestamp":1525747296,"path_taken":["M","?","?","M","M","R","?","R","T","R","?","M","R","?","R","BOSS","M","M","?","?","$","R","E","M","T","M","E"],"build_version":"2018-05-03","seed_source_timestamp":41816224506794,"purchased_purges":1,"victory":false,"master_deck":["Strike_B","Strike_B","Strike_B","Defend_B+1","Defend_B","Defend_B+1","Defend_B","Zap+1","Dualcast+1","Genetic Algorithm+1","Coolheaded+1","Thinking Ahead+1","All For One","Reprogram+1","Turbo+1","Scrape"],"max_hp_per_floor":[75,75,75,75,75,75,75,75,75,75,75,75,75,75,75,75,75,75,75,80,80,80,80,80,80,80,80,80],"relics":["Cracked Core","Pantograph","Nuclear Battery","Calipers","Mercury Hourglass"],"card_choices":[{"not_picked":["Impulse","BootSequence"],"picked":"Genetic Algorithm","floor":1},{"not_picked":["Axe Kick","Sweeping Beam"],"picked":"Coolheaded","floor":7},{"not_picked":["Nova","Hyperbeam"],"picked":"All For One","floor":16},{"not_picked":["Glacier","Chill"],"picked":"Reprogram","floor":18},{"not_picked":["Cold Snap","Streamline"],"picked":"Scrape","floor":27}],"player_experience":177604,"potions_floor_usage":[5,16,18,24,24],"damage_taken":[{"damage":0,"enemies":"2 Louse","floor":1,"turns":3},{"damage":0,"enemies":"Cultist","floor":3,"turns":3},{"damage":0,"enemies":"Jaw Worm","floor":4,"turns":3},{"damage":3,"enemies":"Looter","floor":5,"turns":4},{"damage":0,"enemies":"3 Louse","floor":7,"turns":3},{"damage":1,"enemies":"Blue Slaver","floor":11,"turns":4},{"damage":0,"enemies":"Looter","floor":12,"turns":3},{"damage":41,"enemies":"Slime Boss","floor":16,"turns":14},{"damage":0,"enemies":"3 Byrds","floor":18,"turns":4},{"damage":3,"enemies":"Chosen","floor":19,"turns":6},{"damage":15,"enemies":"Book of Stabbing","floor":24,"turns":4},{"damage":20,"enemies":"Slaver and Parasite","floor":25,"turns":4},{"damage":17,"enemies":"Centurion and Healer","floor":27,"turns":6},{"damage":12,"enemies":"Slavers","floor":28,"turns":1}],"event_choices":[{"event_name":"Shining Light","player_choice":"Entered Light","floor":2,"damage_taken":0},{"event_name":"Forgotten Altar","player_choice":"Shed Blood","floor":20,"damage_taken":0},{"event_name":"The Library","player_choice":"Read","floor":21,"damage_taken":0}],"boss_relics":[{"not_picked":["Ectoplasm","Velvet Choker"],"picked":"Nuclear Battery"}],"potions_floor_spawned":[4,5,11,12,16,18,19,27],"seed_played":"-8605353192599837479","killed_by":"Slavers","ascension_level":3,"is_trial":false}