{"gold_per_floor":[112,112,112,130,280,280,77,107,133,148,148,163,181,18,18,92,92,92,105,105,30,40,40,40,90,90,90,90,100,100,100],"floor_reached":31,"playtime":739,"items_purged":["Doubt"],"score":466,"play_id":"27926b37-d926-4e26-b35b-c688fd6d587d","local_time":"20190213203500","is_ascension_mode":true,"campfire_choices":[{"data":"Bash","floor":6,"key":"SMITH"},{"data":"Armaments","floor":11,"key":"SMITH"},{"floor":15,"key":"REST"},{"data":"Limit Break","floor":23,"key":"SMITH"},{"data":"Inflame","floor":28,"key":"SMITH"},{"floor":30,"key":"REST"}],"neow_cost":"NONE","seed_source_timestamp":13007580503800,"circlet_count":0,"master_deck":["AscendersBane","Strike_R","Strike_R","Strike_R","Strike_R","Strike_R+1","Defend_R","Defend_R","Defend_R","Defend_R+1","Bash+1","Spot Weakness","Sword Boomerang","Inflame+1","Sword Boomerang","Whirlwind","Armaments+1","Flame Barrier","Limit Break+1","Headbutt","Injury"],"relics":["Burning Blood","Pen Nib","Dream Catcher","Oddly Smooth Stone","Cursed Key","Paper Frog"],"potions_floor_usage":[8,12,16,18],"damage_taken":[{"damage":7,"enemies":"Cultist","floor":1,"turns":4},{"damage":7,"enemies":"Jaw Worm","floor":4,"turns":3},{"damage":40,"enemies":"Lagavulin","floor":8,"turns":5},{"damage":0,"enemies":"Small Slimes","floor":10,"turns":2},{"damage":0,"enemies":"Exordium Thugs","floor":12,"turns":2},{"damage":15,"enemies":"Large Slime","floor":13,"turns":7},{"damage":21,"enemies":"Hexaghost","floor":16,"turns":7},{"damage":0,"enemies":"Shell Parasite","floor":18,"turns":1},{"damage":22,"enemies":"2 Thieves","floor":19,"turns":4},{"damage":13,"enemies":"3 Cultists","floor":22,"turns":4},{"damage":24,"enemies":"Centurion and Healer","floor":29,"turns":7},{"damage":49,"enemies":"Gremlin Leader","floor":31,"turns":3}],"seed_played":"8972914284282607660","potions_obtained":[{"floor":1,"key":"Strength Potion"},{"floor":4,"key":"AttackPotion"},{"floor":8,"key":"Strength Potion"},{"floor":16,"key":"SmokeBomb"}],"is_trial":false,"path_per_floor":["M","?","?","M","?","R","$","E","T","M","R","M","M","$","R","B",null,"M","M","?","?","M","R","$","?","T","?","R","M","R","E"],"character_chosen":"IRONCLAD","items_purchased":["Inflame","Sword Boomerang","Oddly Smooth Stone"],"campfire_rested":2,"item_purchase_floors":[7,7,14],"current_hp_per_floor":[67,67,44,43,43,43,43,9,9,15,15,21,12,12,34,19,61,67,51,51,51,44,44,44,44,44,44,44,26,48,0],"gold":100,"neow_bonus":"ONE_RANDOM_RARE_CARD","is_prod":false,"is_daily":false,"chose_seed":false,"campfire_upgraded":4,"win_rate":0,"timestamp":1550082900,"path_taken":["M","?","?","M","?","R","$","E","T","M","R","?","M","$","R","BOSS","M","M","?","?","M","R","$","?","T","?","R","?","R","E"],"build_version":"2019-01-23","purchased_purges":1,"victory":false,"max_hp_per_floor":[75,75,75,75,75,75,75,75,75,75,75,75,75,75,75,75,75,75,75,75,75,75,75,75,75,75,75,75,75,75,75],"card_choices":[{"not_picked":["Twin Strike","Clothesline"],"picked":"Spot Weakness","floor":1},{"not_picked":["Cleave","Armaments"],"picked":"Sword Boomerang","floor":4},{"not_picked":["Heavy Blade","Clash"],"picked":"Whirlwind","floor":8},{"not_picked":["Sentinel","Metallicize"],"picked":"Armaments","floor":10},{"not_picked":["Exhume","Iron Wave"],"picked":"Flame Barrier","floor":12},{"not_picked":["Spot Weakness","Warcry","Whirlwind"],"picked":"SKIP","floor":13},{"not_picked":["Offering","Reaper"],"picked":"Limit Break","floor":16},{"not_picked":["Clothesline","Body Slam"],"picked":"Headbutt","floor":19},{"not_picked":["Corruption","Thunderclap","Rage"],"picked":"SKIP","floor":22},{"not_picked":["Flex","Warcry","Headbutt"],"picked":"SKIP","floor":29}],"player_experience":739418,"relics_obtained":[{"floor":8,"key":"Pen Nib"},{"floor":9,"key":"Dream Catcher"},{"floor":26,"key":"Paper Frog"}],"event_choices":[{"damage_healed":0,"gold_gain":0,"player_choice":"Leave","damage_taken":0,"max_hp_gain":0,"max_hp_loss":0,"event_name":"The Cleric","floor":2,"gold_loss":0},{"damage_healed":0,"gold_gain":0,"player_choice":"Entered Light","damage_taken":23,"max_hp_gain":0,"max_hp_loss":0,"event_name":"Shining Light","floor":3,"gold_loss":0,"cards_upgraded":["Defend_R","Strike_R"]},{"damage_healed":0,"gold_gain":150,"player_choice":"AGREE","damage_taken":0,"max_hp_gain":0,"max_hp_loss":0,"event_name":"Liars Game","floor":5,"gold_loss":0,"cards_obtained":["Doubt"]},{"damage_healed":0,"gold_gain":0,"player_choice":"Ignored","damage_taken":0,"max_hp_gain":0,"max_hp_loss":0,"event_name":"Vampires","floor":20,"gold_loss":0},{"cards_removed":["Brutality"],"damage_healed":0,"gold_gain":0,"player_choice":"Gave Gold","damage_taken":0,"max_hp_gain":0,"max_hp_loss":0,"event_name":"Beggar","floor":21,"gold_loss":75},{"damage_healed":0,"gold_gain":50,"player_choice":"Stole From Cult","damage_taken":0,"max_hp_gain":0,"max_hp_loss":0,"event_name":"Nest","floor":25,"gold_loss":0},{"damage_healed":0,"gold_gain":0,"player_choice":"Ignored","damage_taken":0,"max_hp_gain":0,"max_hp_loss":0,"event_name":"Ghosts","floor":27,"gold_loss":0}],"is_beta":false,"boss_relics":[{"not_picked":["Coffee Dripper","Fusion Hammer"],"picked":"Cursed Key"}],"items_purged_floors":[7],"is_endless":false,"potions_floor_spawned":[1,4,8,16,18],"killed_by":"Gremlin Leader","ascension_level":20}