{"path_per_floor":["M","?","?","$","?","E","R","E","T","M","M","R","E","M","R","B",null,"M","?","$","M","M","E","R","E","T","E","R","E","?","$","R","B",null,"M","M","?","$","M","R","E","R","T","M","E","?","R","E","R","B"],"character_chosen":"THE_SILENT","items_purchased":["PiercingWail","Unceasing Top","Well Laid Plans","Flechettes","Trip","Bag of Marbles","Noxious Fumes"],"gold_per_floor":[114,114,64,39,95,125,125,155,155,170,185,185,215,230,230,330,330,345,345,45,60,75,105,105,165,240,270,270,300,215,54,54,154,154,169,184,184,3,18,18,48,48,73,88,118,118,118,148,148,148],"floor_reached":51,"campfire_rested":8,"playtime":3742,"item_purchase_floors":[4,20,31,31,31,38,38],"current_hp_per_floor":[70,70,70,70,70,26,47,45,45,42,42,42,23,23,44,7,70,58,58,58,54,36,27,48,22,22,11,32,25,25,25,46,47,70,62,34,34,34,23,44,31,31,31,27,8,8,44,6,42,36],"items_purged":[],"gold":148,"score":1102,"play_id":"abb9e602-712c-40c2-8aea-5421eee3effb","local_time":"20180519193929","daily_mods":["Insanity","Elite Swarm","Hoarder"],"is_prod":false,"is_daily":true,"chose_seed":false,"is_ascension_mode":false,"campfire_upgraded":1,"timestamp":1526755169,"campfire_choices":[{"floor":7,"key":"REST"},{"data":"Doppelganger","floor":12,"key":"SMITH"},{"floor":15,"key":"REST"},{"floor":24,"key":"REST"},{"floor":28,"key":"REST"},{"floor":32,"key":"REST"},{"floor":40,"key":"REST"},{"data":"1","floor":42,"key":"LIFT"},{"floor":47,"key":"REST"},{"floor":49,"key":"REST"}],"path_taken":["M","?","?","$","?","E","R","E","T","M","M","R","E","?","R","BOSS","M","?","$","?","?","E","R","E","T","E","R","E","?","$","R","BOSS","M","?","?","$","M","R","E","R","T","M","E","?","R","E","R","BOSS"],"build_version":"2018-05-18","seed_source_timestamp":0,"purchased_purges":0,"victory":true,"master_deck":["PiercingWail","Dagger Throw","Die Die Die","Defend_G+1","Deadly Poison","Distraction","Corpse Explosion","Escape Plan","Flechettes","Dodge and Roll","Envenom","Choke","Acrobatics","Concentrate","Predator","Phantasmal Killer","Masterful Stab","Acrobatics","Bullet Time","Dagger Spray","Finisher","Venomology","Eviscerate","Venomology","Poisoned Stab","Backflip","Envenom","Venomology","Burst","Storm of Steel","Endless Agony","Die Die Die","Bane","Quick Slash","Terror","Underhanded Strike","Quick Slash","Concentrate","Catalyst","A Thousand Cuts","Outmaneuver","Outmaneuver","PiercingWail","Dodge and Roll","Slice","Doppelganger+1","Acrobatics","A Thousand Cuts","Jack Of All Trades","Jack Of All Trades","Jack Of All Trades","Malaise","Malaise","Malaise","Neutralize","Neutralize","Neutralize","PiercingWail","PiercingWail","PiercingWail","Bullet Time","Bullet Time","Bullet Time","Crippling Poison","Crippling Poison","Crippling Poison","Footwork","Footwork","Footwork","Night Terror","Night Terror","Night Terror","Setup","Setup","Setup","Catalyst","Catalyst","Catalyst","PiercingWail","PiercingWail","PiercingWail","Backstab","Backstab","Backstab","Adrenaline","Adrenaline","Adrenaline","Venomology","Venomology","Venomology","Die Die Die","Die Die Die","Die Die Die","After Image","After Image","After Image","Well Laid Plans","Well Laid Plans","Well Laid Plans","Flechettes","Flechettes","Flechettes","Trip","Trip","Trip","Tools of the Trade","Tools of the Trade","Tools of the Trade","Deflect+1","Deflect+1","Deflect+1","Malaise+1","Malaise+1","Malaise+1","Noxious Fumes","Noxious Fumes","Noxious Fumes","Dodge and Roll+1","Dodge and Roll+1","Dodge and Roll+1","Envenom","Envenom","Envenom","Adrenaline+1","Adrenaline+1","Adrenaline+1"],"max_hp_per_floor":[70,70,70,70,70,70,70,70,70,70,70,70,70,70,70,70,70,70,70,70,70,70,70,70,70,70,70,70,70,70,70,70,70,70,70,70,70,70,70,70,70,70,70,70,70,70,70,70,70,70],"relics":["Ring of the Snake","Bag of Preparation","Omamori","Ginger","Art of War","Cursed Key","Unceasing Top","Girya","Tiny Chest","The Courier","Blood Vial","Anchor","Ornamental Fan","Black Star","Bag of Marbles","Regal Pillow","Happy Flower","Pen Nib","Ninja Scroll","Darkstone Periapt","Bottled Flame","Toxic Egg 2"],"card_choices":[{"not_picked":["Quick Slash","Deadly Poison","Malaise"],"picked":"SKIP","floor":1},{"not_picked":["A Thousand Cuts","Tactician","Doppelganger"],"picked":"SKIP","floor":6},{"not_picked":["Corpse Explosion","Wraith Form v2"],"picked":"Bullet Time","floor":8},{"not_picked":["All Out Attack","Deflect"],"picked":"Crippling Poison","floor":10},{"not_picked":["Expertise","Flying Knee"],"picked":"Footwork","floor":11},{"not_picked":["Venomology","Grand Finale"],"picked":"Night Terror","floor":13},{"not_picked":["Dagger Throw","Slice"],"picked":"Setup","floor":14},{"not_picked":["Blur","Acrobatics+1"],"picked":"Catalyst","floor":18},{"not_picked":["Accuracy+1","Prepared"],"picked":"PiercingWail","floor":21},{"not_picked":["Dodge and Roll","Leg Sweep"],"picked":"Backstab","floor":22},{"not_picked":["A Thousand Cuts","Venomology"],"picked":"Adrenaline","floor":23},{"not_picked":["Burst","Doppelganger"],"picked":"Venomology","floor":25},{"not_picked":["A Thousand Cuts","Storm of Steel"],"picked":"Die Die Die","floor":27},{"not_picked":["Wraith Form v2","Storm of Steel"],"picked":"After Image","floor":29},{"not_picked":["Envenom","Grand Finale"],"picked":"Tools of the Trade","floor":33},{"not_picked":["Escape Plan+1","Flying Knee+1"],"picked":"Deflect+1","floor":35},{"not_picked":["Deadly Poison+1","Cloak And Dagger+1"],"picked":"Malaise+1","floor":36},{"not_picked":["Slice+1","Eviscerate+1","Quick Slash"],"picked":"SKIP","floor":39},{"not_picked":["Tools of the Trade","Burst","Wraith Form v2"],"picked":"SKIP","floor":41},{"not_picked":["Quick Slash+1","Flechettes"],"picked":"Dodge and Roll+1","floor":44},{"not_picked":["Tactician","Unload"],"picked":"Envenom","floor":45},{"not_picked":["Night Terror","Glass Knife"],"picked":"Adrenaline","floor":48}],"player_experience":163461,"potions_floor_usage":[13,16,16,18,21,22,22,25,27,29,29,33,33,33,36,39,39,41,41,41,41,44,44,45,45,45,48,50,50,50,50,50],"damage_taken":[{"damage":0,"enemies":"Jaw Worm","floor":1,"turns":1},{"damage":44,"enemies":"Gremlin Nob","floor":6,"turns":5},{"damage":2,"enemies":"3 Sentries","floor":8,"turns":2},{"damage":3,"enemies":"Cultist","floor":10,"turns":3},{"damage":0,"enemies":"2 Louse","floor":11,"turns":2},{"damage":19,"enemies":"Lagavulin","floor":13,"turns":5},{"damage":4,"enemies":"Looter","floor":14,"turns":3},{"damage":52,"enemies":"The Guardian","floor":16,"turns":12},{"damage":12,"enemies":"3 Byrds","floor":18,"turns":4},{"damage":4,"enemies":"Shell Parasite","floor":21,"turns":5},{"damage":18,"enemies":"Cultist and Chosen","floor":22,"turns":6},{"damage":9,"enemies":"Book of Stabbing","floor":23,"turns":3},{"damage":26,"enemies":"Slavers","floor":25,"turns":4},{"damage":11,"enemies":"Book of Stabbing","floor":27,"turns":7},{"damage":9,"enemies":"Gremlin Leader","floor":29,"turns":3},{"damage":1,"enemies":"Collector","floor":33,"turns":6},{"damage":8,"enemies":"3 Shapes","floor":35,"turns":4},{"damage":30,"enemies":"3 Darklings","floor":36,"turns":5},{"damage":22,"enemies":"Spire Growth","floor":39,"turns":4},{"damage":15,"enemies":"Giant Head","floor":41,"turns":8},{"damage":14,"enemies":"Maw","floor":44,"turns":7},{"damage":30,"enemies":"2 Orb Walkers","floor":45,"turns":6},{"damage":40,"enemies":"Giant Head","floor":48,"turns":9},{"damage":8,"enemies":"Donu and Deca","floor":50,"turns":7}],"relics_obtained":[{"floor":6,"key":"Bag of Preparation"},{"floor":8,"key":"Omamori"},{"floor":9,"key":"Ginger"},{"floor":13,"key":"Art of War"},{"floor":23,"key":"Girya"},{"floor":25,"key":"Tiny Chest"},{"floor":26,"key":"The Courier"},{"floor":27,"key":"Blood Vial"},{"floor":29,"key":"Anchor"},{"floor":41,"key":"Regal Pillow"},{"floor":41,"key":"Happy Flower"},{"floor":43,"key":"Pen Nib"},{"floor":45,"key":"Ninja Scroll"},{"floor":45,"key":"Darkstone Periapt"},{"floor":48,"key":"Bottled Flame"},{"floor":48,"key":"Toxic Egg 2"}],"event_choices":[{"event_name":"Match and Keep!","player_choice":"3 cards matched","floor":2,"damage_taken":0},{"event_name":"The Cleric","player_choice":"Card Removal","floor":3,"damage_taken":0},{"event_name":"Golden Wing","player_choice":"Gained Gold","floor":5,"damage_taken":0},{"event_name":"Back to Basics","player_choice":"Simplicity","floor":19,"damage_taken":0},{"event_name":"Addict","player_choice":"Obtained Relic","floor":30,"damage_taken":0},{"event_name":"The Lab","player_choice":"Got Potions","floor":37,"damage_taken":0}],"boss_relics":[{"not_picked":["Orrery","Runic Pyramid"],"picked":"Cursed Key"},{"not_picked":["Runic Dome","Philosopher\u0027s Stone"],"picked":"Black Star"}],"items_purged_floors":[],"potions_floor_spawned":[8,10,11,14,21,22,23,35,39,44],"seed_played":"6445733851031675108","ascension_level":0,"potions_obtained":[{"floor":8,"key":"Strength Potion"},{"floor":10,"key":"EssenceOfSteel"},{"floor":21,"key":"Weak Potion"},{"floor":22,"key":"PowerPotion"},{"floor":35,"key":"Ancient Potion"},{"floor":37,"key":"Regen Potion"},{"floor":39,"key":"GhostInAJar"},{"floor":44,"key":"Regen Potion"}],"is_trial":false}