{"gold_per_floor":[144,189,139,184,184,274,274,319,344,434,434,200,245,290,290,590,590,635,89,134,49,49,139,139,139],"floor_reached":25,"playtime":1298,"items_purged":["Defend_R","Strike_R"],"score":231,"play_id":"17f6b585-63cb-4a26-9280-29f316c55093","local_time":"20181120193103","daily_mods":["Chimera","ControlledChaos","Midas"],"is_ascension_mode":false,"campfire_choices":[{"floor":7,"key":"REST"},{"floor":15,"key":"REST"},{"floor":24,"key":"REST"}],"neow_cost":"","seed_source_timestamp":0,"circlet_count":0,"master_deck":["Bash","Survivor","Zap+1","Strike_B","Defend_G","Storm","Consume","Leap","Capacitor","Hologram","Heatsinks","Rainbow","BootSequence","Seek","Apotheosis","Capacitor","Self Repair","Biased Cognition","Defragment"],"special_seed":17855,"relics":["Cracked Core","Frozen Eye","Regal Pillow","Pen Nib","Dream Catcher","Cursed Key","Runic Capacitor","PreservedInsect","Dodecahedron"],"potions_floor_usage":[10,10,16,23],"damage_taken":[{"damage":6,"enemies":"2 Louse","floor":1,"turns":3},{"damage":0,"enemies":"Small Slimes","floor":2,"turns":3},{"damage":1,"enemies":"Jaw Worm","floor":4,"turns":3},{"damage":13,"enemies":"3 Sentries","floor":6,"turns":5},{"damage":5,"enemies":"2 Fungi Beasts","floor":8,"turns":3},{"damage":26,"enemies":"Gremlin Nob","floor":10,"turns":4},{"damage":0,"enemies":"Blue Slaver","floor":13,"turns":4},{"damage":13,"enemies":"Exordium Wildlife","floor":14,"turns":5},{"damage":21,"enemies":"Hexaghost","floor":16,"turns":5},{"damage":10,"enemies":"Spheric Guardian","floor":18,"turns":4},{"damage":0,"enemies":"Chosen","floor":20,"turns":3},{"damage":49,"enemies":"Gremlin Leader","floor":23,"turns":5},{"damage":60,"enemies":"Slavers","floor":25,"turns":3}],"seed_played":"7186099057147900671","potions_obtained":[{"floor":1,"key":"Poison Potion"},{"floor":6,"key":"Swift Potion"},{"floor":8,"key":"SteroidPotion"},{"floor":10,"key":"AttackPotion"},{"floor":16,"key":"Fire Potion"},{"floor":20,"key":"FearPotion"}],"is_trial":false,"path_per_floor":["M","M","?","M","?","E","R","M","T","E","?","$","M","M","R","B",null,"M","$","M","?","?","E","R","E"],"character_chosen":"DEFECT","items_purchased":["Heatsinks","Rainbow","Runic Capacitor","Apotheosis","Capacitor"],"campfire_rested":3,"item_purchase_floors":[12,12,19,19,19],"current_hp_per_floor":[69,69,69,68,68,55,75,70,70,44,37,37,37,24,61,40,75,65,65,65,65,65,16,53,0],"gold":139,"neow_bonus":"","is_prod":false,"is_daily":true,"chose_seed":false,"campfire_upgraded":0,"win_rate":0,"timestamp":1542742263,"path_taken":["M","M","?","M","?","E","R","M","T","E","?","?","M","M","R","BOSS","M","$","M","?","?","E","R","E"],"build_version":"2018-11-15","purchased_purges":2,"victory":false,"max_hp_per_floor":[75,75,75,75,75,75,75,75,75,75,75,75,75,75,75,75,75,75,75,75,75,75,75,75,75],"card_choices":[{"not_picked":["Rebound","Compile Driver"],"picked":"Storm","floor":1},{"not_picked":["Stack","Streamline"],"picked":"Consume","floor":2},{"not_picked":["Compile Driver","Blizzard"],"picked":"Leap","floor":4},{"not_picked":["Steam","Undo"],"picked":"Capacitor","floor":6},{"not_picked":["Streamline","Leap"],"picked":"Hologram","floor":8},{"not_picked":["Barrage","Ball Lightning","Doom and Gloom"],"picked":"SKIP","floor":10},{"not_picked":["Conserve Battery","Stack","Reinforced Body"],"picked":"SKIP","floor":13},{"not_picked":["Go for the Eyes","Streamline"],"picked":"BootSequence","floor":14},{"not_picked":["Hyperbeam","Core Surge"],"picked":"Seek","floor":16},{"not_picked":["Cold Snap","Ball Lightning+1","Steam"],"picked":"SKIP","floor":18},{"not_picked":["Leap","Capacitor+1"],"picked":"Self Repair","floor":20},{"not_picked":["Leap","Sweeping Beam+1"],"picked":"Defragment","floor":23}],"player_experience":324613,"relics_obtained":[{"floor":6,"key":"Regal Pillow"},{"floor":9,"key":"Pen Nib"},{"floor":10,"key":"Dream Catcher"},{"floor":23,"key":"Dodecahedron"}],"event_choices":[{"cards_removed":["Strike_G"],"damage_healed":0,"gold_gain":0,"player_choice":"Card Removal","damage_taken":0,"max_hp_gain":0,"max_hp_loss":0,"event_name":"The Cleric","floor":3,"gold_loss":50},{"damage_healed":0,"gold_gain":0,"player_choice":"Grow","damage_taken":0,"max_hp_gain":0,"max_hp_loss":0,"event_name":"Living Wall","floor":5,"gold_loss":0,"cards_upgraded":["Zap"]},{"cards_removed":["Defend_B"],"damage_healed":0,"gold_gain":0,"player_choice":"Card Removal","damage_taken":7,"max_hp_gain":0,"max_hp_loss":0,"event_name":"Golden Wing","floor":11,"gold_loss":0},{"damage_healed":0,"gold_gain":0,"player_choice":"Obtained Relic","damage_taken":0,"relics_obtained":["PreservedInsect"],"max_hp_gain":0,"max_hp_loss":0,"event_name":"Addict","floor":21,"gold_loss":85},{"damage_healed":0,"gold_gain":0,"player_choice":"Read","damage_taken":0,"max_hp_gain":0,"max_hp_loss":0,"event_name":"The Library","floor":22,"gold_loss":0,"cards_obtained":["Biased Cognition"]}],"is_beta":true,"boss_relics":[{"not_picked":["FrozenCore","Philosopher\u0027s Stone"],"picked":"Cursed Key"}],"items_purged_floors":[12,19],"is_endless":false,"potions_floor_spawned":[1,6,8,10,16,20],"killed_by":"Slavers","ascension_level":0}