{"path_per_floor":["M","?","M","?","$","E","R","E","T","R","M","?","M","$","R"],"character_chosen":"THE_SILENT","items_purchased":["Potion Belt","PiercingWail"],"gold_per_floor":[117,192,204,204,10,40,40,75,156,156,170,120,90,15,15,15],"floor_reached":16,"campfire_rested":3,"playtime":627,"item_purchase_floors":[5,5],"current_hp_per_floor":[68,57,53,39,39,13,34,16,16,39,39,39,38,38,61,0],"items_purged":["Defend_G+1"],"gold":15,"score":127,"play_id":"42ac93f1-48ad-441d-a2f2-b9455ad03a7c","local_time":"20180611214757","is_prod":false,"is_daily":false,"chose_seed":false,"is_ascension_mode":true,"campfire_upgraded":0,"win_rate":0,"timestamp":1528750077,"campfire_choices":[{"floor":7,"key":"REST"},{"floor":10,"key":"REST"},{"floor":15,"key":"REST"}],"path_taken":["M","?","M","?","$","E","R","E","T","R","M","?","?","$","R","BOSS"],"build_version":"2018-06-08","seed_source_timestamp":2545981973057997,"purchased_purges":1,"victory":false,"master_deck":["Defend_G","Defend_G","Defend_G","Defend_G","Strike_G","Strike_G","Strike_G+1","Strike_G","Survivor","Neutralize","Tools of the Trade","Flying Knee","PiercingWail","Flying Knee","Footwork","Outmaneuver","Escape Plan"],"max_hp_per_floor":[70,70,70,70,70,70,70,77,77,77,77,77,77,77,77,77],"relics":["Ring of the Snake","Potion Belt","Omamori","Strawberry","Bottled Flame"],"card_choices":[{"not_picked":["Prepared","Dodge and Roll"],"picked":"Flying Knee","floor":1},{"not_picked":["Choke","Bane","Endless Agony"],"picked":"SKIP","floor":3},{"not_picked":["Backflip","Predator"],"picked":"Flying Knee","floor":6},{"not_picked":["All Out Attack","Setup"],"picked":"Footwork","floor":8},{"not_picked":["Quick Slash","Infinite Blades"],"picked":"Outmaneuver","floor":11},{"not_picked":["Prepared","Concentrate"],"picked":"Escape Plan","floor":13}],"player_experience":252391,"potions_floor_usage":[6,8,16],"damage_taken":[{"damage":2,"enemies":"Jaw Worm","floor":1,"turns":6},{"damage":4,"enemies":"Small Slimes","floor":3,"turns":4},{"damage":26,"enemies":"Gremlin Nob","floor":6,"turns":6},{"damage":25,"enemies":"Lagavulin","floor":8,"turns":7},{"damage":0,"enemies":"2 Louse","floor":11,"turns":3},{"damage":1,"enemies":"Looter","floor":13,"turns":4},{"damage":65,"enemies":"Slime Boss","floor":16,"turns":14}],"relics_obtained":[{"floor":6,"key":"Omamori"},{"floor":8,"key":"Strawberry"},{"floor":9,"key":"Bottled Flame"}],"event_choices":[{"event_name":"World of Goop","player_choice":"Gather Gold","floor":2,"damage_taken":0},{"event_name":"Shining Light","player_choice":"Entered Light","floor":4,"damage_taken":0},{"event_name":"The Cleric","player_choice":"Card Removal","floor":12,"damage_taken":0}],"boss_relics":[],"items_purged_floors":[14],"potions_floor_spawned":[3,6,8],"seed_played":"5752004626832664255","killed_by":"Slime Boss","ascension_level":4,"potions_obtained":[{"floor":3,"key":"GhostInAJar"},{"floor":6,"key":"Strength Potion"},{"floor":8,"key":"Dexterity Potion"}],"is_trial":false}