{"gold_per_floor":[110,125,142,142,142,142,176,176,176,351,366,316,342,356,356,484,484,507,338,250,270,288,288,328,328,328,346,346,389,404,404,404,404],"floor_reached":33,"playtime":1430,"items_purged":["Strike_B"],"score":456,"play_id":"33641b7f-b6c9-45e6-9aea-4f790c86410d","local_time":"20190205050437","is_ascension_mode":true,"campfire_choices":[{"data":"Fusion","floor":6,"key":"SMITH"},{"data":"Zap","floor":8,"key":"SMITH"},{"floor":15,"key":"REST"},{"data":"Skim","floor":23,"key":"SMITH"},{"floor":28,"key":"REST"},{"floor":32,"key":"REST"}],"neow_cost":"NONE","seed_source_timestamp":308605319154177,"circlet_count":0,"master_deck":["AscendersBane","Strike_B","Strike_B","Defend_B+1","Defend_B","Defend_B+1","Zap+1","Dualcast","Skim+1","White Noise","Glacier","Fusion+1","Go for the Eyes","Ball Lightning","Electrodynamics","BootSequence","Finesse","Coolheaded+1","Go for the Eyes","Chill","Recycle+1"],"relics":["Cracked Core","Golden Idol","Shuriken","Bottled Lightning","Bag of Marbles","Sozu","Oddly Smooth Stone","Art of War","Dodecahedron","Regal Pillow"],"potions_floor_usage":[7,16],"damage_taken":[{"damage":1,"enemies":"Cultist","floor":1,"turns":3},{"damage":8,"enemies":"Small Slimes","floor":2,"turns":3},{"damage":2,"enemies":"2 Louse","floor":3,"turns":2},{"damage":15,"enemies":"Lagavulin","floor":7,"turns":11},{"damage":6,"enemies":"Exordium Wildlife","floor":11,"turns":8},{"damage":12,"enemies":"3 Louse","floor":14,"turns":3},{"damage":16,"enemies":"Slime Boss","floor":16,"turns":11},{"damage":3,"enemies":"Chosen","floor":18,"turns":4},{"damage":14,"enemies":"2 Thieves","floor":21,"turns":4},{"damage":0,"enemies":"Snake Plant","floor":22,"turns":4},{"damage":9,"enemies":"Slavers","floor":24,"turns":4},{"damage":5,"enemies":"Centurion and Healer","floor":27,"turns":5},{"damage":9,"enemies":"Book of Stabbing","floor":29,"turns":8},{"damage":19,"enemies":"Chosen and Byrds","floor":30,"turns":7},{"damage":59,"enemies":"Automaton","floor":33,"turns":6}],"seed_played":"-7045093249029576048","potions_obtained":[{"floor":1,"key":"Weak Potion"},{"floor":7,"key":"SpeedPotion"},{"floor":11,"key":"SkillPotion"}],"is_trial":false,"path_per_floor":["M","M","M","?","?","R","E","R","T","?","M","?","T","M","R","B",null,"M","$","?","M","M","R","E","?","T","M","R","E","M","?","R","B"],"character_chosen":"DEFECT","items_purchased":["Finesse"],"campfire_rested":3,"item_purchase_floors":[19],"current_hp_per_floor":[67,59,57,57,43,43,28,28,28,28,22,22,22,10,30,14,55,52,52,52,38,38,38,29,29,29,24,44,35,16,16,51,0],"gold":404,"neow_bonus":"TRANSFORM_CARD","is_prod":false,"is_daily":false,"chose_seed":false,"campfire_upgraded":3,"win_rate":0,"timestamp":1549343077,"path_taken":["M","M","?","?","?","R","E","R","T","?","?","?","?","M","R","BOSS","M","$","?","?","M","R","E","?","T","?","R","E","M","?","R","BOSS"],"build_version":"2019-01-23","purchased_purges":1,"victory":false,"max_hp_per_floor":[75,75,75,69,69,69,69,69,69,69,69,69,69,69,69,69,69,69,69,69,69,69,69,69,69,69,69,69,69,69,69,69,69],"card_choices":[{"not_picked":["Coolheaded","Sweeping Beam"],"picked":"White Noise","floor":1},{"not_picked":["Heatsinks","Stack"],"picked":"Glacier","floor":2},{"not_picked":["Stack","Self Repair"],"picked":"Fusion","floor":3},{"not_picked":["Compile Driver","Hologram","Beam Cell"],"picked":"SKIP","floor":7},{"not_picked":["Hologram","Leap"],"picked":"Go for the Eyes","floor":11},{"not_picked":["Barrage","Fission"],"picked":"Ball Lightning","floor":14},{"not_picked":["Machine Learning","Biased Cognition"],"picked":"Electrodynamics","floor":16},{"not_picked":["Melter+1","Ball Lightning"],"picked":"BootSequence","floor":18},{"not_picked":["Turbo","Hologram"],"picked":"Coolheaded+1","floor":21},{"not_picked":["Darkness","Stack","Coolheaded"],"picked":"SKIP","floor":22},{"not_picked":["Hello World","Rebound","Stack"],"picked":"SKIP","floor":24},{"not_picked":["Steam","Beam Cell"],"picked":"Chill","floor":27},{"not_picked":["Barrage","Fusion","Leap"],"picked":"SKIP","floor":29},{"not_picked":["Lockon","Capacitor"],"picked":"Recycle+1","floor":30}],"player_experience":557084,"relics_obtained":[{"floor":7,"key":"Shuriken"},{"floor":9,"key":"Bottled Lightning"},{"floor":13,"key":"Bag of Marbles"},{"floor":24,"key":"Art of War"},{"floor":26,"key":"Dodecahedron"},{"floor":29,"key":"Regal Pillow"}],"event_choices":[{"damage_healed":0,"gold_gain":0,"player_choice":"Lose Max HP","damage_taken":0,"relics_obtained":["Golden Idol"],"max_hp_gain":0,"max_hp_loss":6,"event_name":"Golden Idol","floor":4,"gold_loss":0},{"damage_healed":0,"gold_gain":0,"player_choice":"Entered Light","damage_taken":14,"max_hp_gain":0,"max_hp_loss":0,"event_name":"Shining Light","floor":5,"gold_loss":0,"cards_upgraded":["Defend_B","Defend_B"]},{"damage_healed":0,"gold_gain":175,"player_choice":"AGREE","damage_taken":0,"max_hp_gain":0,"max_hp_loss":0,"event_name":"Liars Game","floor":10,"gold_loss":0,"cards_obtained":["Doubt"]},{"cards_removed":["Doubt"],"damage_healed":0,"gold_gain":0,"player_choice":"Card Removal","damage_taken":0,"max_hp_gain":0,"max_hp_loss":0,"event_name":"The Cleric","floor":12,"gold_loss":50},{"damage_healed":0,"gold_gain":0,"player_choice":"Paid Gold","damage_taken":0,"relics_obtained":["Oddly Smooth Stone"],"max_hp_gain":0,"max_hp_loss":0,"event_name":"WeMeetAgain","floor":20,"gold_loss":88},{"damage_healed":0,"gold_gain":0,"cards_transformed":["Defend_B"],"player_choice":"Transformed","damage_taken":0,"max_hp_gain":0,"max_hp_loss":0,"event_name":"Transmorgrifier","floor":25,"gold_loss":0,"cards_obtained":["Go for the Eyes"]},{"damage_healed":0,"gold_gain":0,"player_choice":"Ignored","damage_taken":0,"max_hp_gain":0,"max_hp_loss":0,"event_name":"Vampires","floor":31,"gold_loss":0}],"is_beta":true,"boss_relics":[{"not_picked":["Empty Cage","Busted Crown"],"picked":"Sozu"}],"items_purged_floors":[19],"is_endless":false,"potions_floor_spawned":[1,7,11,27],"killed_by":"Automaton","ascension_level":12}