{"gold_per_floor":[361,0,14,89,14,14,14,25,76,76,46,46,57,75,75,75],"floor_reached":16,"playtime":541,"items_purged":["Strike_G"],"score":117,"play_id":"82b604e5-e1d1-4b2f-8cf8-4fa391be4ebd","local_time":"20190106224722","is_ascension_mode":true,"campfire_choices":[{"data":"Infinite Blades","floor":6,"key":"SMITH"},{"data":"Accuracy","floor":10,"key":"SMITH"},{"data":"Accuracy","floor":12,"key":"SMITH"},{"data":"Metamorphosis","floor":15,"key":"SMITH"}],"neow_cost":"TEN_PERCENT_HP_LOSS","seed_source_timestamp":350926199920768,"circlet_count":0,"master_deck":["Defend_G","Defend_G","Defend_G","Defend_G","Defend_G","Strike_G","Strike_G","Strike_G","Strike_G","Survivor","Neutralize","Infinite Blades+1","Accuracy+1","Metamorphosis+1","Discovery+1","Distraction","Accuracy+1"],"relics":["Ring of the Snake","Ancient Tea Set"],"potions_floor_usage":[16],"damage_taken":[{"damage":0,"enemies":"Small Slimes","floor":1,"turns":3},{"damage":1,"enemies":"2 Louse","floor":3,"turns":3},{"damage":0,"enemies":"Cultist","floor":8,"turns":4},{"damage":2,"enemies":"3 Louse","floor":13,"turns":4},{"damage":10,"enemies":"Large Slime","floor":14,"turns":6},{"damage":39,"enemies":"The Guardian","floor":16,"turns":8}],"seed_played":"2402298137726856421","potions_obtained":[{"floor":8,"key":"SkillPotion"},{"floor":11,"key":"Energy Potion"},{"floor":11,"key":"Explosive Potion"}],"is_trial":false,"path_per_floor":["M","$","M","?","$","R","?","M","T","R","?","R","M","M","R","B"],"character_chosen":"THE_SILENT","items_purchased":["Accuracy","Metamorphosis","Discovery"],"campfire_rested":0,"item_purchase_floors":[2,2,2],"current_hp_per_floor":[63,63,62,51,51,51,51,51,51,51,51,51,49,39,39,0],"gold":75,"neow_bonus":"TWO_FIFTY_GOLD","is_prod":false,"is_daily":false,"chose_seed":false,"campfire_upgraded":4,"win_rate":0,"timestamp":1546814842,"path_taken":["M","$","M","?","$","R","?","M","T","R","?","R","M","M","R","BOSS"],"build_version":"2019-01-03v4","purchased_purges":1,"victory":false,"max_hp_per_floor":[63,63,63,63,63,63,63,63,63,63,63,63,63,63,63,63],"card_choices":[{"not_picked":["Flying Knee","Calculated Gamble"],"picked":"Infinite Blades","floor":1},{"not_picked":["Choke","Deflect"],"picked":"Distraction","floor":3},{"not_picked":["Deflect","Escape Plan"],"picked":"Accuracy","floor":8},{"not_picked":["Dagger Spray","Quick Slash","Poisoned Stab"],"picked":"SKIP","floor":13},{"not_picked":["Leg Sweep","Reflex","Sucker Punch"],"picked":"SKIP","floor":14}],"player_experience":377438,"relics_obtained":[{"floor":9,"key":"Ancient Tea Set"}],"event_choices":[{"damage_healed":0,"gold_gain":75,"player_choice":"Gather Gold","damage_taken":11,"max_hp_gain":0,"max_hp_loss":0,"event_name":"World of Goop","floor":4,"gold_loss":0},{"damage_healed":0,"gold_gain":0,"player_choice":"Grow","damage_taken":0,"max_hp_gain":0,"max_hp_loss":0,"event_name":"Living Wall","floor":7,"gold_loss":0,"cards_upgraded":["Discovery"]},{"damage_healed":0,"gold_gain":0,"player_choice":"Bought 2 Potions","damage_taken":0,"max_hp_gain":0,"max_hp_loss":0,"event_name":"The Woman in Blue","floor":11,"gold_loss":0}],"is_beta":true,"boss_relics":[],"items_purged_floors":[5],"is_endless":false,"potions_floor_spawned":[8],"killed_by":"The Guardian","ascension_level":6}