{"gold_per_floor":[111,111,126,142,153,179,197,231,300,327,344,344],"floor_reached":12,"playtime":584,"items_purged":[],"score":117,"play_id":"49f8dcfb-4ffc-45ef-b6ff-b1bc1896f48a","local_time":"20190201014404","is_ascension_mode":true,"campfire_choices":[],"neow_cost":"NONE","seed_source_timestamp":37235023938585,"circlet_count":0,"master_deck":["Strike_R","Strike_R","Strike_R","Strike_R","Strike_R","Defend_R","Defend_R","Defend_R","Defend_R","Bash","Inflame","Twin Strike","Flex","Flex","Demon Form","Armaments","Inflame","Whirlwind"],"relics":["Burning Blood","Omamori","Anchor","Blue Candle","Magic Flower"],"potions_floor_usage":[6,6,8],"damage_taken":[{"damage":3,"enemies":"2 Louse","floor":1,"turns":4},{"damage":4,"enemies":"Small Slimes","floor":3,"turns":3},{"damage":1,"enemies":"Cultist","floor":4,"turns":3},{"damage":11,"enemies":"Blue Slaver","floor":5,"turns":4},{"damage":15,"enemies":"3 Sentries","floor":6,"turns":4},{"damage":2,"enemies":"Looter","floor":7,"turns":4},{"damage":29,"enemies":"Gremlin Nob","floor":8,"turns":4},{"damage":45,"enemies":"3 Sentries","floor":10,"turns":10},{"damage":3,"enemies":"3 Louse","floor":11,"turns":3},{"damage":43,"enemies":"Gremlin Gang","floor":12,"turns":3}],"seed_played":"3358583237826834132","potions_obtained":[{"floor":1,"key":"Explosive Potion"},{"floor":3,"key":"Swift Potion"},{"floor":5,"key":"AttackPotion"},{"floor":11,"key":"Ancient Potion"}],"is_trial":false,"path_per_floor":["M","?","M","M","M","E","M","E","T","E","M","M"],"character_chosen":"IRONCLAD","items_purchased":[],"campfire_rested":0,"item_purchase_floors":[],"current_hp_per_floor":[88,88,88,88,83,74,78,55,55,16,22,0],"gold":344,"neow_bonus":"TEN_PERCENT_HP_BONUS","is_prod":false,"is_daily":false,"chose_seed":false,"campfire_upgraded":0,"win_rate":0,"timestamp":1548981844,"path_taken":["M","?","M","M","M","E","M","E","T","E","M","M"],"build_version":"2019-01-23","purchased_purges":0,"victory":false,"max_hp_per_floor":[88,88,88,88,88,88,88,88,88,88,88,88],"card_choices":[{"not_picked":["Fire Breathing","Combust"],"picked":"Inflame","floor":1},{"not_picked":["Bloodletting","Havoc"],"picked":"Twin Strike","floor":3},{"not_picked":["Anger","Seeing Red"],"picked":"Flex","floor":4},{"not_picked":["Wild Strike","Sever Soul"],"picked":"Flex","floor":5},{"not_picked":["Shockwave","Rupture"],"picked":"Demon Form","floor":6},{"not_picked":["Wild Strike","Thunderclap"],"picked":"Armaments","floor":7},{"not_picked":["Fiend Fire","Bludgeon"],"picked":"Inflame","floor":8},{"not_picked":["Intimidate","Berserk","Carnage"],"picked":"SKIP","floor":10},{"not_picked":["Shrug It Off","Wild Strike"],"picked":"Whirlwind","floor":11}],"player_experience":146485,"relics_obtained":[{"floor":6,"key":"Omamori"},{"floor":8,"key":"Anchor"},{"floor":9,"key":"Blue Candle"},{"floor":10,"key":"Magic Flower"}],"event_choices":[{"damage_healed":0,"gold_gain":0,"player_choice":"Ignored","damage_taken":0,"max_hp_gain":0,"max_hp_loss":0,"event_name":"Golden Wing","floor":2,"gold_loss":0}],"is_beta":false,"boss_relics":[],"items_purged_floors":[],"is_endless":false,"potions_floor_spawned":[1,3,5,11],"killed_by":"Gremlin Gang","ascension_level":3}