{"gold_per_floor":[114,5,5,5,18,18,18,38,63,83,108,108,141,152,152,229,229,245,7,18,18,29,29,29,29],"floor_reached":25,"playtime":727,"items_purged":[],"score":447,"play_id":"575c95d1-edf3-4aa4-a216-e1404227f917","local_time":"20190202002451","is_ascension_mode":true,"campfire_choices":[{"data":"Zap","floor":6.0,"key":"SMITH"},{"data":"Dualcast","floor":12.0,"key":"SMITH"},{"data":"Hologram","floor":15.0,"key":"SMITH"},{"floor":23,"key":"REST"}],"neow_cost":"NONE","seed_source_timestamp":16251407322437,"circlet_count":0,"master_deck":["AscendersBane","Defend_B","Defend_B","Defend_B","Defend_B","Zap+1","Dualcast+1","Rebound","Hello World","Go for the Eyes","Glacier","Streamline","Undo","Meteor Strike","Capacitor","Hologram+1","Recycle","Fission","Turbo","Leap","Steam","Hologram","Cold Snap","Shame","Conserve Battery","Bite","Bite","Bite","Bite","Bite"],"special_seed":0,"relics":["Cracked Core","NeowsBlessing","Lantern","Bronze Scales","Prayer Wheel","Runic Dome","OrangePellets","Singing Bowl"],"potions_floor_usage":[16,16,18],"damage_taken":[{"damage":0.0,"enemies":"Small Slimes","floor":1.0,"turns":1.0},{"damage":0.0,"enemies":"Cultist","floor":5.0,"turns":1.0},{"damage":0.0,"enemies":"2 Louse","floor":8.0,"turns":1.0},{"damage":0.0,"enemies":"Looter","floor":10.0,"turns":2.0},{"damage":12.0,"enemies":"3 Sentries","floor":11.0,"turns":8.0},{"damage":21.0,"enemies":"Gremlin Nob","floor":13.0,"turns":4.0},{"damage":6.0,"enemies":"Blue Slaver","floor":14.0,"turns":3.0},{"damage":27,"enemies":"Slime Boss","floor":16,"turns":11},{"damage":10,"enemies":"Chosen","floor":18,"turns":4},{"damage":10,"enemies":"Shell Parasite","floor":20,"turns":6},{"damage":32,"enemies":"3 Cultists","floor":22,"turns":7},{"damage":35,"enemies":"Book of Stabbing","floor":25,"turns":5}],"seed_played":"2726239798833622456","potions_obtained":[{"floor":8.0,"key":"Regen Potion"},{"floor":11.0,"key":"SpeedPotion"},{"floor":16,"key":"AttackPotion"}],"is_trial":false,"path_per_floor":["M","$","?","$","M","R","$","M","T","M","E","R","E","M","R","B",null,"M","$","M","?","M","R","?","E"],"character_chosen":"DEFECT","items_purchased":["Hello World","Go for the Eyes","OrangePellets","Steam"],"campfire_rested":1,"item_purchase_floors":[2,2,19,19],"current_hp_per_floor":[64,64,64,64,64,64,64,64,64,64,52,52,31,25,25,13,57,47,47,37,37,7,28,28,3],"gold":29,"neow_bonus":"THREE_ENEMY_KILL","is_prod":false,"is_daily":false,"chose_seed":false,"campfire_upgraded":3,"win_rate":0,"timestamp":1549095891,"path_taken":["M","$","?","?","?","R","$","M","T","M","E","R","E","M","R","BOSS","M","$","M","?","M","R","?","E"],"build_version":"2019-01-23","purchased_purges":0,"victory":false,"max_hp_per_floor":[71,71,71,71,71,71,71,71,71,71,71,71,71,71,71,71,71,71,71,71,71,73,73,51,51],"card_choices":[{"not_picked":["Sweeping Beam","Turbo"],"picked":"Rebound","floor":1.0},{"not_picked":["Coolheaded","Loop"],"picked":"Glacier","floor":5.0},{"not_picked":["Rebound","Machine Learning"],"picked":"Streamline","floor":8.0},{"not_picked":["Sweeping Beam","Static Discharge"],"picked":"Undo","floor":10.0},{"not_picked":["Recycle","Steam"],"picked":"Meteor Strike","floor":11.0},{"not_picked":["Reinforced Body","Scrape"],"picked":"Capacitor","floor":13.0},{"not_picked":["Leap","Auto Shields"],"picked":"Hologram","floor":14.0},{"not_picked":["Static Discharge","Storm"],"picked":"Recycle","floor":14.0},{"not_picked":["Seek","Multi-Cast"],"picked":"Fission","floor":16},{"not_picked":["Fusion","Self Repair"],"picked":"Turbo","floor":18},{"not_picked":["Fusion","Coolheaded"],"picked":"Leap","floor":18},{"not_picked":["Steam","Genetic Algorithm"],"picked":"Hologram","floor":20},{"not_picked":["Stack","Tempest"],"picked":"Cold Snap","floor":20},{"not_picked":["Stack","Turbo","Recycle"],"picked":"Singing Bowl","floor":22},{"not_picked":["Coolheaded","Cold Snap"],"picked":"Conserve Battery","floor":22}],"player_experience":1087411,"relics_obtained":[{"floor":9.0,"key":"Lantern"},{"floor":11.0,"key":"Bronze Scales"},{"floor":13.0,"key":"Prayer Wheel"}],"event_choices":[{"damage_healed":0.0,"max_hp_gain":0.0,"max_hp_loss":0.0,"gold_gain":0.0,"event_name":"WeMeetAgain","player_choice":"Ignored","floor":3.0,"gold_loss":0.0,"damage_taken":0.0},{"damage_healed":0,"gold_gain":0,"player_choice":"Stole Relic","damage_taken":0,"relics_obtained":["Singing Bowl"],"max_hp_gain":0,"max_hp_loss":0,"event_name":"Addict","floor":21,"gold_loss":0,"cards_obtained":["Shame"]},{"damage_healed":0,"gold_gain":0,"player_choice":"Became a vampire","damage_taken":0,"max_hp_gain":0,"max_hp_loss":22,"event_name":"Vampires","floor":24,"gold_loss":0,"cards_obtained":["Bite","Bite","Bite","Bite","Bite"]}],"is_beta":true,"boss_relics":[{"not_picked":["Busted Crown","Astrolabe"],"picked":"Runic Dome"}],"items_purged_floors":[],"is_endless":false,"potions_floor_spawned":[8,11,13,16],"killed_by":"Book of Stabbing","ascension_level":20}