{"gold_per_floor":[114,125,125,143,143,143,176,196,196,196,0,41,41,55,55,183,183,196,296,316,341,356,356,380,393,393,308,308,329,348,386,386,386],"floor_reached":33,"playtime":1803,"items_purged":[],"score":337,"play_id":"7afddc38-2ac8-477e-835d-c5eae4fd765d","local_time":"20190206185957","is_ascension_mode":true,"campfire_choices":[{"data":"Metallicize","floor":6,"key":"SMITH"},{"data":"Bash","floor":10,"key":"SMITH"},{"floor":15,"key":"REST"},{"floor":23,"key":"RECALL"},{"data":"Demon Form","floor":28,"key":"SMITH"},{"data":"Rampage","floor":32,"key":"SMITH"}],"neow_cost":"NONE","seed_source_timestamp":17638683791931,"circlet_count":0,"master_deck":["Strike_R","Strike_R","Strike_R","Strike_R","Defend_R","Defend_R","Defend_R","Defend_R","Bash+1","Metallicize+1","Disarm+1","Dual Wield+1","Shrug It Off+1","Shockwave+1","Headbutt","Demon Form+1","Armaments+1","Shrug It Off+1","Rampage+1","Disarm+1","Dual Wield+1","Shrug It Off+1"],"relics":["Burning Blood","Toxic Egg 2","Golden Idol","Red Skull","Pear","Anchor","Du-Vu Doll","Velvet Choker","Lantern","Regal Pillow"],"potions_floor_usage":[7,7],"damage_taken":[{"damage":7,"enemies":"2 Louse","floor":1,"turns":3},{"damage":9,"enemies":"Small Slimes","floor":2,"turns":6},{"damage":2,"enemies":"Cultist","floor":4,"turns":4},{"damage":30,"enemies":"3 Sentries","floor":7,"turns":14},{"damage":10,"enemies":"Looter","floor":8,"turns":4},{"damage":22,"enemies":"Gremlin Nob","floor":12,"turns":4},{"damage":0,"enemies":"Exordium Wildlife","floor":14,"turns":4},{"damage":49,"enemies":"The Guardian","floor":16,"turns":13},{"damage":5,"enemies":"Chosen","floor":18,"turns":5},{"damage":24,"enemies":"Spheric Guardian","floor":20,"turns":7},{"damage":4,"enemies":"Centurion and Healer","floor":21,"turns":7},{"damage":8,"enemies":"Shelled Parasite and Fungi","floor":22,"turns":29},{"damage":0,"enemies":"Snecko","floor":24,"turns":7},{"damage":19,"enemies":"Centurion and Healer","floor":25,"turns":10},{"damage":10,"enemies":"Shelled Parasite and Fungi","floor":29,"turns":6},{"damage":0,"enemies":"Snecko","floor":30,"turns":4},{"damage":10,"enemies":"Book of Stabbing","floor":31,"turns":8},{"damage":74,"enemies":"Automaton","floor":33,"turns":8}],"seed_played":"1051572220287984641","potions_obtained":[{"floor":0,"key":"SteroidPotion"},{"floor":0,"key":"BloodPotion"},{"floor":0,"key":"EssenceOfSteel"},{"floor":7,"key":"Swift Potion"},{"floor":8,"key":"Dexterity Potion"},{"floor":16,"key":"FearPotion"},{"floor":18,"key":"Strength Potion"}],"is_trial":false,"path_per_floor":["M","M","?","M","?","R","E","M","T","R","$","E","?","M","R","B",null,"M","?","M","M","M","R","M","M","T","?","R","M","M","E","R","B"],"character_chosen":"IRONCLAD","items_purchased":["Anchor","Shrug It Off+1"],"campfire_rested":1,"item_purchase_floors":[11,11],"current_hp_per_floor":[79,76,73,77,57,57,41,37,47,47,47,31,31,37,64,21,90,90,90,72,74,72,72,78,65,65,65,65,61,67,63,63,0],"gold":386,"neow_bonus":"THREE_SMALL_POTIONS","is_prod":false,"is_daily":false,"chose_seed":false,"campfire_upgraded":4,"win_rate":0,"timestamp":1549475997,"path_taken":["M","M","?","M","?","R","E","M","T","R","$","E","?","M","R","BOSS","M","?","M","?","M","R","M","M","T","?","R","M","M","E","R","BOSS"],"build_version":"2019-01-23","purchased_purges":0,"victory":false,"max_hp_per_floor":[80,80,80,80,80,80,80,80,90,90,90,90,90,90,90,90,90,90,90,90,90,90,90,90,90,90,90,90,90,90,90,90,90],"card_choices":[{"not_picked":["Armaments","Power Through"],"picked":"Metallicize","floor":1},{"not_picked":["Evolve","Wild Strike","Anger"],"picked":"SKIP","floor":2},{"not_picked":["Twin Strike","Body Slam"],"picked":"Disarm+1","floor":4},{"not_picked":["Pommel Strike","Wild Strike"],"picked":"Dual Wield+1","floor":7},{"not_picked":["Carnage","Pummel","Wild Strike"],"picked":"SKIP","floor":8},{"not_picked":["Intimidate+1","Burning Pact+1","Perfected Strike"],"picked":"SKIP","floor":12},{"not_picked":["Rage+1","Perfected Strike"],"picked":"Headbutt","floor":14},{"not_picked":["Feed","Exhume+1"],"picked":"Demon Form","floor":16},{"not_picked":["Inflame","Body Slam+1","Twin Strike"],"picked":"SKIP","floor":18},{"not_picked":["Blood for Blood+1","Warcry+1"],"picked":"Armaments+1","floor":20},{"not_picked":["Sword Boomerang","Headbutt"],"picked":"Shrug It Off+1","floor":21},{"not_picked":["Anger+1","Pummel+1","Double Tap+1"],"picked":"SKIP","floor":22},{"not_picked":["Corruption","Evolve+1"],"picked":"Rampage","floor":24},{"not_picked":["Carnage","Pommel Strike","Armaments+1"],"picked":"SKIP","floor":25},{"not_picked":["Iron Wave+1","Headbutt+1"],"picked":"Disarm+1","floor":29},{"not_picked":["Warcry+1","Armaments+1"],"picked":"Dual Wield+1","floor":30},{"not_picked":["Headbutt","Juggernaut"],"picked":"Shrug It Off+1","floor":31}],"player_experience":225131,"relics_obtained":[{"floor":7,"key":"Red Skull"},{"floor":9,"key":"Pear"},{"floor":12,"key":"Du-Vu Doll"},{"floor":31,"key":"Regal Pillow"}],"event_choices":[{"damage_healed":0,"gold_gain":0,"player_choice":"Success","damage_taken":3,"relics_obtained":["Toxic Egg 2"],"max_hp_gain":0,"max_hp_loss":0,"event_name":"Scrap Ooze","floor":3,"gold_loss":0},{"damage_healed":0,"gold_gain":0,"player_choice":"Take Damage","damage_taken":20,"relics_obtained":["Golden Idol"],"max_hp_gain":0,"max_hp_loss":0,"event_name":"Golden Idol","floor":5,"gold_loss":0},{"damage_healed":0,"gold_gain":0,"cards_transformed":["Strike_R"],"player_choice":"Change","damage_taken":0,"max_hp_gain":0,"max_hp_loss":0,"event_name":"Living Wall","floor":13,"gold_loss":0,"cards_obtained":["Shockwave"]},{"damage_healed":0,"gold_gain":100,"player_choice":"Pray","damage_taken":0,"max_hp_gain":0,"max_hp_loss":0,"event_name":"Golden Shrine","floor":19,"gold_loss":0},{"damage_healed":0,"gold_gain":0,"player_choice":"Obtained Relic","damage_taken":0,"relics_obtained":["Lantern"],"max_hp_gain":0,"max_hp_loss":0,"event_name":"Addict","floor":27,"gold_loss":85}],"is_beta":false,"boss_relics":[{"not_picked":["Runic Dome","Tiny House"],"picked":"Velvet Choker"}],"items_purged_floors":[],"is_endless":false,"potions_floor_spawned":[1,7,8,16,18,21,29],"killed_by":"Automaton","ascension_level":4}