{"gold_per_floor":[110,124,12,32,32,66,66,94,165,12,12,12,12,22,22,118,118,129,147,71,71,98,131,148,73,73,73,73,93,93,111,111,211,211,226,38,38,54,54,89,89,103,103,158,175,397,447,462,462,462,462,462,44,96,96],"floor_reached":56,"playtime":2556,"items_purged":["Strike_B"],"score":1283,"play_id":"2cc10a99-151d-41ff-9fec-6d2dfc010667","local_time":"20181120202351","is_ascension_mode":false,"campfire_choices":[{"floor":7,"key":"REST"},{"floor":11,"key":"RECALL"},{"floor":15,"key":"REST"},{"floor":28,"key":"REST"},{"floor":30,"key":"REST"},{"floor":32,"key":"REST"},{"floor":41,"key":"REST"},{"data":"Amplify","floor":49,"key":"SMITH"},{"data":"Hologram","floor":52,"key":"SMITH"}],"neow_cost":"NONE","seed_source_timestamp":260369564870118,"circlet_count":0,"master_deck":["Zap","Dualcast","Amplify+1","Tempest+1","Ball Lightning","Static Discharge","BootSequence","Gash","Biased Cognition","Gash","Loop","Static Discharge","Capacitor","Rebound","Static Discharge","Consume+1","Reinforced Body","Coolheaded","Thunder Strike","Magnetism","Chill","Hologram+1","Skim","Apotheosis","Coolheaded+1"],"relics":["FrozenCore","Mango","Bag of Marbles","Orichalcum","Pandora\u0027s Box","Red Mask","Dead Branch","Mummified Hand","Omamori","FossilizedHelix","Symbiotic Virus","Gambling Chip","Anchor","Bottled Tornado","Torii"],"potions_floor_usage":[8,16,16,22,23,29,40,42,55],"damage_taken":[{"damage":2,"enemies":"2 Louse","floor":1,"turns":2},{"damage":0,"enemies":"Small Slimes","floor":2,"turns":2},{"damage":8,"enemies":"Jaw Worm","floor":4,"turns":3},{"damage":30,"enemies":"Gremlin Nob","floor":6,"turns":4},{"damage":31,"enemies":"3 Sentries","floor":8,"turns":6},{"damage":17,"enemies":"2 Fungi Beasts","floor":14,"turns":2},{"damage":17,"enemies":"Hexaghost","floor":16,"turns":11},{"damage":12,"enemies":"Shell Parasite","floor":18,"turns":4},{"damage":24,"enemies":"2 Thieves","floor":19,"turns":3},{"damage":17,"enemies":"Masked Bandits","floor":22,"turns":3},{"damage":2,"enemies":"Gremlin Leader","floor":23,"turns":5},{"damage":24,"enemies":"3 Cultists","floor":24,"turns":3},{"damage":14,"enemies":"Shelled Parasite and Fungi","floor":29,"turns":3},{"damage":11,"enemies":"Snake Plant","floor":31,"turns":3},{"damage":44,"enemies":"Champ","floor":33,"turns":11},{"damage":25,"enemies":"3 Darklings","floor":35,"turns":5},{"damage":0,"enemies":"Orb Walker","floor":38,"turns":3},{"damage":36,"enemies":"Nemesis","floor":40,"turns":9},{"damage":0,"enemies":"Sphere and 2 Shapes","floor":42,"turns":8},{"damage":0,"enemies":"2 Orb Walkers","floor":44,"turns":5},{"damage":0,"enemies":"3 Darklings","floor":45,"turns":4},{"damage":0,"enemies":"Spire Growth","floor":48,"turns":6},{"damage":0,"enemies":"Time Eater","floor":50,"turns":10},{"damage":43,"enemies":"Shield and Spear","floor":54,"turns":5},{"damage":23,"enemies":"The Heart","floor":55,"turns":10}],"seed_played":"-7541695004266254741","potions_obtained":[{"floor":6,"key":"PowerPotion"},{"floor":8,"key":"Dexterity Potion"},{"floor":14,"key":"PowerPotion"},{"floor":16,"key":"Regen Potion"},{"floor":22,"key":"AttackPotion"},{"floor":23,"key":"FearPotion"},{"floor":24,"key":"Swift Potion"},{"floor":35,"key":"PowerPotion"},{"floor":40,"key":"Regen Potion"},{"floor":54,"key":"FocusPotion"}],"is_trial":false,"path_per_floor":["M","M","$","M","$","E","R","E","T","$","R","?","?","M","R","B",null,"M","M","$","?","?","E","M","?","T","?","R","M","R","M","R","B",null,"M","$","?","M","$","E","R","M","T","?","M","?","T","M","R","B",null,"R","$","E","B",null],"character_chosen":"DEFECT","items_purchased":["Static Discharge","Orichalcum","Static Discharge","Magnetism","Apotheosis","Bottled Tornado"],"campfire_rested":6,"item_purchase_floors":[3,10,20,36,53,53],"current_hp_per_floor":[73,73,73,65,65,49,75,44,44,44,44,26,19,2,28,11,89,77,53,53,37,29,27,3,3,3,3,29,15,41,30,56,12,89,64,64,64,64,64,28,54,69,69,69,69,69,69,69,69,69,89,89,89,46,23],"gold":96,"neow_bonus":"ONE_RANDOM_RARE_CARD","is_prod":false,"is_daily":false,"chose_seed":false,"campfire_upgraded":2,"win_rate":0,"timestamp":1542745431,"path_taken":["M","M","$","M","$","E","R","E","T","$","R","?","?","M","R","BOSS","M","M","$","?","?","E","M","?","T","?","R","M","R","M","R","BOSS","M","$","?","M","?","E","R","M","T","?","?","?","?","M","R","BOSS","R","$","E","BOSS"],"build_version":"2018-11-15","purchased_purges":1,"victory":true,"max_hp_per_floor":[75,75,75,75,75,89,89,89,89,89,89,89,89,89,89,89,89,89,89,89,89,89,89,89,89,89,89,89,89,89,89,89,89,89,89,89,89,89,89,89,89,89,89,89,89,89,89,89,89,89,89,89,89,89,89],"card_choices":[{"not_picked":["Sweeping Beam","Hologram"],"picked":"Tempest","floor":1},{"not_picked":["Beam Cell","Cold Snap"],"picked":"Ball Lightning","floor":2},{"not_picked":["Coolheaded","Core Surge","Aggregate"],"picked":"SKIP","floor":4},{"not_picked":["Steam","Sweeping Beam"],"picked":"BootSequence","floor":6},{"not_picked":["Steam Power","Go for the Eyes","Conserve Battery"],"picked":"SKIP","floor":8},{"not_picked":["Turbo","Sunder"],"picked":"Gash","floor":14},{"not_picked":["Hyperbeam","Meteor Strike"],"picked":"Biased Cognition","floor":16},{"not_picked":["Stack+1","Sweeping Beam","Beam Cell"],"picked":"SKIP","floor":18},{"not_picked":["Sweeping Beam","Scrape","Steam Power"],"picked":"SKIP","floor":19},{"not_picked":["Streamline","Turbo"],"picked":"Consume+1","floor":22},{"not_picked":["Compile Driver+1","Ball Lightning","Sweeping Beam"],"picked":"SKIP","floor":23},{"not_picked":["Darkness","Turbo"],"picked":"Reinforced Body","floor":24},{"not_picked":["Fission","Hello World+1","Redo"],"picked":"SKIP","floor":29},{"not_picked":["Turbo","Steam+1"],"picked":"Coolheaded","floor":31},{"not_picked":["Machine Learning","Creative AI"],"picked":"Thunder Strike","floor":33},{"not_picked":["Gash","Sweeping Beam","Heatsinks"],"picked":"SKIP","floor":35},{"not_picked":["Undo+1","Redo","Lockon"],"picked":"SKIP","floor":38},{"not_picked":["Rebound","Leap"],"picked":"Chill","floor":40},{"not_picked":["Go for the Eyes","Loop","Meteor Strike"],"picked":"SKIP","floor":42},{"not_picked":["Turbo","Hello World"],"picked":"Hologram","floor":45},{"not_picked":["Compile Driver+1","Steam Power"],"picked":"Skim","floor":48},{"not_picked":["Reboot","Reinforced Body"],"picked":"Coolheaded+1","floor":54}],"player_experience":325911,"relics_obtained":[{"floor":6,"key":"Mango"},{"floor":8,"key":"Bag of Marbles"},{"floor":22,"key":"Red Mask"},{"floor":23,"key":"Dead Branch"},{"floor":26,"key":"Mummified Hand"},{"floor":40,"key":"FossilizedHelix"},{"floor":43,"key":"Symbiotic Virus"},{"floor":44,"key":"Gambling Chip"},{"floor":47,"key":"Anchor"},{"floor":54,"key":"Torii"}],"event_choices":[{"damage_healed":0,"gold_gain":0,"player_choice":"Entered Light","damage_taken":18,"max_hp_gain":0,"max_hp_loss":0,"event_name":"Shining Light","floor":12,"gold_loss":0,"cards_upgraded":["Tempest","Strike_B"]},{"cards_removed":["Strike_B"],"damage_healed":0,"gold_gain":0,"player_choice":"Card Removal","damage_taken":7,"max_hp_gain":0,"max_hp_loss":0,"event_name":"Golden Wing","floor":13,"gold_loss":0},{"damage_healed":0,"gold_gain":0,"player_choice":"Obtained Book","damage_taken":16,"max_hp_gain":0,"max_hp_loss":0,"event_name":"Cursed Tome","floor":21,"gold_loss":0},{"damage_healed":0,"gold_gain":0,"player_choice":"Fought Bandits","damage_taken":0,"max_hp_gain":0,"max_hp_loss":0,"event_name":"Masked Bandits","floor":22,"gold_loss":0},{"cards_removed":["Rebound"],"damage_healed":0,"gold_gain":0,"player_choice":"Gave Gold","damage_taken":0,"max_hp_gain":0,"max_hp_loss":0,"event_name":"Beggar","floor":25,"gold_loss":75},{"damage_healed":0,"gold_gain":0,"player_choice":"Ignored","damage_taken":0,"max_hp_gain":0,"max_hp_loss":0,"event_name":"Vampires","floor":27,"gold_loss":0},{"damage_healed":0,"gold_gain":0,"player_choice":"Gave Potion","damage_taken":0,"relics_obtained":["Omamori"],"max_hp_gain":0,"max_hp_loss":0,"event_name":"WeMeetAgain","floor":37,"gold_loss":0},{"damage_healed":0,"gold_gain":0,"player_choice":"Fight","damage_taken":0,"max_hp_gain":0,"max_hp_loss":0,"event_name":"Mysterious Sphere","floor":44,"gold_loss":0},{"damage_healed":0,"gold_gain":222,"player_choice":"Wore Mask","damage_taken":0,"max_hp_gain":0,"max_hp_loss":0,"event_name":"Tomb of Lord Red Mask","floor":46,"gold_loss":0}],"is_beta":true,"boss_relics":[{"not_picked":["Empty Cage","Fusion Hammer"],"picked":"Pandora\u0027s Box"},{"not_picked":["Sozu","Coffee Dripper"],"picked":"FrozenCore"}],"items_purged_floors":[3],"is_endless":false,"potions_floor_spawned":[6,8,14,16,22,23,24,35,40,54],"ascension_level":0}