{"gold_per_floor":[109,59,72,72,84,116,116,116,116,177,24,43,43,78,78,178,178,194,194],"floor_reached":19,"playtime":996,"items_purged":["Strike_G"],"score":219,"play_id":"6aceb792-ab05-4bcd-8add-977872c33765","local_time":"20181230212141","is_ascension_mode":true,"campfire_choices":[{"data":"Neutralize","floor":8,"key":"SMITH"},{"floor":15,"key":"REST"}],"neow_cost":"NONE","seed_source_timestamp":1556794658926532,"circlet_count":0,"master_deck":["Defend_G","Defend_G","Strike_G","Strike_G","Survivor","Neutralize+1","Underhanded Strike+1","Slice+1","Dash","Outmaneuver","Outmaneuver","Choke","Calculated Gamble","Acrobatics","Acrobatics","A Thousand Cuts"],"relics":["Astrolabe","Pantograph","Paper Crane","Centennial Puzzle","Dream Catcher","WristBlade"],"potions_floor_usage":[10,10,14],"damage_taken":[{"damage":0,"enemies":"Jaw Worm","floor":1,"turns":3},{"damage":0,"enemies":"Cultist","floor":3,"turns":3},{"damage":0,"enemies":"2 Louse","floor":5,"turns":2},{"damage":12,"enemies":"Gremlin Nob","floor":6,"turns":4},{"damage":9,"enemies":"Gremlin Nob","floor":10,"turns":4},{"damage":7,"enemies":"Exordium Wildlife","floor":12,"turns":4},{"damage":22,"enemies":"3 Sentries","floor":14,"turns":7},{"damage":38,"enemies":"Slime Boss","floor":16,"turns":11},{"damage":4,"enemies":"Shell Parasite","floor":18,"turns":5},{"damage":23,"enemies":"Colosseum Slavers","floor":19,"turns":4},{"damage":32,"enemies":"Colosseum Nobs","floor":19,"turns":2}],"seed_played":"-2989172027707620899","potions_obtained":[{"floor":1,"key":"Explosive Potion"},{"floor":6,"key":"Weak Potion"},{"floor":12,"key":"Explosive Potion"}],"is_trial":false,"path_per_floor":["M","?","M","?","M","E","?","R","T","?","$","M","$","E","R","B",null,"M","?"],"character_chosen":"THE_SILENT","items_purchased":["Calculated Gamble"],"campfire_rested":1,"item_purchase_floors":[11],"current_hp_per_floor":[70,70,70,70,70,58,51,51,51,42,42,35,35,13,34,21,58,54,0],"gold":194,"neow_bonus":"BOSS_RELIC","is_prod":false,"is_daily":false,"chose_seed":false,"campfire_upgraded":1,"win_rate":0,"timestamp":1546204901,"path_taken":["M","?","M","?","?","E","?","R","T","?","$","M","?","E","R","BOSS","M","?"],"build_version":"2018-12-25","purchased_purges":1,"victory":false,"max_hp_per_floor":[70,70,70,70,70,70,70,70,70,70,70,70,70,70,70,70,70,70,70],"card_choices":[{"not_picked":["Tactician","Prepared","Bane"],"picked":"SKIP","floor":1},{"not_picked":["Backflip","Flechettes"],"picked":"Dash","floor":3},{"not_picked":["Cloak And Dagger","Deflect"],"picked":"Outmaneuver","floor":5},{"not_picked":["Finisher","Deadly Poison"],"picked":"Outmaneuver","floor":6},{"not_picked":["Bouncing Flask","Poisoned Stab"],"picked":"Choke","floor":10},{"not_picked":["Caltrops","Escape Plan"],"picked":"Acrobatics","floor":12},{"not_picked":["Outmaneuver","Blade Dance","Dodge and Roll"],"picked":"SKIP","floor":14},{"not_picked":["Cloak And Dagger","Choke"],"picked":"Acrobatics","floor":15},{"not_picked":["Burst","Wraith Form v2"],"picked":"A Thousand Cuts","floor":16},{"not_picked":["Concentrate+1","Prepared","Cloak And Dagger"],"picked":"SKIP","floor":18}],"player_experience":358313,"relics_obtained":[{"floor":6,"key":"Pantograph"},{"floor":9,"key":"Paper Crane"},{"floor":10,"key":"Centennial Puzzle"},{"floor":14,"key":"Dream Catcher"}],"event_choices":[{"cards_removed":["Strike_G"],"damage_healed":0,"gold_gain":0,"player_choice":"Card Removal","damage_taken":0,"max_hp_gain":0,"max_hp_loss":0,"event_name":"The Cleric","floor":2,"gold_loss":50},{"cards_removed":["Accuracy"],"damage_healed":0,"gold_gain":0,"player_choice":"Offered Uncommon","damage_taken":0,"max_hp_gain":0,"max_hp_loss":0,"event_name":"Bonfire Elementals","floor":4,"gold_loss":0},{"cards_removed":["Defend_G"],"damage_healed":0,"gold_gain":0,"player_choice":"Card Removal","damage_taken":7,"max_hp_gain":0,"max_hp_loss":0,"event_name":"Golden Wing","floor":7,"gold_loss":0},{"damage_healed":0,"gold_gain":0,"player_choice":"Searched \u00271\u0027 times","damage_taken":0,"max_hp_gain":0,"max_hp_loss":0,"event_name":"Dead Adventurer","floor":10,"gold_loss":0},{"damage_healed":0,"gold_gain":0,"player_choice":"Fight","damage_taken":0,"max_hp_gain":0,"max_hp_loss":0,"event_name":"Colosseum","floor":19,"gold_loss":0},{"damage_healed":0,"gold_gain":0,"player_choice":"Fought Nobs","damage_taken":0,"max_hp_gain":0,"max_hp_loss":0,"event_name":"Colosseum","floor":19,"gold_loss":0}],"is_beta":true,"boss_relics":[{"not_picked":["Cursed Key","Philosopher\u0027s Stone"],"picked":"WristBlade"}],"items_purged_floors":[11],"is_endless":false,"potions_floor_spawned":[1,6,12,19],"killed_by":"Colosseum Nobs","ascension_level":5}