{"gold_per_floor":[118,43,43,43,43,70,84,84,84,64,98,98,110,140,140,140],"floor_reached":16,"playtime":475,"items_purged":["Strike_R"],"score":254,"play_id":"7990e162-bbda-42cc-a6ec-2a9e5e2c9c9d","local_time":"20190208221130","is_ascension_mode":true,"campfire_choices":[{"data":"Ghostly Armor","floor":8,"key":"SMITH"},{"data":"Iron Wave","floor":12,"key":"SMITH"},{"floor":15,"key":"REST"}],"neow_cost":"NONE","seed_source_timestamp":550298088769706,"circlet_count":0,"master_deck":["AscendersBane","Strike_R","Strike_R","Strike_R","Strike_R","Defend_R","Defend_R","Defend_R","Defend_R","Bash","Infernal Blade+1","Ghostly Armor+1","Shrug It Off","Iron Wave+1","Flame Barrier+1"],"relics":["Burning Blood","NeowsBlessing","Potion Belt","Orichalcum","Mummified Hand","Toxic Egg 2","Kunai"],"potions_floor_usage":[14],"damage_taken":[{"damage":0,"enemies":"Cultist","floor":1,"turns":1},{"damage":0,"enemies":"Gremlin Nob","floor":6,"turns":1},{"damage":0,"enemies":"2 Louse","floor":7,"turns":1},{"damage":31,"enemies":"3 Sentries","floor":11,"turns":13},{"damage":0,"enemies":"Jaw Worm","floor":13,"turns":3},{"damage":28,"enemies":"Lagavulin","floor":14,"turns":10},{"damage":58,"enemies":"The Guardian","floor":16,"turns":12}],"seed_played":"5081482745665343189","potions_obtained":[{"floor":6,"key":"AttackPotion"},{"floor":10,"key":"Explosive Potion"},{"floor":11,"key":"SteroidPotion"},{"floor":14,"key":"Strength Potion"}],"is_trial":false,"path_per_floor":["M","$","?","?","$","E","M","R","T","?","E","R","M","E","R","B"],"character_chosen":"IRONCLAD","items_purchased":[],"campfire_rested":1,"item_purchase_floors":[],"current_hp_per_floor":[74,74,74,63,63,69,75,75,75,75,50,50,56,34,56,0],"gold":140,"neow_bonus":"THREE_ENEMY_KILL","is_prod":false,"is_daily":false,"chose_seed":false,"campfire_upgraded":2,"win_rate":0,"timestamp":1549681890,"path_taken":["M","$","?","?","$","E","M","R","T","?","E","R","M","E","R","BOSS"],"build_version":"2019-01-23","purchased_purges":1,"victory":false,"max_hp_per_floor":[75,75,75,75,75,75,75,75,75,75,75,75,75,75,75,75],"card_choices":[{"not_picked":["True Grit","Headbutt"],"picked":"Infernal Blade","floor":1},{"not_picked":["Flex","Havoc"],"picked":"Ghostly Armor","floor":6},{"not_picked":["Entrench","Sentinel"],"picked":"Shrug It Off","floor":7},{"not_picked":["Headbutt","Warcry"],"picked":"Iron Wave","floor":11},{"not_picked":["Havoc+1","Battle Trance+1"],"picked":"Flame Barrier+1","floor":13},{"not_picked":["Limit Break+1","Body Slam","Rupture"],"picked":"SKIP","floor":14}],"player_experience":259665,"relics_obtained":[{"floor":6,"key":"Orichalcum"},{"floor":9,"key":"Mummified Hand"},{"floor":11,"key":"Toxic Egg 2"},{"floor":14,"key":"Kunai"}],"event_choices":[{"damage_healed":0,"gold_gain":0,"player_choice":"Grow","damage_taken":0,"max_hp_gain":0,"max_hp_loss":0,"event_name":"Living Wall","floor":3,"gold_loss":0,"cards_upgraded":["Infernal Blade"]},{"damage_healed":0,"gold_gain":0,"player_choice":"Success","damage_taken":11,"relics_obtained":["Potion Belt"],"max_hp_gain":0,"max_hp_loss":0,"event_name":"Scrap Ooze","floor":4,"gold_loss":0},{"damage_healed":0,"gold_gain":0,"player_choice":"Bought 1 Potion","damage_taken":0,"max_hp_gain":0,"max_hp_loss":0,"event_name":"The Woman in Blue","floor":10,"gold_loss":0}],"is_beta":false,"boss_relics":[],"items_purged_floors":[2],"is_endless":false,"potions_floor_spawned":[6,11,14],"killed_by":"The Guardian","ascension_level":16}