{"path_per_floor":["M","?","?","M","M","E","R","E","T","E","?","E","$","E","R","B",null,"M","?","?","M","M","R","M","E","T","E","?","R","E","M","R","B",null,"M","M","M","?","M","R","?","E","T","R","?","$","E","M","R","B"],"character_chosen":"THE_SILENT","items_purchased":["Trip","Panache","Happy Flower","Strawberry","Well Laid Plans","Deep Breath","Trip","Panacea","Energy Potion"],"gold_per_floor":[114,114,114,129,144,174,174,204,204,234,199,229,150,180,180,280,310,325,325,325,340,355,355,370,400,450,480,480,480,510,525,525,625,625,640,655,670,670,685,685,685,715,715,715,715,9,39,54,54,54],"floor_reached":51,"campfire_rested":3,"playtime":3274,"current_hp_per_floor":[67,60,46,46,46,46,46,46,46,48,65,51,51,51,51,18,75,75,75,75,64,51,51,53,15,15,17,17,39,41,37,59,56,75,64,66,37,27,29,51,51,53,53,53,53,60,49,51,51,23],"items_purged":[],"gold":54,"score":976,"play_id":"f6d09742-148b-42fe-b309-ea0b145577ca","local_time":"20180421224427","daily_mods":["Shiny","Time Dilation","Elite Swarm"],"is_prod":false,"is_daily":true,"chose_seed":false,"is_ascension_mode":false,"campfire_upgraded":2,"timestamp":1524347067,"path_taken":["M","?","?","M","M","E","R","E","T","E","?","E","$","E","R","BOSS","M","?","?","M","M","R","M","E","T","E","?","R","E","?","R","BOSS","M","M","M","?","?","R","?","E","T","R","?","$","E","M","R","BOSS"],"build_version":"2018-04-19","seed_source_timestamp":0,"purchased_purges":1,"victory":true,"master_deck":["Adrenaline","Envenom+1","Doppelganger+1","Burst+1","Wraith Form v2","Venomology+1","Tools of the Trade","Night Terror","Phantasmal Killer","Unload","After Image","Tactician","Bullet Time","Storm of Steel","Glass Knife","Die Die Die+1","A Thousand Cuts","Grand Finale","Eviscerate","Dodge and Roll","Backflip","Adrenaline","Night Terror","Adrenaline","Riddle With Holes+1","Glass Knife+1","Crippling Poison+1","Outmaneuver+1","Flechettes+1","Sadistic Nature","Dark Shackles","Sadistic Nature","Escape Plan+1","Panache","Well Laid Plans","Deep Breath","Trip","Panacea","PiercingWail+1"],"max_hp_per_floor":[70,70,70,70,70,70,70,70,70,70,70,70,70,70,70,70,75,75,75,75,75,75,75,75,75,75,75,75,75,75,75,75,75,75,75,75,75,75,75,75,75,75,75,75,75,82,82,82,82,82],"relics":["Ring of the Snake","Calipers","Paper Crane","Blood Vial","The Courier","Peace Pipe","Bottled Lightning","Tiny House","Vajra","Molten Egg 2","Snake Skull","Matryoshka","Dead Branch","Cursed Key","Centennial Puzzle","Blue Candle","Shovel","Happy Flower","Strawberry","Art of War","Bag of Preparation"],"card_choices":[{"not_picked":["Deadly Poison","Underhanded Strike"],"picked":"Eviscerate","floor":1},{"not_picked":["Malaise","Deflect"],"picked":"Dodge and Roll","floor":4},{"not_picked":["Bane","Finisher"],"picked":"Backflip","floor":5},{"not_picked":["Tools of the Trade","After Image"],"picked":"Adrenaline","floor":8},{"not_picked":["Burst","Storm of Steel"],"picked":"Night Terror","floor":10},{"not_picked":["Flying Knee","Dagger Spray"],"picked":"Riddle With Holes","floor":21},{"not_picked":["Phantasmal Killer","After Image"],"picked":"Glass Knife","floor":25},{"not_picked":["Poisoned Stab","Sucker Punch"],"picked":"Crippling Poison","floor":35},{"not_picked":["Dagger Throw","Flying Knee"],"picked":"Outmaneuver","floor":36},{"not_picked":["PiercingWail","Acrobatics"],"picked":"Flechettes","floor":37},{"not_picked":["Purity","Swift Strike"],"picked":"Sadistic Nature","floor":38},{"not_picked":["Mind Blast","Dramatic Entrance"],"picked":"Dark Shackles","floor":38},{"not_picked":["Dramatic Entrance","Finesse"],"picked":"Sadistic Nature","floor":38},{"not_picked":["Dagger Throw","Poisoned Stab"],"picked":"Escape Plan","floor":39},{"not_picked":["Dodge and Roll","Prepared"],"picked":"PiercingWail","floor":48}],"player_experience":67592,"potions_floor_usage":[6,10,12,14,18,21,24,24,25,25,25,30,31,33,35,36,39,42,42,47,48,50,50,50,50],"damage_taken":[{"damage":3,"enemies":"Small Slimes","floor":1,"turns":3},{"damage":0,"enemies":"Cultist","floor":4,"turns":1},{"damage":0,"enemies":"Jaw Worm","floor":5,"turns":1},{"damage":0,"enemies":"Gremlin Nob","floor":6,"turns":2},{"damage":0,"enemies":"Lagavulin","floor":8,"turns":2},{"damage":0,"enemies":"Gremlin Nob","floor":10,"turns":2},{"damage":16,"enemies":"3 Sentries","floor":12,"turns":3},{"damage":2,"enemies":"Gremlin Nob","floor":14,"turns":3},{"damage":35,"enemies":"Slime Boss","floor":16,"turns":5},{"damage":0,"enemies":"Spheric Guardian","floor":18,"turns":3},{"damage":14,"enemies":"Shell Parasite","floor":21,"turns":4},{"damage":15,"enemies":"Snake Plant","floor":22,"turns":4},{"damage":0,"enemies":"Centurion and Healer","floor":24,"turns":2},{"damage":43,"enemies":"Slavers","floor":25,"turns":3},{"damage":0,"enemies":"Gremlin Leader","floor":27,"turns":3},{"damage":0,"enemies":"Book of Stabbing","floor":30,"turns":2},{"damage":6,"enemies":"Cultist and Chosen","floor":31,"turns":3},{"damage":5,"enemies":"Automaton","floor":33,"turns":4},{"damage":11,"enemies":"Orb Walker","floor":35,"turns":2},{"damage":0,"enemies":"3 Darklings","floor":36,"turns":2},{"damage":31,"enemies":"4 Shapes","floor":37,"turns":3},{"damage":0,"enemies":"Flame Bruiser 2 Orb","floor":39,"turns":2},{"damage":0,"enemies":"Nemesis","floor":42,"turns":1},{"damage":13,"enemies":"Giant Head","floor":47,"turns":2},{"damage":0,"enemies":"Maw","floor":48,"turns":3},{"damage":30,"enemies":"Time Eater","floor":50,"turns":4}],"event_choices":[{"event_name":"Golden Wing","player_choice":"Card Removal","floor":2,"damage_taken":0},{"event_name":"Shining Light","player_choice":"Entered Light","floor":3,"damage_taken":0},{"event_name":"The Cleric","player_choice":"Healed","floor":11,"damage_taken":0},{"event_name":"Accursed Blacksmith","player_choice":"Rummage","floor":19,"damage_taken":0},{"event_name":"Duplicator","player_choice":"One dupe","floor":20,"damage_taken":0},{"event_name":"The Lab","player_choice":"Got Potions","floor":28,"damage_taken":0},{"event_name":"SensoryStone","player_choice":"Memory 3","floor":38,"damage_taken":0},{"event_name":"Tomb of Lord Red Mask","player_choice":"Ignored","floor":41,"damage_taken":0}],"boss_relics":[{"not_picked":["Ectoplasm","Snecko Eye"],"picked":"Tiny House"},{"not_picked":["Calling Bell","Orrery"],"picked":"Cursed Key"}],"potions_floor_spawned":[4,10,16,22,27,30,36,37,47],"seed_played":"1252752020569541507","ascension_level":0,"is_trial":false}