{"gold_per_floor":[115,132,92,112,112,112,137,137,160,176,190,222,222,241,241,337,337,351,351,361,375,387,387,403,437,483,483],"floor_reached":27,"playtime":2463,"items_purged":[],"score":299,"play_id":"4d6c0c17-c09a-4126-8be9-ff7efa859f2a","local_time":"20190131164210","is_ascension_mode":true,"campfire_choices":[{"data":"Envenom","floor":6,"key":"SMITH"},{"data":"Venomology","floor":13,"key":"SMITH"},{"floor":15,"key":"REST"},{"floor":23,"key":"REST"}],"neow_cost":"NONE","seed_source_timestamp":6422125517538,"circlet_count":0,"master_deck":["Survivor","Neutralize","Envenom+1","Outmaneuver","Prepared","Tactician","Flechettes","Poisoned Stab","Bane","Venomology+1","Poisoned Stab","Noxious Fumes","A Thousand Cuts","Leg Sweep","Terror","After Image","Deflect","Infinite Blades","Riddle With Holes","Malaise","Flying Knee","Blur","Flying Knee","Catalyst","Slice","Deadly Poison"],"relics":["Ring of the Snake","Happy Flower","Oddly Smooth Stone","Pandora\u0027s Box","Nloth\u0027s Gift","Bag of Marbles","Potion Belt"],"potions_floor_usage":[12,12,12,12,12,14,16,16,16,16,20,20,21,21,22,24,27,27],"damage_taken":[{"damage":0,"enemies":"Jaw Worm","floor":1,"turns":6},{"damage":0,"enemies":"Cultist","floor":2,"turns":4},{"damage":9,"enemies":"Small Slimes","floor":4,"turns":5},{"damage":21,"enemies":"Lagavulin","floor":7,"turns":8},{"damage":2,"enemies":"Looter","floor":10,"turns":4},{"damage":6,"enemies":"3 Louse","floor":11,"turns":4},{"damage":0,"enemies":"3 Sentries","floor":12,"turns":9},{"damage":0,"enemies":"Lots of Slimes","floor":14,"turns":2},{"damage":31,"enemies":"Slime Boss","floor":16,"turns":12},{"damage":9,"enemies":"Spheric Guardian","floor":18,"turns":6},{"damage":2,"enemies":"2 Thieves","floor":20,"turns":4},{"damage":5,"enemies":"3 Cultists","floor":21,"turns":6},{"damage":30,"enemies":"Cultist and Chosen","floor":22,"turns":7},{"damage":11,"enemies":"Centurion and Healer","floor":24,"turns":7},{"damage":19,"enemies":"Gremlin Leader","floor":25,"turns":7},{"damage":20,"enemies":"Chosen and Byrds","floor":27,"turns":5}],"seed_played":"5354223853529579320","potions_obtained":[{"floor":3,"key":"EntropicBrew"},{"floor":3,"key":"Energy Potion"},{"floor":3,"key":"AttackPotion"},{"floor":4,"key":"GhostInAJar"},{"floor":11,"key":"EssenceOfSteel"},{"floor":12,"key":"Explosive Potion"},{"floor":16,"key":"GhostInAJar"},{"floor":22,"key":"SkillPotion"},{"floor":24,"key":"Energy Potion"},{"floor":25,"key":"Weak Potion"}],"is_trial":false,"path_per_floor":["M","M","?","M","?","R","E","?","T","M","M","E","R","M","R","B",null,"M","?","M","M","M","R","M","E","T","M"],"character_chosen":"THE_SILENT","items_purchased":[],"campfire_rested":2,"item_purchase_floors":[],"current_hp_per_floor":[70,70,70,61,61,61,40,40,40,38,32,32,32,32,53,22,70,61,61,59,54,24,45,34,15,15,0],"gold":483,"neow_bonus":"ONE_RANDOM_RARE_CARD","is_prod":false,"is_daily":false,"chose_seed":false,"campfire_upgraded":2,"win_rate":0,"timestamp":1548949330,"path_taken":["M","M","?","?","?","R","E","?","T","M","M","E","R","M","R","BOSS","M","?","M","M","?","R","?","E","T","M"],"build_version":"2019-01-23","purchased_purges":0,"victory":false,"max_hp_per_floor":[70,70,70,70,70,70,70,70,70,70,70,70,70,70,70,70,70,70,70,70,70,70,70,70,70,70,70],"card_choices":[{"not_picked":["Dagger Spray","Caltrops"],"picked":"Outmaneuver","floor":1},{"not_picked":["Endless Agony","Crippling Poison"],"picked":"Prepared","floor":2},{"not_picked":["Riddle With Holes","Escape Plan"],"picked":"Tactician","floor":4},{"not_picked":["Die Die Die","Caltrops"],"picked":"Poisoned Stab","floor":7},{"not_picked":["Dodge and Roll","Deflect"],"picked":"Bane","floor":10},{"not_picked":["Underhanded Strike","Escape Plan"],"picked":"Venomology","floor":11},{"not_picked":["Underhanded Strike","Acrobatics"],"picked":"Poisoned Stab","floor":12},{"not_picked":["Deadly Poison","Blade Dance"],"picked":"Noxious Fumes","floor":14},{"not_picked":["Prepared","Dash"],"picked":"Blur","floor":18},{"not_picked":["Concentrate","Outmaneuver"],"picked":"Flying Knee","floor":20},{"not_picked":["Bane","Poisoned Stab"],"picked":"Catalyst","floor":21},{"not_picked":["Phantasmal Killer","Catalyst","Outmaneuver"],"picked":"SKIP","floor":22},{"not_picked":["Acrobatics","Burst"],"picked":"Slice","floor":24},{"not_picked":["Die Die Die","Bullet Time"],"picked":"Deadly Poison","floor":25}],"player_experience":126012,"relics_obtained":[{"floor":7,"key":"Happy Flower"},{"floor":9,"key":"Oddly Smooth Stone"},{"floor":12,"key":"Torii"},{"floor":25,"key":"Bag of Marbles"},{"floor":26,"key":"Potion Belt"}],"event_choices":[{"damage_healed":0,"gold_gain":0,"player_choice":"Bought 3 Potions","damage_taken":0,"max_hp_gain":0,"max_hp_loss":0,"event_name":"The Woman in Blue","floor":3,"gold_loss":0},{"damage_healed":0,"gold_gain":0,"cards_transformed":["Strike_G"],"player_choice":"Change","damage_taken":0,"max_hp_gain":0,"max_hp_loss":0,"event_name":"Living Wall","floor":5,"gold_loss":0,"cards_obtained":["Flechettes"]},{"damage_healed":0,"gold_gain":0,"player_choice":"Ignored","damage_taken":0,"max_hp_gain":0,"max_hp_loss":0,"event_name":"Golden Wing","floor":8,"gold_loss":0},{"damage_healed":0,"gold_gain":0,"player_choice":"Traded Relic","damage_taken":0,"relics_obtained":["Nloth\u0027s Gift"],"max_hp_gain":0,"max_hp_loss":0,"event_name":"N\u0027loth","floor":19,"relics_lost":["Torii"],"gold_loss":0}],"is_beta":false,"boss_relics":[{"not_picked":["Eternal Feather","Ectoplasm"],"picked":"Pandora\u0027s Box"}],"items_purged_floors":[],"is_endless":false,"potions_floor_spawned":[4,7,11,12,16,22,24,25],"killed_by":"Chosen and Byrds","ascension_level":2}