{"gold_per_floor":[112,130,80,92,92,92,123,123,170,181,181,234,409,56,56,158,158,171,171,188,138,158,158,184,184,184,210,232,244],"floor_reached":29,"playtime":2055,"items_purged":["Doubt","Shame"],"score":328,"play_id":"bd4092e1-5599-438c-8803-2c198d286028","local_time":"20190108215424","is_ascension_mode":true,"campfire_choices":[{"data":"Underhanded Strike","floor":6,"key":"SMITH"},{"floor":8,"key":"REST"},{"floor":11,"key":"REST"},{"data":"Acrobatics","floor":15,"key":"SMITH"},{"floor":23,"key":"REST"},{"floor":25,"key":"REST"}],"neow_cost":"NONE","seed_source_timestamp":519044161016291,"circlet_count":0,"master_deck":["Defend_G","Defend_G","Defend_G","Defend_G","Strike_G","Strike_G","Strike_G","Strike_G","Survivor","Neutralize","Underhanded Strike+1","Backflip","Acrobatics","Backflip","Acrobatics+1","After Image","Injury","Pain","After Image","Reflex+1"],"relics":["HoveringKite","Vajra","Smiling Mask","Sundial","Calling Bell","PreservedInsect","Mummified Hand","Mango","Matryoshka","Tough Bandages","MawBank"],"potions_floor_usage":[7,7,28],"damage_taken":[{"damage":9,"enemies":"Small Slimes","floor":1,"turns":7},{"damage":2,"enemies":"Cultist","floor":2,"turns":4},{"damage":2,"enemies":"2 Louse","floor":4,"turns":3},{"damage":61,"enemies":"3 Sentries","floor":7,"turns":19},{"damage":9,"enemies":"2 Fungi Beasts","floor":10,"turns":3},{"damage":5,"enemies":"The Guardian","floor":16,"turns":16},{"damage":5,"enemies":"Shell Parasite","floor":18,"turns":7},{"damage":27,"enemies":"Chosen","floor":20,"turns":7},{"damage":24,"enemies":"Snake Plant","floor":22,"turns":9},{"damage":39,"enemies":"Gremlin Leader","floor":24,"turns":10},{"damage":11,"enemies":"Chosen and Byrds","floor":27,"turns":12},{"damage":17,"enemies":"Cultist and Chosen","floor":28,"turns":10},{"damage":4,"enemies":"Snecko","floor":29,"turns":2}],"seed_played":"8349381027272896544","potions_obtained":[{"floor":1,"key":"Weak Potion"},{"floor":4,"key":"Regen Potion"},{"floor":27,"key":"Poison Potion"},{"floor":28,"key":"SpeedPotion"}],"is_trial":false,"path_per_floor":["M","M","?","M","?","R","E","R","T","M","R","?","?","$","R","B",null,"M","?","M","$","M","R","E","R","T","M","M","M"],"character_chosen":"THE_SILENT","items_purchased":["Sundial","Acrobatics"],"campfire_rested":4,"item_purchase_floors":[14,14],"current_hp_per_floor":[54,52,52,50,50,50,4,25,25,16,37,37,37,37,37,32,75,70,70,43,43,19,44,5,30,30,19,2,0],"gold":244,"neow_bonus":"BOSS_RELIC","is_prod":false,"is_daily":false,"chose_seed":false,"campfire_upgraded":2,"win_rate":0,"timestamp":1546984464,"path_taken":["M","M","?","M","?","R","E","R","T","?","R","?","?","$","R","BOSS","M","?","?","$","M","R","E","R","T","M","M","M"],"build_version":"2019-01-07","purchased_purges":2,"victory":false,"max_hp_per_floor":[70,70,70,70,70,70,70,70,70,70,70,70,70,70,70,70,84,84,84,84,84,84,84,84,84,84,84,84,84],"card_choices":[{"not_picked":["Distraction","Slice"],"picked":"Underhanded Strike","floor":1},{"not_picked":["Sucker Punch","Deadly Poison"],"picked":"Backflip","floor":2},{"not_picked":["Outmaneuver","Dagger Throw","Slice"],"picked":"SKIP","floor":4},{"not_picked":["Tactician","Dash"],"picked":"Acrobatics","floor":7},{"not_picked":["Accuracy","Dagger Spray"],"picked":"Backflip","floor":10},{"not_picked":["Glass Knife","Bullet Time"],"picked":"After Image","floor":16},{"not_picked":["Deflect","Endless Agony","Deadly Poison"],"picked":"SKIP","floor":18},{"not_picked":["Masterful Stab","Bane+1","Cloak And Dagger+1"],"picked":"SKIP","floor":20},{"not_picked":["Cloak And Dagger+1","Outmaneuver"],"picked":"Reflex+1","floor":22},{"not_picked":["Underhanded Strike","Quick Slash","Masterful Stab"],"picked":"SKIP","floor":24},{"not_picked":["Bane","Night Terror","Outmaneuver"],"picked":"SKIP","floor":27},{"not_picked":["Backflip","Quick Slash","Cloak And Dagger+1"],"picked":"SKIP","floor":28}],"player_experience":385916,"relics_obtained":[{"floor":7,"key":"Vajra"},{"floor":9,"key":"Smiling Mask"},{"floor":17,"key":"PreservedInsect"},{"floor":17,"key":"Mummified Hand"},{"floor":17,"key":"Mango"},{"floor":24,"key":"Matryoshka"},{"floor":26,"key":"Tough Bandages"},{"floor":26,"key":"MawBank"}],"event_choices":[{"cards_removed":["Defend_G"],"damage_healed":0,"gold_gain":0,"player_choice":"Card Removal","damage_taken":0,"max_hp_gain":0,"max_hp_loss":0,"event_name":"The Cleric","floor":3,"gold_loss":50},{"cards_removed":["Strike_G"],"damage_healed":0,"gold_gain":0,"player_choice":"Purged","damage_taken":0,"max_hp_gain":0,"max_hp_loss":0,"event_name":"Purifier","floor":5,"gold_loss":0},{"damage_healed":0,"gold_gain":53,"player_choice":"Gained Gold","damage_taken":0,"max_hp_gain":0,"max_hp_loss":0,"event_name":"Golden Wing","floor":12,"gold_loss":0},{"damage_healed":0,"gold_gain":175,"player_choice":"AGREE","damage_taken":0,"max_hp_gain":0,"max_hp_loss":0,"event_name":"Liars Game","floor":13,"gold_loss":0,"cards_obtained":["Doubt"]},{"damage_healed":0,"gold_gain":0,"player_choice":"Copied","damage_taken":0,"max_hp_gain":0,"max_hp_loss":0,"event_name":"Duplicator","floor":19,"gold_loss":0,"cards_obtained":["After Image"]}],"is_beta":true,"boss_relics":[{"not_picked":["Sozu","Velvet Choker"],"picked":"Calling Bell"}],"items_purged_floors":[14,21],"is_endless":false,"potions_floor_spawned":[1,4,27,28],"killed_by":"Snecko","ascension_level":7}