{"path_per_floor":["M","M","M","?","?","E","R","T","T","R","M","E","$","M","R","B",null,"M","?","?","$","$","E","M","?","T","$","E","R","M","M","R","B",null,"M","?","B"],"character_chosen":"IRONCLAD","items_purchased":["Whirlwind","Dramatic Entrance","Twin Strike","Bandage Up","Inflame"],"gold_per_floor":[114,129,144,144,144,174,174,199,274,274,289,319,97,112,112,212,212,227,227,227,61,61,91,91,91,141,67,97,97,112,127,127,227,227,272,272,272],"floor_reached":38,"campfire_rested":0,"playtime":1411,"item_purchase_floors":[13,13,13,21,27],"current_hp_per_floor":[77,80,75,68,68,67,67,67,67,67,70,58,58,71,71,31,87,87,87,93,93,93,93,93,93,93,93,90,90,93,93,93,70,93,93,93,64],"items_purged":["Normality"],"gold":272,"score":719,"play_id":"7df4429a-1365-4caa-bc18-9851919923d3","local_time":"20180523192813","daily_mods":["Brewmaster","Lethality","Vintage"],"is_prod":false,"is_daily":true,"chose_seed":false,"is_ascension_mode":false,"campfire_upgraded":5,"win_rate":0.59090906,"timestamp":1527100093,"campfire_choices":[{"data":"Dual Wield","floor":7,"key":"SMITH"},{"data":"Venomology","floor":10,"key":"SMITH"},{"data":"Pummel","floor":15,"key":"SMITH"},{"data":"Dramatic Entrance","floor":29,"key":"SMITH"},{"data":"Whirlwind","floor":32,"key":"SMITH"}],"path_taken":["M","?","M","?","?","E","R","?","T","R","M","E","$","M","R","BOSS","M","?","?","?","$","E","M","?","T","$","E","R","M","M","R","BOSS","M","?","BOSS"],"build_version":"2018-05-22","seed_source_timestamp":0,"purchased_purges":1,"victory":true,"master_deck":["Strike_R","Strike_R","Strike_R","Strike_R","Defend_R","Defend_R","Defend_R","Defend_R+1","Bash","Venomology","Venomology","Venomology","Venomology+1","Venomology+1","Dual Wield+1","Pummel+1","Whirlwind+1","Dramatic Entrance+1","Twin Strike","Reaper","Bandage Up","Flex+1","Inflame","Warcry+1","Demon Form"],"max_hp_per_floor":[80,80,80,80,80,80,80,80,80,80,80,80,80,87,87,87,87,87,87,93,93,93,93,93,93,93,93,93,93,93,93,93,93,93,93,93,93],"relics":["Burning Blood","White Beast Statue","Happy Flower","Bag of Preparation","Bronze Scales","Lantern","Meat on the Bone","Question Card","Art of War","Darkstone Periapt","Boot","War Paint","Strawberry","Potion Belt","Mark of Pain","Toolbox","Pen Nib","Paper Frog","Spirit Poop","Regal Pillow","Singing Bowl","Bag of Marbles","Oddly Smooth Stone","Blue Candle","Black Star","Tiny Chest"],"card_choices":[{"not_picked":["Thunderclap","Clash"],"picked":"Dual Wield","floor":6},{"not_picked":["Iron Wave","Uppercut","Flex"],"picked":"Pummel","floor":12},{"not_picked":["Fiend Fire","Offering","Brutality"],"picked":"Reaper","floor":16},{"not_picked":["Wild Strike+1","Burning Pact","Dark Embrace"],"picked":"Flex+1","floor":23},{"not_picked":["Body Slam","Anger","Twin Strike+1"],"picked":"Warcry+1","floor":28},{"not_picked":["Juggernaut","Exhume","Double Tap"],"picked":"Demon Form","floor":33}],"player_experience":180922,"potions_floor_usage":[1,1,1,2,2,3,3,3,3,6,6,6,6,6,6,11,11,11,11,11,12,12,12,12,12,12,12,16,16,16,16,16,16,18,18,23,23,23,23,23,24,28,28,28,28,28,28,28,33,33,33,33,35,35,37,37,37,37,37,37,37],"damage_taken":[{"damage":9,"enemies":"Cultist","floor":1,"turns":4},{"damage":0,"enemies":"2 Louse","floor":2,"turns":1},{"damage":11,"enemies":"Small Slimes","floor":3,"turns":4},{"damage":21,"enemies":"3 Sentries","floor":6,"turns":6},{"damage":11,"enemies":"Exordium Wildlife","floor":11,"turns":4},{"damage":26,"enemies":"Gremlin Nob","floor":12,"turns":4},{"damage":0,"enemies":"3 Louse","floor":14,"turns":1},{"damage":58,"enemies":"Hexaghost","floor":16,"turns":4},{"damage":0,"enemies":"Shell Parasite","floor":18,"turns":2},{"damage":1,"enemies":"Gremlin Leader","floor":23,"turns":3},{"damage":0,"enemies":"2 Thieves","floor":24,"turns":1},{"damage":18,"enemies":"Book of Stabbing","floor":28,"turns":3},{"damage":0,"enemies":"Snake Plant","floor":30,"turns":1},{"damage":0,"enemies":"3 Cultists","floor":31,"turns":1},{"damage":29,"enemies":"Collector","floor":33,"turns":4},{"damage":0,"enemies":"Orb Walker","floor":35,"turns":1},{"damage":71,"enemies":"Time Eater","floor":37,"turns":6}],"relics_obtained":[{"floor":1,"key":"Happy Flower"},{"floor":2,"key":"Bag of Preparation"},{"floor":3,"key":"Bronze Scales"},{"floor":6,"key":"Question Card"},{"floor":8,"key":"Art of War"},{"floor":9,"key":"Darkstone Periapt"},{"floor":11,"key":"Boot"},{"floor":12,"key":"War Paint"},{"floor":14,"key":"Strawberry"},{"floor":16,"key":"Potion Belt"},{"floor":18,"key":"Toolbox"},{"floor":23,"key":"Paper Frog"},{"floor":26,"key":"Regal Pillow"},{"floor":28,"key":"Singing Bowl"},{"floor":30,"key":"Bag of Marbles"},{"floor":31,"key":"Oddly Smooth Stone"},{"floor":33,"key":"Blue Candle"},{"floor":35,"key":"Tiny Chest"}],"event_choices":[{"event_name":"Scrap Ooze","player_choice":"success","floor":4,"damage_taken":7},{"event_name":"Big Fish","player_choice":"Box","floor":5,"damage_taken":0},{"event_name":"Purifier","player_choice":"One Purge","floor":19,"damage_taken":0},{"event_name":"Accursed Blacksmith","player_choice":"Rummage","floor":20,"damage_taken":0},{"event_name":"Bonfire Elementals","player_choice":"CURSE","floor":25,"damage_taken":0},{"event_name":"SecretPortal","player_choice":"Took Portal.","floor":36,"damage_taken":0}],"boss_relics":[{"not_picked":["Orrery","Ectoplasm"],"picked":"Mark of Pain"},{"not_picked":["Philosopher\u0027s Stone","Calling Bell"],"picked":"Black Star"}],"items_purged_floors":[21],"potions_floor_spawned":[1,2,3,6,11,12,14,16,18,23,24,28,30,31,33,35],"seed_played":"-4877040327349419501","ascension_level":0,"potions_obtained":[{"floor":1,"key":"AttackPotion"},{"floor":6,"key":"GamblersBrew"},{"floor":11,"key":"EssenceOfSteel"},{"floor":12,"key":"SteroidPotion"},{"floor":14,"key":"Poison Potion"},{"floor":16,"key":"Poison Potion"},{"floor":18,"key":"BloodPotion"},{"floor":23,"key":"Explosive Potion"},{"floor":28,"key":"Ancient Potion"},{"floor":30,"key":"Ancient Potion"},{"floor":31,"key":"Ancient Potion"},{"floor":33,"key":"Strength Potion"},{"floor":35,"key":"Weak Potion"}],"is_trial":false}