{"gold_per_floor":[112,112,18,28,40,40,40,40,87,87,121,141,162,182,182,182],"floor_reached":16,"playtime":1060,"items_purged":[],"score":117,"play_id":"a3e026fa-5b04-49eb-82bb-79480bec493b","local_time":"20190204103718","is_ascension_mode":true,"campfire_choices":[{"floor":6,"key":"RECALL"},{"data":"All Out Attack","floor":10,"key":"SMITH"},{"floor":15,"key":"REST"}],"neow_cost":"NONE","seed_source_timestamp":2039219645608,"circlet_count":0,"master_deck":["Defend_G","Defend_G","Defend_G","Defend_G","Defend_G","Strike_G","Strike_G","Strike_G","Strike_G","Strike_G","Survivor","Neutralize","Deflect","Noxious Fumes","Poisoned Stab","All Out Attack+1","Outmaneuver","Regret","Cloak And Dagger","Accuracy","Distraction"],"relics":["Ring of the Snake","Snake Skull","Golden Idol","Oddly Smooth Stone","Bronze Scales"],"potions_floor_usage":[11,16,16],"damage_taken":[{"damage":0,"enemies":"Jaw Worm","floor":1,"turns":7},{"damage":0,"enemies":"2 Louse","floor":4,"turns":3},{"damage":0,"enemies":"Small Slimes","floor":5,"turns":4},{"damage":40,"enemies":"Lagavulin","floor":11,"turns":6},{"damage":3,"enemies":"Exordium Wildlife","floor":12,"turns":4},{"damage":8,"enemies":"Exordium Thugs","floor":13,"turns":5},{"damage":6,"enemies":"Large Slime","floor":14,"turns":4},{"damage":38,"enemies":"Slime Boss","floor":16,"turns":7}],"seed_played":"9003304015847676968","potions_obtained":[{"floor":4,"key":"SteroidPotion"},{"floor":5,"key":"Poison Potion"},{"floor":12,"key":"Strength Potion"},{"floor":14,"key":"SkillPotion"}],"is_trial":false,"path_per_floor":["M","?","$","M","M","R","?","?","T","R","E","M","M","M","R","B"],"character_chosen":"THE_SILENT","items_purchased":["Noxious Fumes","Poisoned Stab"],"campfire_rested":1,"item_purchase_floors":[3,3],"current_hp_per_floor":[77,74,74,74,74,74,71,71,71,71,31,28,20,14,35,0],"gold":182,"neow_bonus":"TEN_PERCENT_HP_BONUS","is_prod":false,"is_daily":false,"chose_seed":false,"campfire_upgraded":1,"win_rate":0,"timestamp":1549273038,"path_taken":["M","?","$","M","M","R","?","?","T","R","E","M","M","?","R","BOSS"],"build_version":"2019-01-23","purchased_purges":0,"victory":false,"max_hp_per_floor":[77,77,77,77,77,77,71,71,71,71,71,71,71,71,71,71],"card_choices":[{"not_picked":["Reflex","Tactician"],"picked":"Deflect","floor":1},{"not_picked":["Dodge and Roll","Acrobatics"],"picked":"All Out Attack","floor":4},{"not_picked":["Endless Agony","Well Laid Plans"],"picked":"Outmaneuver","floor":5},{"not_picked":["Prepared","Tools of the Trade"],"picked":"Cloak And Dagger","floor":11},{"not_picked":["Quick Slash","Crippling Poison","Backflip"],"picked":"SKIP","floor":12},{"not_picked":["Eviscerate","Dodge and Roll"],"picked":"Accuracy","floor":13},{"not_picked":["Dodge and Roll","Choke"],"picked":"Distraction","floor":14}],"player_experience":208778,"relics_obtained":[{"floor":11,"key":"Bronze Scales"}],"event_choices":[{"damage_healed":0,"gold_gain":0,"player_choice":"Success","damage_taken":3,"relics_obtained":["Snake Skull"],"max_hp_gain":0,"max_hp_loss":0,"event_name":"Scrap Ooze","floor":2,"gold_loss":0},{"damage_healed":0,"gold_gain":0,"player_choice":"Lose Max HP","damage_taken":0,"relics_obtained":["Golden Idol"],"max_hp_gain":0,"max_hp_loss":6,"event_name":"Golden Idol","floor":7,"gold_loss":0},{"damage_healed":0,"gold_gain":0,"player_choice":"Box","damage_taken":0,"relics_obtained":["Oddly Smooth Stone"],"max_hp_gain":0,"max_hp_loss":0,"event_name":"Big Fish","floor":8,"gold_loss":0,"cards_obtained":["Regret"]}],"is_beta":false,"boss_relics":[],"items_purged_floors":[],"is_endless":false,"potions_floor_spawned":[4,5,12,14],"killed_by":"Slime Boss","ascension_level":3}