{"gold_per_floor":[112,131,148,148,0,44,44,67,67,108,144,156,168,180,192,330,342],"floor_reached":17,"playtime":612,"items_purged":["Strike_G"],"score":188,"play_id":"ace4fa0a-2811-42c0-a9d5-26093ebfd945","local_time":"20180907195642","is_ascension_mode":false,"campfire_choices":[{"floor":7,"key":"REST"},{"floor":12,"key":"REST"},{"data":"Noxious Fumes","floor":15,"key":"SMITH"}],"neow_cost":"PERCENT_DAMAGE","seed_source_timestamp":104097687633368,"circlet_count":0,"master_deck":["Defend_G","Defend_G","Defend_G","Defend_G","Defend_G","Strike_G","Strike_G","Strike_G","Strike_G","Survivor","Neutralize","Predator","Flechettes","Noxious Fumes+1","PiercingWail","Burst","Adrenaline"],"relics":["Ring of the Snake","Golden Idol","Smiling Mask","Boot","Singing Bowl","MawBank","Vajra"],"potions_floor_usage":[16],"damage_taken":[{"damage":0,"enemies":"Cultist","floor":1,"turns":4},{"damage":0,"enemies":"Small Slimes","floor":2,"turns":3},{"damage":0,"enemies":"2 Louse","floor":3,"turns":2},{"damage":20,"enemies":"Gremlin Nob","floor":6,"turns":5},{"damage":15,"enemies":"3 Sentries","floor":10,"turns":8},{"damage":2,"enemies":"Blue Slaver","floor":11,"turns":4},{"damage":21,"enemies":"Hexaghost","floor":16,"turns":11}],"seed_played":"5116819192332148002","potions_obtained":[{"floor":1,"key":"SpeedPotion"},{"floor":3,"key":"FearPotion"},{"floor":10,"key":"Dexterity Potion"}],"is_trial":false,"path_per_floor":["M","M","M","?","$","E","R","T","T","E","M","R","$","?","R","B"],"character_chosen":"THE_SILENT","items_purchased":["Noxious Fumes"],"campfire_rested":2,"item_purchase_floors":[5],"current_hp_per_floor":[60,60,60,39,39,19,44,44,44,29,29,54,54,54,54,33,33],"gold":342,"neow_bonus":"TWENTY_PERCENT_HP_BONUS","is_prod":false,"is_daily":false,"chose_seed":false,"campfire_upgraded":1,"win_rate":0,"timestamp":1536346602,"path_taken":["M","M","?","?","$","E","R","?","T","E","M","R","$","?","R","BOSS"],"build_version":"2018-09-06","purchased_purges":1,"victory":false,"max_hp_per_floor":[84,84,84,84,84,84,84,84,84,84,86,86,86,86,86,86,86],"card_choices":[{"not_picked":["Reflex","Underhanded Strike"],"picked":"Predator","floor":1},{"not_picked":["Poisoned Stab","Bane"],"picked":"Flechettes","floor":2},{"not_picked":["Underhanded Strike","Riddle With Holes","Skewer"],"picked":"SKIP","floor":3},{"not_picked":["Tactician","Flechettes"],"picked":"PiercingWail","floor":6},{"not_picked":["Backflip","Concentrate"],"picked":"Burst","floor":10},{"not_picked":["Flying Knee","Expertise","Tactician"],"picked":"Singing Bowl","floor":11},{"not_picked":["Phantasmal Killer","Grand Finale"],"picked":"Adrenaline","floor":16}],"player_experience":280888,"relics_obtained":[{"floor":6,"key":"Smiling Mask"},{"floor":8,"key":"Boot"},{"floor":9,"key":"Singing Bowl"},{"floor":10,"key":"MawBank"}],"event_choices":[{"event_name":"Golden Idol","player_choice":"Take Damage","floor":4,"damage_taken":0},{"event_name":"WeMeetAgain","player_choice":"Potion","floor":14,"damage_taken":0}],"is_beta":true,"boss_relics":[],"items_purged_floors":[5],"is_endless":false,"potions_floor_spawned":[1,3,10],"ascension_level":0}