{"gold_per_floor":[118,118,11,22,40,40,68,68,68,96,15,15,49,49,49,128,128,138,138,188,59,78,78,25,25,50,50,84,84],"floor_reached":29,"playtime":798,"items_purged":["Strike_B"],"score":472,"play_id":"a2117766-b356-4b40-9d8a-4a23beec641c","local_time":"20190213013855","is_ascension_mode":true,"campfire_choices":[{"floor":6.0,"key":"REST"},{"floor":8.0,"key":"REST"},{"floor":12.0,"key":"REST"},{"floor":15.0,"key":"REST"},{"data":"Capacitor","floor":23.0,"key":"SMITH"},{"data":"White Noise","floor":25.0,"key":"SMITH"},{"data":"Electrodynamics","floor":27,"key":"SMITH"}],"neow_cost":"NONE","seed_source_timestamp":0,"circlet_count":0,"master_deck":["AscendersBane","Strike_B","Strike_B","Strike_B","Defend_B","Defend_B","Defend_B","Defend_B","Zap","Dualcast+1","White Noise+1","Capacitor+1","Cold Snap","Buffer+1","Coolheaded","Doom and Gloom+1","Compile Driver+1","Electrodynamics+1","Sweeping Beam+1","Ghostly","Ghostly","Ghostly","Consume+1","Go for the Eyes+1","Injury"],"special_seed":0,"relics":["Cracked Core","Pear","Happy Flower","Blue Candle","Molten Egg 2","Question Card","Cursed Key","Juzu Bracelet","Gremlin Horn"],"potions_floor_usage":[29,29],"damage_taken":[{"damage":0.0,"enemies":"2 Louse","floor":1.0,"turns":3.0},{"damage":7.0,"enemies":"Small Slimes","floor":4.0,"turns":3.0},{"damage":7.0,"enemies":"Jaw Worm","floor":5.0,"turns":3.0},{"damage":33.0,"enemies":"Lagavulin","floor":7.0,"turns":9.0},{"damage":50.0,"enemies":"Gremlin Nob","floor":10.0,"turns":7.0},{"damage":19.0,"enemies":"3 Sentries","floor":13.0,"turns":7.0},{"damage":11.0,"enemies":"The Guardian","floor":16.0,"turns":12.0},{"damage":7.0,"enemies":"3 Byrds","floor":18.0,"turns":3.0},{"damage":0.0,"enemies":"Shell Parasite","floor":22.0,"turns":5.0},{"damage":39,"enemies":"Slavers","floor":28,"turns":4},{"damage":10,"enemies":"Colosseum Slavers","floor":29,"turns":1}],"seed_played":"-4541152499424545622","potions_obtained":[{"floor":1.0,"key":"SpeedPotion"},{"floor":4.0,"key":"Dexterity Potion"},{"floor":10.0,"key":"Block Potion"},{"floor":13.0,"key":"LiquidBronze"},{"floor":18.0,"key":"FearPotion"}],"is_trial":false,"path_per_floor":["M","?","$","M","M","R","E","R","T","E","$","R","E","?","R","B",null,"M","?","?","$","M","R","$","R","T","R","E","?"],"character_chosen":"DEFECT","items_purchased":["Fruit Juice","Doom and Gloom+1","Block Potion","Go for the Eyes+1"],"campfire_rested":4,"item_purchase_floors":[3,11,21,24],"current_hp_per_floor":[64,48,53,46,39,64,31,56,56,6,6,31,12,12,37,26,71,64,43,43,43,43,43,43,43,43,43,4,0],"gold":84,"neow_bonus":"UPGRADE_CARD","is_prod":false,"is_daily":false,"chose_seed":false,"campfire_upgraded":3,"win_rate":0,"timestamp":1550039935,"path_taken":["M","?","$","M","M","R","E","R","T","E","$","R","E","?","R","BOSS","M","?","?","$","M","R","$","R","T","R","E","?"],"build_version":"2019-01-23","purchased_purges":1,"victory":false,"max_hp_per_floor":[71,81,86,86,86,86,86,86,86,86,86,86,86,86,86,86,86,86,43,43,43,43,43,43,43,43,43,43,43],"card_choices":[{"not_picked":["Redo","Force Field"],"picked":"White Noise","floor":1.0},{"not_picked":["Lockon","Rip and Tear"],"picked":"Capacitor","floor":4.0},{"not_picked":["Melter","Redo"],"picked":"Cold Snap","floor":5.0},{"not_picked":["Sweeping Beam","Multi-Cast"],"picked":"Buffer","floor":7.0},{"not_picked":["Conserve Battery","Streamline"],"picked":"Coolheaded","floor":10.0},{"not_picked":["Steam","Heatsinks"],"picked":"Compile Driver+1","floor":13.0},{"not_picked":["Seek","Meteor Strike+1","Fission"],"picked":"Electrodynamics","floor":16.0},{"not_picked":["Cold Snap+1","Beam Cell+1","Darkness"],"picked":"Sweeping Beam+1","floor":18.0},{"not_picked":["Hello World","Compile Driver+1","Darkness"],"picked":"Consume+1","floor":22.0},{"not_picked":["Hello World","Ball Lightning+1","Rebound+1","Meteor Strike+1"],"picked":"SKIP","floor":28}],"player_experience":271458,"relics_obtained":[{"floor":7.0,"key":"Happy Flower"},{"floor":9.0,"key":"Blue Candle"},{"floor":10.0,"key":"Molten Egg 2"},{"floor":13.0,"key":"Question Card"},{"floor":26.0,"key":"Juzu Bracelet"},{"floor":28,"key":"Gremlin Horn"}],"event_choices":[{"damage_healed":0.0,"max_hp_gain":0.0,"max_hp_loss":0.0,"gold_gain":0.0,"event_name":"Scrap Ooze","player_choice":"Success","floor":2.0,"gold_loss":0.0,"damage_taken":26.0,"relics_obtained":["Pear"]},{"damage_healed":0.0,"max_hp_gain":0.0,"max_hp_loss":0.0,"gold_gain":0.0,"event_name":"Living Wall","player_choice":"Grow","floor":14.0,"gold_loss":0.0,"damage_taken":0.0,"cards_upgraded":["Buffer"]},{"damage_healed":0.0,"max_hp_gain":0.0,"max_hp_loss":43.0,"gold_gain":0.0,"event_name":"Ghosts","player_choice":"Became a Ghost","floor":19.0,"gold_loss":0.0,"damage_taken":0.0,"cards_obtained":["Ghostly","Ghostly","Ghostly"]},{"damage_healed":0.0,"max_hp_gain":0.0,"max_hp_loss":0.0,"gold_gain":50.0,"event_name":"Nest","player_choice":"Stole From Cult","floor":20.0,"gold_loss":0.0,"damage_taken":0.0},{"damage_healed":0,"gold_gain":0,"player_choice":"Fight","damage_taken":0,"max_hp_gain":0,"max_hp_loss":0,"event_name":"Colosseum","floor":29,"gold_loss":0}],"is_beta":false,"boss_relics":[{"not_picked":["Lizard Tail","Philosopher\u0027s Stone"],"picked":"Cursed Key"}],"items_purged_floors":[21],"is_endless":false,"potions_floor_spawned":[1,4,10,13,18],"killed_by":"Colosseum Slavers","ascension_level":17}