{"gold_per_floor":[117,3,3,21,21,21,54,54,106,123,123,139,39,107,107,203,203,216,216,12,23,23,23,33,33,33,33,78,90,119,162,174,284,296,321,351,363,375,398,410],"floor_reached":40,"playtime":1796,"items_purged":["Strike_B","Strike_B","Defend_B"],"score":700,"play_id":"f1c414e1-5fda-41ce-8475-d610604dbeaa","local_time":"20190212211122","is_ascension_mode":true,"campfire_choices":[{"data":"Zap","floor":6.0,"key":"SMITH"},{"data":"Defragment","floor":11.0,"key":"SMITH"},{"floor":15.0,"key":"REST"},{"data":"Self Repair","floor":23.0,"key":"SMITH"},{"data":"Defragment","floor":25.0,"key":"SMITH"},{"floor":27.0,"key":"DIG"},{"floor":29.0,"key":"DIG"},{"floor":32.0,"key":"DIG"}],"neow_cost":"NONE","seed_source_timestamp":439697429366824,"circlet_count":0,"master_deck":["AscendersBane","Strike_B","Strike_B","Defend_B","Defend_B","Defend_B","Zap+1","Dualcast","Doom and Gloom","Defragment+1","Self Repair+1","Stack","Genetic Algorithm","Ball Lightning","Core Surge","Go for the Eyes","Ghostly","Ghostly","Ghostly","Ghostly","Ghostly","Defragment+1","Capacitor","Go for the Eyes","Redo","Barrage","Cold Snap","Seek","Cold Snap+1","Cold Snap","Madness","Madness","Conserve Battery"],"special_seed":0,"relics":["Cracked Core","GremlinMask","Shovel","Oddly Smooth Stone","Coffee Dripper","Bottled Lightning","MawBank","Ornamental Fan","Pocketwatch","Lantern","Anchor","Velvet Choker"],"potions_floor_usage":[],"damage_taken":[{"damage":2.0,"enemies":"Jaw Worm","floor":1.0,"turns":3.0},{"damage":1.0,"enemies":"Cultist","floor":4.0,"turns":3.0},{"damage":45.0,"enemies":"3 Sentries","floor":7.0,"turns":6.0},{"damage":14.0,"enemies":"Small Slimes","floor":10.0,"turns":4.0},{"damage":20.0,"enemies":"3 Louse","floor":12.0,"turns":4.0},{"damage":34.0,"enemies":"Slime Boss","floor":16.0,"turns":8.0},{"damage":31.0,"enemies":"2 Thieves","floor":18.0,"turns":5.0},{"damage":19.0,"enemies":"3 Byrds","floor":21.0,"turns":6.0},{"damage":3.0,"enemies":"Colosseum Slavers","floor":22.0,"turns":5.0},{"damage":5.0,"enemies":"Shelled Parasite and Fungi","floor":24.0,"turns":7.0},{"damage":15.0,"enemies":"Slavers","floor":28.0,"turns":7.0},{"damage":12.0,"enemies":"Chosen and Byrds","floor":30.0,"turns":5.0},{"damage":3.0,"enemies":"Book of Stabbing","floor":31.0,"turns":6.0},{"damage":19.0,"enemies":"Automaton","floor":33.0,"turns":10.0},{"damage":5.0,"enemies":"3 Darklings","floor":35.0,"turns":7.0},{"damage":16.0,"enemies":"3 Shapes","floor":36.0,"turns":7.0},{"damage":19.0,"enemies":"Jaw Worm Horde","floor":39.0,"turns":5.0},{"damage":25,"enemies":"Giant Head","floor":40,"turns":6}],"seed_played":"4544604927455280414","potions_obtained":[{"floor":7.0,"key":"Weak Potion"},{"floor":16.0,"key":"EntropicBrew"},{"floor":24.0,"key":"PowerPotion"},{"floor":28.0,"key":"Regen Potion"},{"floor":33.0,"key":"PowerPotion"},{"floor":35.0,"key":"FearPotion"}],"is_trial":false,"path_per_floor":["M","$","?","M","$","R","E","?","T","M","R","M","$","?","R","B",null,"M","?","$","M","?","R","M","R","T","R","E","R","M","E","R","B",null,"M","M","?","?","M","E"],"character_chosen":"DEFECT","items_purchased":["Defragment","Defragment"],"campfire_rested":1,"item_purchase_floors":[2,20],"current_hp_per_floor":[73,73,73,72,72,72,34,39,39,32,32,19,19,19,45,18,70,46,43,43,31,35,35,40,40,40,40,35,35,43,43,43,34,41,43,37,37,32,23,0],"gold":410,"neow_bonus":"TEN_PERCENT_HP_BONUS","is_prod":false,"is_daily":false,"chose_seed":false,"campfire_upgraded":4,"win_rate":0,"timestamp":1550034682,"path_taken":["M","$","?","M","?","R","E","?","T","M","R","M","$","?","R","BOSS","M","?","$","M","?","R","M","R","T","R","E","R","M","E","R","BOSS","M","M","?","?","M","E"],"build_version":"2019-01-23","purchased_purges":3,"victory":false,"max_hp_per_floor":[82,82,82,82,82,82,82,87,87,87,87,87,87,87,87,87,87,87,43,43,43,43,43,43,43,43,43,43,43,43,43,43,43,43,43,43,43,43,43,43],"card_choices":[{"not_picked":["Rebound","Double Energy"],"picked":"Doom and Gloom","floor":1.0},{"not_picked":["Hologram","White Noise"],"picked":"Self Repair","floor":4.0},{"not_picked":["Chaos","Blizzard"],"picked":"Stack","floor":7.0},{"not_picked":["Turbo","Streamline"],"picked":"Genetic Algorithm","floor":10.0},{"not_picked":["Undo","Sweeping Beam"],"picked":"Ball Lightning","floor":12.0},{"not_picked":["Fission","Machine Learning"],"picked":"Core Surge","floor":16.0},{"not_picked":["Steam","Gash"],"picked":"Go for the Eyes","floor":18.0},{"not_picked":["Redo","Gash"],"picked":"Capacitor","floor":21.0},{"not_picked":["Reinforced Body","Sunder"],"picked":"Go for the Eyes","floor":24.0},{"not_picked":["Leap","Stack"],"picked":"Redo","floor":28.0},{"not_picked":["Darkness","Rebound"],"picked":"Barrage","floor":30.0},{"not_picked":["Seek","Recycle"],"picked":"Cold Snap","floor":31.0},{"not_picked":["Machine Learning","All For One"],"picked":"Seek","floor":33.0},{"not_picked":["Lockon+1","Compile Driver"],"picked":"Cold Snap+1","floor":35.0},{"not_picked":["Turbo+1","Recycle"],"picked":"Cold Snap","floor":36.0},{"not_picked":["White Noise","Gash"],"picked":"Conserve Battery","floor":39.0}],"player_experience":321610,"relics_obtained":[{"floor":7.0,"key":"Shovel"},{"floor":9.0,"key":"Oddly Smooth Stone"},{"floor":26.0,"key":"Bottled Lightning"},{"floor":27.0,"key":"MawBank"},{"floor":28.0,"key":"Ornamental Fan"},{"floor":29.0,"key":"Pocketwatch"},{"floor":31.0,"key":"Lantern"},{"floor":32.0,"key":"Anchor"}],"event_choices":[{"damage_healed":0.0,"max_hp_gain":0.0,"max_hp_loss":0.0,"gold_gain":0.0,"event_name":"FaceTrader","player_choice":"Trade","floor":3.0,"gold_loss":0.0,"damage_taken":0.0,"relics_obtained":["GremlinMask"]},{"damage_healed":0.0,"max_hp_gain":5.0,"max_hp_loss":0.0,"gold_gain":0.0,"event_name":"Big Fish","player_choice":"Donut","floor":8.0,"gold_loss":0.0,"damage_taken":0.0},{"damage_healed":0.0,"max_hp_gain":0.0,"max_hp_loss":0.0,"gold_gain":68.0,"event_name":"Golden Wing","player_choice":"Gained Gold","floor":14.0,"gold_loss":0.0,"damage_taken":0.0},{"damage_healed":0.0,"max_hp_gain":0.0,"max_hp_loss":44.0,"gold_gain":0.0,"event_name":"Ghosts","player_choice":"Became a Ghost","floor":19.0,"gold_loss":0.0,"damage_taken":0.0,"cards_obtained":["Ghostly","Ghostly","Ghostly","Ghostly","Ghostly"]},{"damage_healed":0.0,"max_hp_gain":0.0,"max_hp_loss":0.0,"gold_gain":0.0,"event_name":"Colosseum","player_choice":"Fight","floor":22.0,"gold_loss":0.0,"damage_taken":0.0},{"damage_healed":0.0,"max_hp_gain":0.0,"max_hp_loss":0.0,"gold_gain":0.0,"event_name":"Colosseum","player_choice":"Fled From Nobs","floor":22.0,"gold_loss":0.0,"damage_taken":0.0},{"damage_healed":0.0,"max_hp_gain":0.0,"max_hp_loss":0.0,"gold_gain":0.0,"event_name":"Tomb of Lord Red Mask","player_choice":"Ignored","floor":37.0,"gold_loss":0.0,"damage_taken":0.0},{"damage_healed":0.0,"max_hp_gain":0.0,"max_hp_loss":0.0,"gold_gain":0.0,"event_name":"Winding Halls","player_choice":"Embrace Madness","floor":38.0,"gold_loss":0.0,"damage_taken":5.0,"cards_obtained":["Madness","Madness"]}],"is_beta":false,"boss_relics":[{"not_picked":["Empty Cage","Calling Bell"],"picked":"Coffee Dripper"},{"not_picked":["Orrery","Black Star"],"picked":"Velvet Choker"}],"items_purged_floors":[2,13,20],"is_endless":false,"potions_floor_spawned":[7,16,24,28,33,35,36],"killed_by":"Giant Head","ascension_level":12}