{"path_per_floor":["M","?","M","M","?","R","M","E","T","M","R","M","$","?","R","B",null,"M","$","M","M","$","R","M","R","T","M","R","?","?","M","R"],"character_chosen":"DEFECT","items_purchased":["Mercury Hourglass","Gremlin Horn","Anchor","Bronze Scales"],"gold_per_floor":[359,434,445,464,464,464,479,514,514,529,529,545,36,136,136,240,270,282,135,148,167,18,18,30,30,55,68,68,68,68,68,68,68],"floor_reached":33,"campfire_rested":6,"playtime":1053,"current_hp_per_floor":[61,50,50,50,43,65,55,33,33,23,45,35,35,35,57,41,72,72,72,41,12,12,36,25,49,49,31,55,55,55,60,60,0],"items_purged":[],"gold":68,"score":349,"play_id":"14f7b859-dcd6-4ddd-9891-8c7d1e0d1965","local_time":"20180514185358","is_prod":false,"is_daily":false,"chose_seed":false,"is_ascension_mode":true,"campfire_upgraded":1,"timestamp":1526349238,"path_taken":["BOSS","M","?","M","M","?","R","M","E","T","M","R","?","$","?","R","BOSS","M","$","M","M","$","R","M","R","T","M","R","?","?","M","R","BOSS"],"build_version":"2018-05-12v2","seed_source_timestamp":0,"purchased_purges":0,"victory":false,"master_deck":["Strike_B","Strike_B","Strike_B","Strike_B","Defend_B","Defend_B","Defend_B","Defend_B","Zap","Dualcast","Glacier+1","Axe Kick","FTL","Ball Lightning","Sunder+1","Ball Lightning","BootSequence","Ball Lightning+1"],"max_hp_per_floor":[75,75,75,75,75,75,75,75,75,75,75,75,75,75,75,75,80,80,80,80,80,80,80,80,80,80,82,82,82,82,87,87,87],"relics":["Cracked Core","Frozen Egg 2","Mercury Hourglass","Gremlin Horn","Tiny House","Anchor","Bronze Scales","Singing Bowl","Nloth\u0027s Gift"],"card_choices":[{"not_picked":["Skim","Hologram","Barrage"],"picked":"SKIP","floor":1},{"not_picked":["Beam Cell","Coolheaded"],"picked":"Glacier","floor":3},{"not_picked":["Double Energy","Capacitor"],"picked":"Axe Kick","floor":4},{"not_picked":["Redo","Streamline"],"picked":"FTL","floor":7},{"not_picked":["Redo","Streamline"],"picked":"Ball Lightning","floor":8},{"not_picked":["Darkness","Cold Snap"],"picked":"Sunder","floor":10},{"not_picked":["Machine Learning+1","Axe Kick"],"picked":"Ball Lightning","floor":12},{"not_picked":["Cold Snap","Go for the Eyes"],"picked":"BootSequence","floor":17},{"not_picked":["Skim","Stack","Cold Snap"],"picked":"SKIP","floor":18},{"not_picked":["Sweeping Beam","Undo","Streamline+1"],"picked":"SKIP","floor":20},{"not_picked":["Coolheaded","Blizzard","Darkness"],"picked":"SKIP","floor":21},{"not_picked":["Loop+1","Force Field"],"picked":"Ball Lightning+1","floor":24},{"not_picked":["Melter","Coolheaded+1","Storm+1"],"picked":"Singing Bowl","floor":27}],"player_experience":244445,"potions_floor_usage":[7,16,16,20,21,24,24,27,31,31,31,31,33],"damage_taken":[{"damage":7,"enemies":"Jaw Worm","floor":1,"turns":3},{"damage":0,"enemies":"Small Slimes","floor":3,"turns":2},{"damage":0,"enemies":"2 Louse","floor":4,"turns":1},{"damage":10,"enemies":"Large Slime","floor":7,"turns":7},{"damage":22,"enemies":"Lagavulin","floor":8,"turns":7},{"damage":10,"enemies":"Exordium Wildlife","floor":10,"turns":2},{"damage":10,"enemies":"Gremlin Gang","floor":12,"turns":3},{"damage":16,"enemies":"Slime Boss","floor":16,"turns":4},{"damage":0,"enemies":"Spheric Guardian","floor":18,"turns":3},{"damage":31,"enemies":"Chosen","floor":20,"turns":5},{"damage":29,"enemies":"Snake Plant","floor":21,"turns":4},{"damage":11,"enemies":"Centurion and Healer","floor":24,"turns":7},{"damage":20,"enemies":"Cultist and Chosen","floor":27,"turns":6},{"damage":0,"enemies":"Snecko","floor":31,"turns":3},{"damage":74,"enemies":"Champ","floor":33,"turns":10}],"event_choices":[{"event_name":"World of Goop","player_choice":"Gather Gold","floor":2,"damage_taken":0},{"event_name":"Golden Wing","player_choice":"Card Removal","floor":5,"damage_taken":0},{"event_name":"Golden Shrine","player_choice":"Pray","floor":14,"damage_taken":0},{"event_name":"N\u0027loth","player_choice":"Traded a Dodecahedron","floor":29,"damage_taken":0},{"event_name":"Drug Dealer","player_choice":"Ignored","floor":30,"damage_taken":0}],"boss_relics":[{"not_picked":["Inserter","White Beast Statue"],"picked":"Tiny House"}],"potions_floor_spawned":[4,8,10,16,21,27],"seed_played":"4341795784551586256","killed_by":"Champ","ascension_level":8,"is_trial":false}