{"path_per_floor":["M","?","?","?","M","R","M","?","T","E","$","R","?","E","R","B",null,"M","$","M","?","M","R","M","M","T","R","?","R","T","$","R","B",null,"M","M","$","M","M","E","R","M","T","M","R","E","M","T","R"],"character_chosen":"DEFECT","items_purchased":["Flash of Steel","Madness","Purity","Swift Potion"],"gold_per_floor":[116,116,116,116,134,134,146,146,146,171,69,69,69,102,102,205,205,223,51,67,0,16,16,35,47,97,97,97,97,152,46,46,141,141,155,166,16,28,41,100,100,118,118,131,131,165,182,205,205,205],"floor_reached":50,"campfire_rested":3,"playtime":2705,"current_hp_per_floor":[74,62,47,47,47,47,42,42,42,34,34,34,52,31,53,42,75,75,72,72,72,63,63,62,62,62,62,49,72,72,72,72,77,77,62,62,62,62,62,62,77,77,77,77,77,77,77,77,77,0],"items_purged":["Parasite","Defend_B"],"gold":205,"score":635,"play_id":"386a1b87-ff7a-43a8-82a0-f5a920d0db60","local_time":"20180504151934","is_prod":false,"is_daily":false,"chose_seed":false,"is_ascension_mode":false,"campfire_upgraded":7,"timestamp":1525472374,"path_taken":["M","?","?","?","M","R","?","?","T","E","$","R","?","E","R","BOSS","M","$","M","?","M","R","?","M","T","R","?","R","?","$","R","BOSS","M","M","$","M","M","E","R","?","T","M","R","E","M","?","R","BOSS"],"build_version":"2018-05-03","seed_source_timestamp":1456962504771495,"purchased_purges":2,"victory":false,"master_deck":["Strike_B+1","Strike_B","Strike_B+1","Strike_B+1","Defend_B+1","Defend_B+1","Zap+1","Dualcast+1","Scrape+1","Reprogram+1","Flash of Steel+1","Seek+1","Seek+1","Skim+1","Madness+1","Purity+1","Reboot+1","Go for the Eyes+1"],"max_hp_per_floor":[75,75,75,75,75,75,75,75,75,75,75,75,75,75,75,75,75,75,72,72,72,72,72,72,72,72,72,77,77,77,77,77,77,77,77,77,77,77,77,77,77,77,77,77,77,77,77,77,77,77],"relics":["Cracked Core","Toxic Egg 2","Pantograph","Ancient Tea Set","Dream Catcher","Runic Dome","Anchor","Vajra","Nuclear Battery","Tiny Chest","Blood Vial","Mercury Hourglass","Bag of Marbles"],"card_choices":[{"not_picked":["Beam Cell","Melter"],"picked":"Reprogram","floor":5},{"not_picked":["Axe Kick","Stack"],"picked":"Seek","floor":14},{"not_picked":["Rainbow","Prime"],"picked":"Seek","floor":16},{"not_picked":["Ball Lightning","Hologram"],"picked":"Skim","floor":18},{"not_picked":["Fission","Hyperbeam"],"picked":"Reboot","floor":33},{"not_picked":["Leap","Capacitor"],"picked":"Go for the Eyes","floor":47}],"player_experience":152382,"potions_floor_usage":[10,14,16,16,33,33,35,39,39,50,50],"damage_taken":[{"damage":1,"enemies":"Jaw Worm","floor":1,"turns":3},{"damage":0,"enemies":"2 Louse","floor":5,"turns":2},{"damage":5,"enemies":"Small Slimes","floor":7,"turns":2},{"damage":8,"enemies":"3 Sentries","floor":10,"turns":4},{"damage":21,"enemies":"Lagavulin","floor":14,"turns":5},{"damage":33,"enemies":"Hexaghost","floor":16,"turns":9},{"damage":0,"enemies":"Spheric Guardian","floor":18,"turns":1},{"damage":0,"enemies":"2 Thieves","floor":20,"turns":1},{"damage":9,"enemies":"Centurion and Healer","floor":22,"turns":6},{"damage":1,"enemies":"3 Cultists","floor":24,"turns":3},{"damage":0,"enemies":"Snake Plant","floor":25,"turns":1},{"damage":0,"enemies":"Collector","floor":33,"turns":1},{"damage":15,"enemies":"3 Shapes","floor":35,"turns":3},{"damage":0,"enemies":"3 Darklings","floor":36,"turns":2},{"damage":0,"enemies":"Spire Growth","floor":38,"turns":1},{"damage":0,"enemies":"Maw","floor":39,"turns":1},{"damage":0,"enemies":"Giant Head","floor":40,"turns":1},{"damage":0,"enemies":"Sphere and 2 Shapes","floor":42,"turns":1},{"damage":0,"enemies":"3 Darklings","floor":44,"turns":1},{"damage":0,"enemies":"2 Orb Walkers","floor":46,"turns":1},{"damage":0,"enemies":"Spire Growth","floor":47,"turns":1},{"damage":79,"enemies":"Time Eater","floor":50,"turns":8}],"event_choices":[{"event_name":"Scrap Ooze","player_choice":"success","floor":2,"damage_taken":12},{"event_name":"Shining Light","player_choice":"Entered Light","floor":3,"damage_taken":0},{"event_name":"Golden Idol","player_choice":"Ignored","floor":4,"damage_taken":0},{"event_name":"The Lab","player_choice":"Got Potions","floor":8,"damage_taken":0},{"event_name":"Mushrooms","player_choice":"Healed and dodged fight","floor":13,"damage_taken":0},{"event_name":"Masked Bandits","player_choice":"Paid Bandits 67 gold","floor":21,"damage_taken":0},{"event_name":"Forgotten Altar","player_choice":"Shed Blood","floor":28,"damage_taken":0}],"boss_relics":[{"not_picked":["Cursed Key","Astrolabe"],"picked":"Runic Dome"},{"not_picked":["Runic Pyramid","Calling Bell"],"picked":"Nuclear Battery"}],"potions_floor_spawned":[10,14,16,20,22,35,36,40,42,44],"seed_played":"-821450942939914270","killed_by":"Time Eater","ascension_level":0,"is_trial":false}