{"gold_per_floor":[111,111,286,305,305,305,324,324,377,403,434,476,488,500,512,524],"floor_reached":16,"playtime":587,"items_purged":[],"score":146,"play_id":"a9af4f66-f708-44dd-8927-f4a4e7fd7143","local_time":"20190121044336","is_ascension_mode":true,"campfire_choices":[{"data":"Corruption","floor":6,"key":"SMITH"},{"data":"Dark Embrace","floor":8,"key":"SMITH"},{"data":"Feel No Pain","floor":13,"key":"SMITH"},{"floor":15,"key":"REST"}],"neow_cost":"NONE","seed_source_timestamp":909048410973941,"circlet_count":0,"master_deck":["Strike_R","Strike_R","Strike_R","Strike_R","Defend_R","Defend_R","Defend_R","Defend_R","Bash","Dark Embrace+1","Battle Trance","Doubt","Iron Wave","Corruption+1","Sever Soul","Headbutt","Feel No Pain+1","Seeing Red","Regret"],"relics":["Burning Blood","Oddly Smooth Stone","Strawberry","MawBank","Anchor","Bag of Marbles"],"potions_floor_usage":[10,12,12],"damage_taken":[{"damage":10,"enemies":"Jaw Worm","floor":1,"turns":6},{"damage":8,"enemies":"Small Slimes","floor":4,"turns":6},{"damage":2,"enemies":"2 Louse","floor":7,"turns":4},{"damage":16,"enemies":"Lagavulin","floor":10,"turns":6},{"damage":8,"enemies":"Blue Slaver","floor":11,"turns":3},{"damage":38,"enemies":"Gremlin Nob","floor":12,"turns":6},{"damage":69,"enemies":"The Guardian","floor":16,"turns":11}],"seed_played":"-468183487508317122","potions_obtained":[{"floor":1,"key":"Ancient Potion"},{"floor":4,"key":"Swift Potion"},{"floor":7,"key":"SteroidPotion"}],"is_trial":false,"path_per_floor":["M","?","?","M","?","R","M","R","T","E","M","E","R","?","R","B"],"character_chosen":"IRONCLAD","items_purchased":[],"campfire_rested":1,"item_purchase_floors":[],"current_hp_per_floor":[68,50,50,48,48,48,52,52,59,49,47,15,15,15,41,0],"gold":524,"neow_bonus":"ONE_RANDOM_RARE_CARD","is_prod":false,"is_daily":false,"chose_seed":false,"campfire_upgraded":3,"win_rate":0,"timestamp":1548045816,"path_taken":["M","?","?","M","?","R","M","R","T","E","M","E","R","?","R","BOSS"],"build_version":"2019-01-19","purchased_purges":0,"victory":false,"max_hp_per_floor":[80,80,80,80,80,80,80,80,87,87,87,87,87,87,87,87],"card_choices":[{"not_picked":["Heavy Blade","Spot Weakness"],"picked":"Battle Trance","floor":1},{"not_picked":["Anger","Flex"],"picked":"Iron Wave","floor":4},{"not_picked":["Twin Strike","Whirlwind"],"picked":"Sever Soul","floor":7},{"not_picked":["Cleave","Twin Strike"],"picked":"Headbutt","floor":10},{"not_picked":["Heavy Blade","Clothesline"],"picked":"Feel No Pain","floor":11},{"not_picked":["Entrench","Impervious"],"picked":"Seeing Red","floor":12}],"player_experience":441692,"relics_obtained":[{"floor":9,"key":"Strawberry"},{"floor":10,"key":"MawBank"},{"floor":12,"key":"Anchor"}],"event_choices":[{"damage_healed":0,"gold_gain":0,"player_choice":"Success","damage_taken":18,"relics_obtained":["Oddly Smooth Stone"],"max_hp_gain":0,"max_hp_loss":0,"event_name":"Scrap Ooze","floor":2,"gold_loss":0},{"damage_healed":0,"gold_gain":175,"player_choice":"AGREE","damage_taken":0,"max_hp_gain":0,"max_hp_loss":0,"event_name":"Liars Game","floor":3,"gold_loss":0,"cards_obtained":["Doubt"]},{"damage_healed":0,"gold_gain":0,"cards_transformed":["Strike_R"],"player_choice":"Change","damage_taken":0,"max_hp_gain":0,"max_hp_loss":0,"event_name":"Living Wall","floor":5,"gold_loss":0,"cards_obtained":["Corruption"]},{"damage_healed":0,"gold_gain":0,"player_choice":"Box","damage_taken":0,"relics_obtained":["Bag of Marbles"],"max_hp_gain":0,"max_hp_loss":0,"event_name":"Big Fish","floor":14,"gold_loss":0,"cards_obtained":["Regret"]}],"is_beta":true,"boss_relics":[],"items_purged_floors":[],"is_endless":false,"potions_floor_spawned":[1,4,7],"killed_by":"The Guardian","ascension_level":7}