{"gold_per_floor":[218,17,35,49,49,49,65,65,65,80,90,109,109,134,134,206,206,224,324,16,16,27,27,57,68,68,31,42,55,68,81,81,159,159,174,99,117,117,166,196,196,206,232,232,248,248,248,13,13,13],"floor_reached":51,"playtime":3241,"items_purged":["Strike_B","Strike_B+1"],"score":1339,"play_id":"24686982-bba9-4630-8256-367b1f1bd370","local_time":"20190213181856","is_ascension_mode":true,"campfire_choices":[{"data":"Steam","floor":6,"key":"SMITH"},{"data":"Go for the Eyes","floor":8,"key":"SMITH"},{"data":"Coolheaded","floor":13,"key":"SMITH"},{"data":"Leap","floor":15,"key":"SMITH"},{"floor":23,"key":"REST"},{"floor":32,"key":"REST"},{"data":"Steam","floor":41,"key":"SMITH"},{"data":"Creative AI","floor":44,"key":"SMITH"},{"data":"Coolheaded","floor":46,"key":"SMITH"},{"data":"Biased Cognition","floor":49,"key":"SMITH"}],"neow_cost":"NONE","seed_source_timestamp":1884427304888691,"circlet_count":0,"master_deck":["AscendersBane","Strike_B+1","Strike_B+1","Defend_B+1","Defend_B+1","Defend_B+1","Defend_B+1","Zap+1","Dualcast+1","Leap+1","Steam+1","Compile Driver+1","Go for the Eyes+1","Sunder+1","Rip and Tear+1","Coolheaded+1","Cold Snap+1","Echo Form+1","Melter+1","BootSequence+1","Beam Cell+1","FTL+1","Auto Shields+1","Self Repair+1","Compile Driver+1","Barrage+1","Creative AI+1","Master of Strategy+1","Coolheaded+1","Steam+1","Consume+1","Biased Cognition+1"],"relics":["Cracked Core","Runic Capacitor","Molten Egg 2","Gremlin Horn","Sozu","Gambling Chip","Bottled Flame","Bottled Tornado","Mercury Hourglass","Kunai","Coffee Dripper","Incense Burner","Art of War","Anchor","Mark of the Bloom"],"potions_floor_usage":[14,19],"damage_taken":[{"damage":1,"enemies":"Cultist","floor":1,"turns":3},{"damage":6,"enemies":"Small Slimes","floor":3,"turns":3},{"damage":0,"enemies":"2 Louse","floor":4,"turns":2},{"damage":6,"enemies":"Looter","floor":7,"turns":3},{"damage":0,"enemies":"Large Slime","floor":10,"turns":5},{"damage":0,"enemies":"3 Louse","floor":11,"turns":3},{"damage":0,"enemies":"Gremlin Gang","floor":12,"turns":3},{"damage":0,"enemies":"Gremlin Nob","floor":14,"turns":2},{"damage":10,"enemies":"The Guardian","floor":16,"turns":11},{"damage":11,"enemies":"Spheric Guardian","floor":18,"turns":3},{"damage":15,"enemies":"Colosseum Slavers","floor":19,"turns":4},{"damage":15,"enemies":"Colosseum Nobs","floor":19,"turns":5},{"damage":0,"enemies":"2 Thieves","floor":22,"turns":3},{"damage":15,"enemies":"Gremlin Leader","floor":24,"turns":4},{"damage":0,"enemies":"Shelled Parasite and Fungi","floor":25,"turns":3},{"damage":0,"enemies":"Snecko","floor":28,"turns":4},{"damage":0,"enemies":"Chosen and Byrds","floor":29,"turns":3},{"damage":12,"enemies":"Centurion and Healer","floor":30,"turns":5},{"damage":0,"enemies":"3 Cultists","floor":31,"turns":3},{"damage":26,"enemies":"Champ","floor":33,"turns":9},{"damage":8,"enemies":"3 Shapes","floor":35,"turns":5},{"damage":1,"enemies":"Orb Walker","floor":37,"turns":3},{"damage":43,"enemies":"2 Orb Walkers","floor":39,"turns":5},{"damage":0,"enemies":"Reptomancer","floor":40,"turns":4},{"damage":0,"enemies":"Transient","floor":42,"turns":5},{"damage":0,"enemies":"3 Darklings","floor":45,"turns":5},{"damage":0,"enemies":"Awakened One","floor":50,"turns":13}],"seed_played":"-862031582165049578","potions_obtained":[{"floor":1,"key":"Poison Potion"},{"floor":10,"key":"Dexterity Potion"},{"floor":12,"key":"SteroidPotion"}],"is_trial":false,"path_per_floor":["M","$","M","M","?","R","M","R","T","M","M","M","R","E","R","B",null,"M","?","$","?","M","R","E","M","T","$","M","M","M","M","R","B",null,"M","$","M","?","?","E","R","M","T","R","M","R","?","$","R","B",null],"character_chosen":"DEFECT","items_purchased":["Runic Capacitor","Bottled Tornado","Beam Cell+1","FTL+1","Biased Cognition"],"campfire_rested":2,"item_purchase_floors":[2,20,20,27,48],"current_hp_per_floor":[63,63,57,57,57,57,51,51,51,51,51,51,51,51,51,41,64,53,23,23,23,23,44,29,29,29,29,29,29,37,37,58,42,64,71,71,70,60,27,37,37,47,47,47,67,67,67,67,67,67],"gold":13,"neow_bonus":"HUNDRED_GOLD","is_prod":false,"is_daily":false,"chose_seed":false,"campfire_upgraded":8,"win_rate":0,"timestamp":1550049536,"path_taken":["M","$","M","M","?","R","M","R","T","M","?","M","R","E","R","BOSS","M","?","$","?","M","R","E","M","T","$","M","M","M","M","R","BOSS","M","$","M","?","?","E","R","M","T","R","M","R","?","$","R","BOSS"],"build_version":"2019-01-23","purchased_purges":2,"victory":true,"max_hp_per_floor":[71,71,71,71,71,71,71,71,71,71,71,71,71,71,71,71,71,71,71,71,71,71,71,71,71,71,71,71,71,71,71,71,71,71,71,71,71,71,71,71,71,71,71,71,71,71,71,71,71,71],"card_choices":[{"not_picked":["Double Energy","Undo"],"picked":"Leap","floor":1},{"not_picked":["Scrape","Gash"],"picked":"Steam","floor":3},{"not_picked":["Steam","Sweeping Beam"],"picked":"Compile Driver","floor":4},{"not_picked":["Steam","Sweeping Beam"],"picked":"Go for the Eyes","floor":7},{"not_picked":["Fission","Aggregate"],"picked":"Sunder+1","floor":10},{"not_picked":["Turbo","Beam Cell+1"],"picked":"Rip and Tear+1","floor":11},{"not_picked":["Conserve Battery","Tempest"],"picked":"Coolheaded","floor":12},{"not_picked":["Heatsinks","Hologram"],"picked":"Cold Snap+1","floor":14},{"not_picked":["All For One+1","Reboot"],"picked":"Echo Form","floor":16},{"not_picked":["Compile Driver+1","Darkness"],"picked":"Melter+1","floor":18},{"not_picked":["Stack","Turbo+1"],"picked":"BootSequence+1","floor":19},{"not_picked":["Streamline+1","Turbo","Steam"],"picked":"SKIP","floor":22},{"not_picked":["Turbo","Steam","Force Field"],"picked":"SKIP","floor":24},{"not_picked":["Sunder+1","Compile Driver+1","Darkness"],"picked":"SKIP","floor":25},{"not_picked":["Rip and Tear+1","Double Energy"],"picked":"Auto Shields","floor":28},{"not_picked":["Skim","Force Field"],"picked":"Self Repair+1","floor":29},{"not_picked":["Go for the Eyes+1","Sunder+1"],"picked":"Compile Driver+1","floor":30},{"not_picked":["Heatsinks","Static Discharge"],"picked":"Barrage+1","floor":31},{"not_picked":["Biased Cognition","Fission"],"picked":"Creative AI","floor":33},{"not_picked":["Beam Cell+1","Leap","Self Repair"],"picked":"SKIP","floor":35},{"not_picked":["Rip and Tear+1","Compile Driver+1","Beam Cell+1"],"picked":"SKIP","floor":37},{"not_picked":["Discovery","Purity"],"picked":"Master of Strategy","floor":38},{"not_picked":["Fusion","Streamline+1"],"picked":"Coolheaded","floor":39},{"not_picked":["Streamline+1","Gash+1","Steam"],"picked":"SKIP","floor":40},{"not_picked":["Streamline+1","Gash+1"],"picked":"Steam","floor":40},{"not_picked":["White Noise","Scrape+1","Sweeping Beam+1"],"picked":"SKIP","floor":42},{"not_picked":["Stack","Force Field"],"picked":"Consume+1","floor":45}],"player_experience":996386,"relics_obtained":[{"floor":9,"key":"Molten Egg 2"},{"floor":14,"key":"Gremlin Horn"},{"floor":19,"key":"Gambling Chip"},{"floor":19,"key":"Bottled Flame"},{"floor":24,"key":"Mercury Hourglass"},{"floor":26,"key":"Kunai"},{"floor":39,"key":"Incense Burner"},{"floor":40,"key":"Art of War"},{"floor":43,"key":"Anchor"}],"event_choices":[{"damage_healed":0,"gold_gain":0,"player_choice":"Upgraded","damage_taken":0,"max_hp_gain":0,"max_hp_loss":0,"event_name":"Upgrade Shrine","floor":5,"gold_loss":0,"cards_upgraded":["Zap"]},{"damage_healed":0,"gold_gain":0,"player_choice":"Fight","damage_taken":0,"max_hp_gain":0,"max_hp_loss":0,"event_name":"Colosseum","floor":19,"gold_loss":0},{"damage_healed":0,"gold_gain":0,"player_choice":"Fought Nobs","damage_taken":0,"max_hp_gain":0,"max_hp_loss":0,"event_name":"Colosseum","floor":19,"gold_loss":0},{"damage_healed":0,"gold_gain":0,"player_choice":"Ignored","damage_taken":0,"max_hp_gain":0,"max_hp_loss":0,"event_name":"Cursed Tome","floor":21,"gold_loss":0},{"damage_healed":0,"gold_gain":0,"player_choice":"Memory 3","damage_taken":10,"max_hp_gain":0,"max_hp_loss":0,"event_name":"SensoryStone","floor":38,"gold_loss":0},{"damage_healed":0,"gold_gain":0,"player_choice":"Fight","damage_taken":0,"max_hp_gain":0,"max_hp_loss":0,"event_name":"Mysterious Sphere","floor":39,"gold_loss":0},{"damage_healed":0,"gold_gain":0,"player_choice":"Upgrade","damage_taken":0,"relics_obtained":["Mark of the Bloom"],"max_hp_gain":0,"max_hp_loss":0,"event_name":"MindBloom","floor":47,"gold_loss":0,"cards_upgraded":["Strike_B","Strike_B","Strike_B","Defend_B","Defend_B","Defend_B","Defend_B","Dualcast","Compile Driver","Echo Form","Auto Shields","Master of Strategy"]}],"is_beta":false,"boss_relics":[{"not_picked":["Philosopher\u0027s Stone","Calling Bell"],"picked":"Sozu"},{"not_picked":["Orrery","Lizard Tail"],"picked":"Coffee Dripper"}],"items_purged_floors":[36,48],"is_endless":false,"potions_floor_spawned":[1,10,11,12,22,25,29,31,35,39,42],"ascension_level":15}