{"path_per_floor":["M","?","?","M","M","R","E","R","T","M","T","T","M","M","R","B",null,"M","?","?","T","$","E","M","R","T","E","M","R","?","M","R"],"character_chosen":"DEFECT","items_purchased":["Cables","Reinforced Body","Reprogram"],"gold_per_floor":[117,117,117,137,156,156,183,183,208,221,221,221,233,243,243,345,345,355,535,450,450,5,38,55,55,82,147,162,162,162,172,172,172],"floor_reached":33,"campfire_rested":2,"playtime":1694,"current_hp_per_floor":[70,63,63,54,53,53,38,38,38,32,32,32,31,24,24,16,75,75,27,27,27,27,14,18,40,40,27,18,18,18,16,38,0],"items_purged":["Defend_B"],"gold":172,"score":314,"play_id":"7071bba0-f488-4790-9bb9-a9d7f7406cd5","local_time":"20180513211900","is_prod":false,"is_daily":false,"chose_seed":false,"is_ascension_mode":true,"campfire_upgraded":4,"timestamp":1526242740,"path_taken":["M","?","?","?","M","R","E","R","T","M","?","?","?","M","R","BOSS","M","?","?","?","$","E","M","R","T","E","M","R","?","M","R","BOSS"],"build_version":"2018-05-12v2","seed_source_timestamp":37484574968532,"purchased_purges":1,"victory":false,"master_deck":["Strike_B","Strike_B","Strike_B","Defend_B+1","Defend_B","Defend_B","Zap+1","Dualcast+1","Static Discharge","Swift Strike","Zap+1","Skim+1","Tempest","Redo","Tempest","Multi-Cast","White Noise+1","Bandage Up","Dramatic Entrance","Finesse","Reinforced Body","Reprogram","Glacier","Skim","Scrape+1","Capacitor"],"max_hp_per_floor":[75,75,75,75,75,75,75,75,75,75,75,75,75,75,75,75,75,75,75,75,75,75,75,75,75,75,75,75,75,75,75,75,75],"relics":["Cracked Core","War Paint","Vajra","Omamori","Gambling Chip","Nuclear Battery","Bag of Preparation","Shuriken","Cables","DataDisk","Juzu Bracelet","Tiny Chest"],"card_choices":[{"not_picked":["Undo","Auto Shields"],"picked":"Static Discharge","floor":1},{"not_picked":["Beam Cell","Turbo","Steam Power"],"picked":"SKIP","floor":4},{"not_picked":["Streamline","Lockon"],"picked":"Skim","floor":5},{"not_picked":["Scrape","Skim"],"picked":"Tempest","floor":7},{"not_picked":["Ball Lightning","Stack"],"picked":"Redo","floor":10},{"not_picked":["Stack","Axe Kick","Go for the Eyes"],"picked":"SKIP","floor":13},{"not_picked":["Sweeping Beam","Machine Learning"],"picked":"Tempest","floor":14},{"not_picked":["Fusion","Nova"],"picked":"Multi-Cast","floor":16},{"not_picked":["Stack","Turbo"],"picked":"White Noise+1","floor":18},{"not_picked":["Axe Kick","Coolheaded+1","Turbo"],"picked":"SKIP","floor":23},{"not_picked":["Axe Kick","Skim"],"picked":"Glacier","floor":24},{"not_picked":["Auto Shields","Axe Kick"],"picked":"Skim","floor":27},{"not_picked":["Sweeping Beam","Melter"],"picked":"Scrape","floor":28},{"not_picked":["Barrage","Turbo"],"picked":"Capacitor","floor":31}],"player_experience":139779,"potions_floor_usage":[7,23,23,33,33],"damage_taken":[{"damage":5,"enemies":"Small Slimes","floor":1,"turns":3},{"damage":9,"enemies":"2 Louse","floor":4,"turns":2},{"damage":1,"enemies":"Cultist","floor":5,"turns":3},{"damage":15,"enemies":"3 Sentries","floor":7,"turns":5},{"damage":6,"enemies":"Looter","floor":10,"turns":2},{"damage":1,"enemies":"Red Slaver","floor":13,"turns":2},{"damage":7,"enemies":"Exordium Wildlife","floor":14,"turns":3},{"damage":8,"enemies":"Slime Boss","floor":16,"turns":6},{"damage":0,"enemies":"Spheric Guardian","floor":18,"turns":2},{"damage":20,"enemies":"Book of Stabbing","floor":23,"turns":4},{"damage":0,"enemies":"Chosen","floor":24,"turns":3},{"damage":17,"enemies":"Gremlin Leader","floor":27,"turns":7},{"damage":13,"enemies":"Slaver and Parasite","floor":28,"turns":4},{"damage":6,"enemies":"Centurion and Healer","floor":31,"turns":4},{"damage":50,"enemies":"Champ","floor":33,"turns":10}],"event_choices":[{"event_name":"Golden Wing","player_choice":"Card Removal","floor":2,"damage_taken":0},{"event_name":"Match and Keep!","player_choice":"2 cards matched","floor":3,"damage_taken":0},{"event_name":"Knowing Skull","player_choice":"GOLD GOLD CARD CARD CARD ","floor":19,"damage_taken":0},{"event_name":"Addict","player_choice":"Obtained Relic","floor":20,"damage_taken":0},{"event_name":"Ghosts","player_choice":"Ignored","floor":30,"damage_taken":0}],"boss_relics":[{"not_picked":["Philosopher\u0027s Stone","Snecko Eye"],"picked":"Nuclear Battery"}],"potions_floor_spawned":[1,4,5,10,18,27,28],"seed_played":"-4119693828256958669","killed_by":"Champ","ascension_level":2,"is_trial":false}