{"gold_per_floor":[109,109,123,135,135,135,82,112,112,112,132,206,206,131,131,131],"floor_reached":16,"playtime":425,"items_purged":[],"score":176,"play_id":"39b26e6b-ecc2-4f11-ace1-b48ec1ed67f3","local_time":"20190211002638","is_ascension_mode":true,"campfire_choices":[{"data":"Coolheaded","floor":6,"key":"SMITH"},{"data":"Streamline","floor":10,"key":"SMITH"},{"data":"Hologram","floor":13,"key":"SMITH"},{"data":"Conserve Battery","floor":15,"key":"SMITH"}],"neow_cost":"NONE","seed_source_timestamp":3377951715600,"circlet_count":0,"master_deck":["AscendersBane","Strike_B","Strike_B","Strike_B","Defend_B","Defend_B","Defend_B","Defend_B","Zap+1","Dualcast","Conserve Battery+1","Coolheaded+1","Cold Snap","Streamline+1","Leap","Hologram+1"],"relics":["Cracked Core","Smiling Mask","Regal Pillow","Gremlin Horn"],"potions_floor_usage":[16],"damage_taken":[{"damage":7,"enemies":"Small Slimes","floor":1,"turns":4},{"damage":2,"enemies":"Jaw Worm","floor":3,"turns":3},{"damage":1,"enemies":"Cultist","floor":4,"turns":3},{"damage":20,"enemies":"3 Sentries","floor":8,"turns":8},{"damage":4,"enemies":"3 Louse","floor":11,"turns":3},{"damage":32,"enemies":"Slime Boss","floor":16,"turns":10}],"seed_played":"-7976910049289170198","potions_obtained":[{"floor":1,"key":"SteroidPotion"}],"is_trial":false,"path_per_floor":["M","?","M","M","?","R","$","E","T","R","M","?","R","?","R","B"],"character_chosen":"DEFECT","items_purchased":["Streamline"],"campfire_rested":0,"item_purchase_floors":[7],"current_hp_per_floor":[57,57,55,54,54,54,54,34,34,34,30,30,30,30,30,0],"gold":131,"neow_bonus":"RANDOM_COMMON_RELIC","is_prod":false,"is_daily":false,"chose_seed":false,"campfire_upgraded":4,"win_rate":0,"timestamp":1549873598,"path_taken":["M","?","M","M","?","R","?","E","T","R","M","?","R","?","R","BOSS"],"build_version":"2019-01-23","purchased_purges":0,"victory":false,"max_hp_per_floor":[71,71,71,71,71,71,71,71,71,71,71,71,71,71,71,71],"card_choices":[{"not_picked":["Beam Cell","Compile Driver"],"picked":"Conserve Battery","floor":1},{"not_picked":["Rebound","Consume"],"picked":"Coolheaded","floor":3},{"not_picked":["Gash","Doom and Gloom"],"picked":"Cold Snap","floor":4},{"not_picked":["Gash","Storm"],"picked":"Leap","floor":8},{"not_picked":["Sunder","Machine Learning"],"picked":"Hologram","floor":11}],"player_experience":424868,"relics_obtained":[{"floor":8,"key":"Regal Pillow"},{"floor":9,"key":"Gremlin Horn"}],"event_choices":[{"damage_healed":0,"gold_gain":0,"player_choice":"Grow","damage_taken":0,"max_hp_gain":0,"max_hp_loss":0,"event_name":"Living Wall","floor":2,"gold_loss":0,"cards_upgraded":["Zap"]},{"damage_healed":0,"gold_gain":0,"player_choice":"Ignored","damage_taken":0,"max_hp_gain":0,"max_hp_loss":0,"event_name":"Golden Idol","floor":5,"gold_loss":0},{"damage_healed":0,"gold_gain":74,"player_choice":"Gained Gold","damage_taken":0,"max_hp_gain":0,"max_hp_loss":0,"event_name":"Golden Wing","floor":12,"gold_loss":0},{"cards_removed":["Strike_B"],"damage_healed":0,"gold_gain":0,"player_choice":"Card Removal","damage_taken":0,"max_hp_gain":0,"max_hp_loss":0,"event_name":"The Cleric","floor":14,"gold_loss":75}],"is_beta":false,"boss_relics":[],"items_purged_floors":[],"is_endless":false,"potions_floor_spawned":[1],"killed_by":"Slime Boss","ascension_level":16}