{"gold_per_floor":[12,12,187,204,218,243,243,270,270,303,366,366,10,10,10,115,115,134,134,134,153,153,153,183,202,227,260,32,51,69,96,96,96],"floor_reached":33,"playtime":1846,"items_purged":["Doubt"],"score":423,"play_id":"9731d4be-93cc-4b8d-ae92-aab0b39a44a5","local_time":"20190131201455","is_ascension_mode":true,"campfire_choices":[{"data":"Cleave","floor":7,"key":"SMITH"},{"data":"Whirlwind","floor":12,"key":"SMITH"},{"data":"Metallicize","floor":15,"key":"SMITH"},{"data":"Armaments","floor":23,"key":"SMITH"},{"floor":32,"key":"REST"}],"neow_cost":"NO_GOLD","seed_source_timestamp":19821888437197,"circlet_count":0,"master_deck":["Strike_R","Strike_R","Strike_R","Strike_R","Strike_R","Defend_R","Defend_R","Defend_R","Defend_R","Bash","Cleave+1","Whirlwind+1","Headbutt","Metallicize+1","Metallicize+1","Clothesline+1","RitualDagger","Ghostly","Ghostly","Ghostly","Ghostly","Ghostly","Armaments+1","Impervious","Iron Wave+1","Heavy Blade","Anger"],"relics":["Black Blood","Thread and Needle","Bag of Marbles","Blue Candle","Bronze Scales","PreservedInsect","Strawberry","Pocketwatch","DollysMirror","Ornamental Fan","Juzu Bracelet","MawBank","Shuriken","Art of War"],"potions_floor_usage":[6,6,6,16,29,29,33],"damage_taken":[{"damage":0,"enemies":"2 Louse","floor":1,"turns":3},{"damage":3,"enemies":"Jaw Worm","floor":4,"turns":4},{"damage":0,"enemies":"Small Slimes","floor":5,"turns":4},{"damage":5,"enemies":"Gremlin Nob","floor":6,"turns":4},{"damage":29,"enemies":"3 Sentries","floor":8,"turns":6},{"damage":33,"enemies":"Lagavulin","floor":10,"turns":6},{"damage":29,"enemies":"Lagavulin Event","floor":11,"turns":4},{"damage":10,"enemies":"Hexaghost","floor":16,"turns":9},{"damage":3,"enemies":"3 Byrds","floor":18,"turns":2},{"damage":1,"enemies":"Spheric Guardian","floor":21,"turns":7},{"damage":2,"enemies":"Book of Stabbing","floor":24,"turns":6},{"damage":0,"enemies":"Chosen and Byrds","floor":25,"turns":8},{"damage":0,"enemies":"Slavers","floor":27,"turns":4},{"damage":0,"enemies":"Centurion and Healer","floor":29,"turns":9},{"damage":0,"enemies":"Snake Plant","floor":30,"turns":4},{"damage":51,"enemies":"Gremlin Leader","floor":31,"turns":9},{"damage":35,"enemies":"Automaton","floor":33,"turns":6}],"seed_played":"-8606618947237023083","potions_obtained":[{"floor":1,"key":"SkillPotion"},{"floor":4,"key":"Block Potion"},{"floor":5,"key":"Energy Potion"},{"floor":10,"key":"Swift Potion"},{"floor":22,"key":"FairyPotion"},{"floor":22,"key":"Fire Potion"},{"floor":22,"key":"AttackPotion"},{"floor":31,"key":"Poison Potion"}],"is_trial":false,"path_per_floor":["M","?","?","M","M","E","R","E","T","E","?","R","$","?","R","B",null,"M","?","?","M","?","R","E","M","T","E","$","M","M","E","R","B"],"character_chosen":"IRONCLAD","items_purchased":["Metallicize","DollysMirror","Shuriken"],"campfire_rested":1,"item_purchase_floors":[13,13,28],"current_hp_per_floor":[80,68,68,71,77,78,78,55,55,35,12,12,12,12,12,8,87,87,81,43,43,43,43,43,43,43,43,43,43,43,14,26,0],"gold":96,"neow_bonus":"ONE_RARE_RELIC","is_prod":false,"is_daily":false,"chose_seed":false,"campfire_upgraded":4,"win_rate":0,"timestamp":1548962095,"path_taken":["M","?","?","M","M","E","R","E","T","E","?","R","?","?","R","BOSS","M","?","?","M","?","R","E","M","T","E","$","M","M","E","R","BOSS"],"build_version":"2019-01-23","purchased_purges":1,"victory":false,"max_hp_per_floor":[80,80,80,80,80,80,80,80,80,87,87,87,87,87,87,87,87,87,87,43,43,43,43,43,43,43,43,43,43,43,43,43,43],"card_choices":[{"not_picked":["Battle Trance","Shockwave","Carnage"],"picked":"SKIP","floor":1},{"not_picked":["Havoc","Carnage","Rupture"],"picked":"SKIP","floor":4},{"not_picked":["Clothesline","Pommel Strike"],"picked":"Cleave","floor":5},{"not_picked":["Perfected Strike","True Grit","Clothesline"],"picked":"SKIP","floor":6},{"not_picked":["Warcry","True Grit"],"picked":"Whirlwind","floor":8},{"not_picked":["Reckless Charge","Thunderclap"],"picked":"Headbutt","floor":10},{"not_picked":["Thunderclap","Perfected Strike"],"picked":"Clothesline+1","floor":18},{"not_picked":["Wild Strike+1","Headbutt+1"],"picked":"Armaments","floor":21},{"not_picked":["Thunderclap","Reckless Charge"],"picked":"Impervious","floor":24},{"not_picked":["Armaments","Cleave+1"],"picked":"Iron Wave+1","floor":25},{"not_picked":["Feel No Pain","Warcry","Havoc"],"picked":"SKIP","floor":27},{"not_picked":["Pommel Strike","Evolve+1","Twin Strike"],"picked":"SKIP","floor":29},{"not_picked":["Armaments","Perfected Strike"],"picked":"Heavy Blade","floor":30},{"not_picked":["Searing Blow","Whirlwind"],"picked":"Anger","floor":31}],"player_experience":138819,"relics_obtained":[{"floor":6,"key":"Blue Candle"},{"floor":8,"key":"Bronze Scales"},{"floor":9,"key":"PreservedInsect"},{"floor":10,"key":"Strawberry"},{"floor":11,"key":"Pocketwatch"},{"floor":24,"key":"Ornamental Fan"},{"floor":26,"key":"Juzu Bracelet"},{"floor":27,"key":"MawBank"},{"floor":31,"key":"Art of War"}],"event_choices":[{"damage_healed":0,"gold_gain":0,"player_choice":"Success","damage_taken":12,"relics_obtained":["Bag of Marbles"],"max_hp_gain":0,"max_hp_loss":0,"event_name":"Scrap Ooze","floor":2,"gold_loss":0},{"damage_healed":0,"gold_gain":175,"player_choice":"AGREE","damage_taken":0,"max_hp_gain":0,"max_hp_loss":0,"event_name":"Liars Game","floor":3,"gold_loss":0,"cards_obtained":["Doubt"]},{"damage_healed":0,"gold_gain":30,"player_choice":"Searched \u00273\u0027 times","damage_taken":0,"max_hp_gain":0,"max_hp_loss":0,"event_name":"Dead Adventurer","floor":11,"gold_loss":0},{"damage_healed":0,"gold_gain":0,"player_choice":"Grow","damage_taken":0,"max_hp_gain":0,"max_hp_loss":0,"event_name":"Living Wall","floor":14,"gold_loss":0,"cards_upgraded":["Metallicize"]},{"damage_healed":0,"gold_gain":0,"player_choice":"Joined the Cult","damage_taken":6,"max_hp_gain":0,"max_hp_loss":0,"event_name":"Nest","floor":19,"gold_loss":0,"cards_obtained":["RitualDagger"]},{"damage_healed":0,"gold_gain":0,"player_choice":"Became a Ghost","damage_taken":0,"max_hp_gain":0,"max_hp_loss":44,"event_name":"Ghosts","floor":20,"gold_loss":0,"cards_obtained":["Ghostly","Ghostly","Ghostly","Ghostly","Ghostly"]},{"damage_healed":0,"gold_gain":0,"player_choice":"Got Potions","damage_taken":0,"max_hp_gain":0,"max_hp_loss":0,"event_name":"Lab","floor":22,"gold_loss":0}],"is_beta":false,"boss_relics":[{"not_picked":["Eternal Feather","Tiny House"],"picked":"Black Blood"}],"items_purged_floors":[13],"is_endless":false,"potions_floor_spawned":[1,4,5,10,25,31],"killed_by":"Automaton","ascension_level":3}