{"path_per_floor":["M","M","M","?","?","E","?","R","T","R","E","M","E","M","R","B",null,"M","?","?","M","M","R","$","R","T","?","E","R","E","T","R","B",null,"M","$","?","M","M","?","R","M","T","M","E","?","R","?","R"],"character_chosen":"THE_SILENT","items_purchased":["Sadistic Nature","Orichalcum","Apotheosis","Well Laid Plans"],"gold_per_floor":[115,126,145,95,95,124,199,199,199,199,228,245,273,286,286,381,381,393,393,393,411,426,426,0,0,300,215,247,247,282,282,282,385,385,397,42,42,58,72,72,72,83,138,157,184,184,184,184,184],"floor_reached":50,"campfire_rested":3,"playtime":3439,"current_hp_per_floor":[70,70,70,70,67,59,48,69,69,69,60,60,50,48,48,35,70,52,52,52,52,46,46,46,46,46,46,30,66,60,60,60,55,70,67,67,67,58,38,38,38,20,20,13,1,1,37,37,37],"items_purged":["Defend_G","Normality"],"gold":184,"score":526,"play_id":"9b2021f7-4266-4ef2-a9ef-56511bf10a63","is_prod":false,"is_daily":false,"is_ascension_mode":false,"campfire_upgraded":7,"path_taken":["M","M","M","?","?","E","?","R","T","R","E","M","E","M","R","BOSS","M","?","?","M","M","R","$","R","T","?","E","R","E","?","R","BOSS","M","$","?","M","M","?","R","M","T","?","E","?","R","?","R","BOSS"],"build_version":"2018-02-19-BETA1","purchased_purges":2,"victory":false,"master_deck":["Defend_G","Defend_G","Defend_G","Defend_G","Strike_G","Strike_G+1","Strike_G+1","Survivor","Neutralize+1","Backflip","Unload","Poisoned Stab","Envenom+1","Noxious Fumes+1","Bane","Adrenaline","Bane+1","Dagger Spray+1","Well Laid Plans+1","Sadistic Nature+1","Distraction+1","Corpse Explosion","Apotheosis+1","Well Laid Plans","Burst+1","Dodge and Roll+1","Outmaneuver+1","Sadistic Nature+1"],"max_hp_per_floor":[70,70,70,70,70,70,70,70,70,70,70,70,70,70,70,70,70,70,70,70,70,70,70,70,70,70,70,70,70,70,70,70,70,70,70,70,70,70,70,70,70,70,70,70,70,70,70,70,70],"relics":["Ring of the Snake","Whetstone","Ornamental Fan","Mercury Hourglass","Pantograph","Regal Pillow","Bottled Flame","The Specimen","Happy Flower","Orichalcum","Old Coin","Oddly Smooth Stone","Pen Nib","Blood Vial","Vajra","Calling Bell","Frozen Eye","Shuriken","Bag of Marbles","Bronze Scales","Juzu Bracelet"],"card_choices":[{"not_picked":["Prepared","Deflect"],"picked":"Backflip"},{"not_picked":["Caltrops","Dodge and Roll"],"picked":"Unload"},{"not_picked":["Deadly Poison","Backflip"],"picked":"Poisoned Stab"},{"not_picked":["Poisoned Stab","Bane"],"picked":"Envenom"},{"not_picked":["Backflip","Poisoned Stab"],"picked":"Noxious Fumes"},{"not_picked":["Blur","Poisoned Stab"],"picked":"Bane"},{"not_picked":["Night Terror","Unload"],"picked":"Adrenaline"},{"not_picked":["Quick Slash","Flying Knee"],"picked":"Bane"},{"not_picked":["Dash","Slice"],"picked":"Dagger Spray"},{"not_picked":["Deflect","Blade Dance"],"picked":"Well Laid Plans"},{"not_picked":["Acrobatics","Expertise"],"picked":"Distraction"},{"not_picked":["Doppelganger","Die Die Die"],"picked":"Corpse Explosion"},{"not_picked":["PiercingWail","Poisoned Stab"],"picked":"Burst"},{"not_picked":["Bane","Dagger Throw"],"picked":"Dodge and Roll"},{"not_picked":["Dash","Infinite Blades"],"picked":"Outmaneuver"}],"player_experience":0,"potions_floor_usage":[45,45,50],"damage_taken":[{"damage":0.0,"enemies":"Jaw Worm","floor":1.0,"turns":3.0},{"damage":0.0,"enemies":"Small Slimes","floor":2.0,"turns":3.0},{"damage":0.0,"enemies":"2 Louse","floor":3.0,"turns":4.0},{"damage":8.0,"enemies":"Gremlin Nob","floor":6.0,"turns":5.0},{"damage":9.0,"enemies":"3 Sentries","floor":11.0,"turns":5.0},{"damage":0.0,"enemies":"Exordium Wildlife","floor":12.0,"turns":4.0},{"damage":10.0,"enemies":"Gremlin Nob","floor":13.0,"turns":4.0},{"damage":2.0,"enemies":"Looter","floor":14.0,"turns":3.0},{"damage":35.0,"enemies":"Hexaghost","floor":16.0,"turns":8.0},{"damage":18.0,"enemies":"2 Thieves","floor":18.0,"turns":4.0},{"damage":0.0,"enemies":"Chosen","floor":21.0,"turns":3.0},{"damage":6.0,"enemies":"3 Cultists","floor":22.0,"turns":4.0},{"damage":16.0,"enemies":"Slavers","floor":28.0,"turns":4.0},{"damage":6.0,"enemies":"Gremlin Leader","floor":30.0,"turns":4.0},{"damage":15.0,"enemies":"Collector","floor":33.0,"turns":7.0},{"damage":3.0,"enemies":"3 Shapes","floor":35.0,"turns":4.0},{"damage":11.0,"enemies":"3 Darklings","floor":38.0,"turns":4.0},{"damage":22.0,"enemies":"Maw","floor":39.0,"turns":7.0},{"damage":20.0,"enemies":"4 Shapes","floor":42.0,"turns":4.0},{"damage":9.0,"enemies":"Sphere and 2 Shapes","floor":44.0,"turns":4.0},{"damage":14,"enemies":"Giant Head","floor":45,"turns":6},{"damage":73,"enemies":"Awakened One","floor":50,"turns":4}],"event_choices":[{"event_name":"The Cleric","player_choice":"Card Removal","floor":4.0,"damage_taken":0.0},{"event_name":"Scrap Ooze","player_choice":"success","floor":5.0,"damage_taken":3.0},{"event_name":"World of Goop","player_choice":"Gather Gold","floor":7.0,"damage_taken":0.0},{"event_name":"Accursed Blacksmith","player_choice":"Rummage","floor":19.0,"damage_taken":0.0},{"event_name":"Back to Basics","player_choice":"Elegance","floor":20.0,"damage_taken":0.0},{"event_name":"Addict","player_choice":"Obtained Relic","floor":27.0,"damage_taken":0.0},{"event_name":"Purifier","player_choice":"One Purge","floor":37.0,"damage_taken":0.0},{"event_name":"Fountain of Cleansing","player_choice":"Removed Curse","floor":40.0,"damage_taken":0.0},{"event_name":"Duplicator","player_choice":"One dupe","floor":46,"damage_taken":0}],"boss_relics":[],"potions_floor_spawned":[3,6,12,13,16,21,33,39,45],"seed_played":"-7748490215176291689","killed_by":"Awakened One","ascension_level":0,"is_trial":false}