{"gold_per_floor":[114,33,48,48,63,63,78,78,103,118,154],"floor_reached":11,"playtime":412,"items_purged":[],"score":65,"play_id":"9369fbd0-a49c-4268-b1fe-810998074992","local_time":"20181230210413","daily_mods":["Draft","Uncertain Future","Lethality"],"is_ascension_mode":false,"campfire_choices":[{"data":"Corruption","floor":6,"key":"SMITH"},{"data":"Sentinel","floor":8,"key":"SMITH"}],"neow_cost":"","seed_source_timestamp":0,"circlet_count":0,"master_deck":["Whirlwind","Disarm","Shrug It Off","Rupture","Disarm","Heavy Blade","Bloodletting","Rupture","Twin Strike","Corruption+1","Burning Pact","Flex","Feel No Pain","Heavy Blade","Hemokinesis","Dual Wield","Pummel","Sentinel+1","Flame Barrier"],"special_seed":17895,"relics":["Burning Blood","Sundial","Anchor","Pantograph"],"potions_floor_usage":[7,11],"damage_taken":[{"damage":0,"enemies":"Small Slimes","floor":1,"turns":1},{"damage":0,"enemies":"2 Louse","floor":3,"turns":1},{"damage":6,"enemies":"Cultist","floor":5,"turns":2},{"damage":21,"enemies":"Exordium Thugs","floor":7,"turns":3},{"damage":9,"enemies":"Large Slime","floor":10,"turns":4},{"damage":12,"enemies":"Gremlin Nob","floor":11,"turns":4}],"seed_played":"4116191872151590988","potions_obtained":[{"floor":1,"key":"Weak Potion"},{"floor":3,"key":"Energy Potion"},{"floor":11,"key":"GamblersBrew"}],"is_trial":false,"path_per_floor":["M","$","M","?","M","R","M","R","T","M","?"],"character_chosen":"IRONCLAD","items_purchased":["Dual Wield"],"campfire_rested":0,"item_purchase_floors":[2],"current_hp_per_floor":[80,80,80,73,73,73,58,58,58,55,49],"gold":154,"neow_bonus":"","is_prod":false,"is_daily":true,"chose_seed":false,"campfire_upgraded":2,"win_rate":0,"timestamp":1546203853,"path_taken":["M","$","M","?","M","R","M","R","T","M","?"],"build_version":"2018-12-25","purchased_purges":0,"victory":false,"max_hp_per_floor":[80,80,80,80,80,80,80,80,80,80,80],"card_choices":[{"not_picked":["Bloodletting","Pummel"],"picked":"Whirlwind","floor":0},{"not_picked":["Searing Blow","Shrug It Off"],"picked":"Disarm","floor":0},{"not_picked":["Power Through","Havoc"],"picked":"Shrug It Off","floor":0},{"not_picked":["Iron Wave","Body Slam"],"picked":"Rupture","floor":0},{"not_picked":["Pommel Strike","Fire Breathing"],"picked":"Disarm","floor":0},{"not_picked":["Iron Wave","Perfected Strike"],"picked":"Heavy Blade","floor":0},{"not_picked":["Sword Boomerang","Cleave"],"picked":"Bloodletting","floor":0},{"not_picked":["Body Slam","Havoc"],"picked":"Rupture","floor":0},{"not_picked":["Clash","Carnage"],"picked":"Twin Strike","floor":0},{"not_picked":["Shrug It Off","Battle Trance"],"picked":"Corruption","floor":0},{"not_picked":["Twin Strike","Anger"],"picked":"Burning Pact","floor":0},{"not_picked":["Cleave","Flame Barrier"],"picked":"Flex","floor":0},{"not_picked":["Shockwave","Body Slam"],"picked":"Feel No Pain","floor":0},{"not_picked":["Iron Wave","Clash"],"picked":"Heavy Blade","floor":0},{"not_picked":["Anger","Thunderclap"],"picked":"Hemokinesis","floor":0},{"not_picked":["Reckless Charge","Heavy Blade","Headbutt"],"picked":"SKIP","floor":1},{"not_picked":["Headbutt","Cleave","Hemokinesis"],"picked":"SKIP","floor":3},{"not_picked":["Pommel Strike","Twin Strike"],"picked":"Pummel","floor":5},{"not_picked":["Rage","Clothesline"],"picked":"Sentinel","floor":7},{"not_picked":["Heavy Blade","Warcry"],"picked":"Flame Barrier","floor":10}],"player_experience":357901,"relics_obtained":[{"floor":9,"key":"Anchor"},{"floor":11,"key":"Pantograph"}],"event_choices":[{"damage_healed":0,"gold_gain":0,"player_choice":"Success","damage_taken":7,"relics_obtained":["Sundial"],"max_hp_gain":0,"max_hp_loss":0,"event_name":"Scrap Ooze","floor":4,"gold_loss":0},{"damage_healed":0,"gold_gain":0,"player_choice":"Searched \u00271\u0027 times","damage_taken":0,"max_hp_gain":0,"max_hp_loss":0,"event_name":"Dead Adventurer","floor":11,"gold_loss":0}],"is_beta":true,"boss_relics":[],"items_purged_floors":[],"is_endless":false,"potions_floor_spawned":[1,3,11],"killed_by":"Gremlin Nob","ascension_level":0}