{"gold_per_floor":[112,187,187,252,321,321,331,331,331,342,377,131,181,82,82,186,186,206,274,324],"floor_reached":20,"playtime":852,"items_purged":["Strike_B","Defend_B"],"score":174,"play_id":"f4436a42-4d92-42f6-a453-6a802ff99e4c","local_time":"20181204203153","is_ascension_mode":false,"campfire_choices":[{"floor":6,"key":"REST"},{"data":"Zap","floor":8,"key":"SMITH"},{"floor":15,"key":"REST"}],"neow_cost":"PERCENT_DAMAGE","seed_source_timestamp":1472766808655616,"circlet_count":0,"master_deck":["Strike_B","Defend_B","Defend_B","Defend_B","Zap+1","Dualcast","Gash","Streamline","BootSequence","BootSequence","Meteor Strike","Scrape","Seek","Double Energy+1","Conserve Battery","Fission","Hologram","Redo"],"relics":["Cracked Core","SsserpentHead","Sundial","Lantern","Orrery"],"potions_floor_usage":[10,11],"damage_taken":[{"damage":1,"enemies":"Cultist","floor":1,"turns":3},{"damage":0,"enemies":"2 Louse","floor":4,"turns":2},{"damage":0,"enemies":"Small Slimes","floor":5,"turns":2},{"damage":1,"enemies":"Exordium Wildlife","floor":7,"turns":3},{"damage":0,"enemies":"Gremlin Gang","floor":10,"turns":3},{"damage":49,"enemies":"Gremlin Nob","floor":11,"turns":5},{"damage":32,"enemies":"The Guardian","floor":16,"turns":12},{"damage":14,"enemies":"Shell Parasite","floor":18,"turns":6},{"damage":17,"enemies":"Spheric Guardian","floor":19,"turns":4},{"damage":51,"enemies":"Shelled Parasite and Fungi","floor":20,"turns":6}],"seed_played":"-1986740668534609537","potions_obtained":[{"floor":4,"key":"GamblersBrew"},{"floor":7,"key":"Energy Potion"}],"is_trial":false,"path_per_floor":["M","?","?","M","M","R","M","R","T","M","E","$","?","$","R","B",null,"M","M","M"],"character_chosen":"DEFECT","items_purchased":["Seek","Double Energy","Conserve Battery"],"campfire_rested":2,"item_purchase_floors":[12,12,14],"current_hp_per_floor":[53,42,42,42,42,64,63,63,63,63,14,14,14,14,36,4,75,61,44,0],"gold":324,"neow_bonus":"REMOVE_TWO","is_prod":false,"is_daily":false,"chose_seed":false,"campfire_upgraded":1,"win_rate":0,"timestamp":1543955513,"path_taken":["M","?","?","?","?","R","M","R","T","M","E","$","?","?","R","BOSS","M","?","?"],"build_version":"2018-12-4","purchased_purges":2,"victory":false,"max_hp_per_floor":[75,75,75,75,75,75,75,75,75,75,75,75,75,75,75,75,75,75,75,75],"card_choices":[{"not_picked":["Stack","Compile Driver"],"picked":"Gash","floor":1},{"not_picked":["Cold Snap","Hologram"],"picked":"Streamline","floor":4},{"not_picked":["Chaos","Barrage"],"picked":"BootSequence","floor":5},{"not_picked":["Blizzard","Turbo"],"picked":"BootSequence","floor":7},{"not_picked":["Coolheaded","Go for the Eyes"],"picked":"Meteor Strike","floor":10},{"not_picked":["Rebound","Barrage"],"picked":"Scrape","floor":11},{"not_picked":["Electrodynamics","Hyperbeam"],"picked":"Fission","floor":16},{"not_picked":["Go for the Eyes","Conserve Battery"],"picked":"Hologram","floor":17},{"not_picked":["Aggregate","Static Discharge"],"picked":"Redo","floor":17},{"not_picked":["Tempest","Barrage","Static Discharge+1"],"picked":"SKIP","floor":18},{"not_picked":["Sunder+1","Sweeping Beam+1","Rebound"],"picked":"SKIP","floor":19}],"player_experience":336169,"relics_obtained":[{"floor":9,"key":"Sundial"},{"floor":11,"key":"Lantern"}],"event_choices":[{"damage_healed":0,"gold_gain":75,"player_choice":"Gather Gold","damage_taken":11,"max_hp_gain":0,"max_hp_loss":0,"event_name":"World of Goop","floor":2,"gold_loss":0},{"damage_healed":0,"gold_gain":0,"player_choice":"Trade","damage_taken":0,"relics_obtained":["SsserpentHead"],"max_hp_gain":0,"max_hp_loss":0,"event_name":"FaceTrader","floor":3,"gold_loss":0},{"damage_healed":0,"gold_gain":0,"player_choice":"Grow","damage_taken":0,"max_hp_gain":0,"max_hp_loss":0,"event_name":"Living Wall","floor":13,"gold_loss":0,"cards_upgraded":["Double Energy"]}],"is_beta":true,"boss_relics":[{"not_picked":["Lizard Tail","Runic Dome"],"picked":"Orrery"}],"items_purged_floors":[12,14],"is_endless":false,"potions_floor_spawned":[4,7],"killed_by":"Shelled Parasite and Fungi","ascension_level":0}