{"path_per_floor":["M","$","?","M","M","E","M","R","T","R","E","M","E","M","R","B",null,"M","?","?","$","M","E","R","M","T","E","R","M","E","M","R","B",null,"M","?","M","$","?","E","M","M","T","M","?","$","?","M","R","B"],"character_chosen":"THE_SILENT","items_purchased":["Outmaneuver","Quick Slash","Fruit Juice","Art of War","Madness","Doppelganger"],"gold_per_floor":[112,9,9,19,36,63,76,76,76,76,107,127,155,173,173,276,276,286,286,201,25,37,64,64,80,152,181,181,196,227,243,243,348,348,365,365,384,42,42,77,87,105,154,168,168,9,9,24,24,24],"floor_reached":51,"campfire_rested":1,"playtime":3140,"item_purchase_floors":[],"current_hp_per_floor":[67,67,60,60,58,35,35,35,35,35,31,28,18,9,30,17,70,66,66,66,66,65,34,42,30,30,39,49,46,25,32,42,30,82,62,62,53,53,53,17,17,17,17,22,75,75,75,69,77,47],"items_purged":["Strike_G","Strike_G"],"gold":24,"score":865,"play_id":"6a93d940-b8af-4f9c-9b37-34ede981ddde","local_time":"20180527205947","is_prod":false,"is_daily":false,"chose_seed":false,"is_ascension_mode":true,"campfire_upgraded":6,"win_rate":0,"timestamp":1527451187,"campfire_choices":[{"data":"Outmaneuver","floor":8.0,"key":"SMITH"},{"data":"Noxious Fumes","floor":10.0,"key":"SMITH"},{"floor":15.0,"key":"REST"},{"data":"Crippling Poison","floor":24.0,"key":"SMITH"},{"data":"Concentrate","floor":28.0,"key":"SMITH"},{"data":"Flechettes","floor":32.0,"key":"SMITH"},{"data":"Leg Sweep","floor":49,"key":"SMITH"}],"path_taken":["M","$","?","M","M","E","M","R","T","R","E","M","E","?","R","BOSS","M","?","?","$","M","E","R","?","T","E","R","M","E","M","R","BOSS","M","?","M","$","?","E","M","?","T","M","?","$","?","M","R","BOSS"],"build_version":"2018-05-25","seed_source_timestamp":0,"purchased_purges":2,"victory":true,"master_deck":["Defend_G","Defend_G","Defend_G","Defend_G","Defend_G","Strike_G","Strike_G","Strike_G","Survivor","Eviscerate","Outmaneuver+1","Quick Slash","Dash","Noxious Fumes+1","Dash","Crippling Poison+1","Choke","Underhanded Strike","Flechettes+1","Terror+1","Calculated Gamble","Skewer+1","Eviscerate","Envenom","Dagger Throw+1","Blur+1","Burst","Predator","Leg Sweep","Riddle With Holes","Underhanded Strike","Madness","Leg Sweep+1","Setup","Doppelganger","Underhanded Strike"],"max_hp_per_floor":[70,70,70,70,70,70,70,70,70,70,70,70,70,70,70,70,70,70,70,70,70,75,75,75,75,75,75,75,75,82,82,82,82,82,82,82,82,82,82,82,82,82,82,86,75,75,75,77,77,77],"relics":["Snecko Eye","Ornamental Fan","Blue Candle","Centennial Puzzle","Prayer Wheel","Eternal Feather","Ancient Tea Set","Bottled Flame","Meat on the Bone","Regal Pillow","Strawberry","Orrery","Art of War","Turnip","Matryoshka","Singing Bowl","Juzu Bracelet","The Specimen"],"card_choices":[{"not_picked":["Acrobatics","Escape Plan"],"picked":"Eviscerate","floor":1.0},{"not_picked":["Cloak And Dagger","Slice"],"picked":"Dash","floor":4.0},{"not_picked":["Deadly Poison","PiercingWail"],"picked":"Noxious Fumes","floor":5.0},{"not_picked":["Cloak And Dagger","Deadly Poison"],"picked":"Dash","floor":6.0},{"not_picked":["Cloak And Dagger","Outmaneuver"],"picked":"Crippling Poison","floor":7.0},{"not_picked":["Deflect","Slice"],"picked":"Choke","floor":11.0},{"not_picked":["Grand Finale","Flying Knee","Sucker Punch"],"picked":"SKIP","floor":12.0},{"not_picked":["Sucker Punch","Quick Slash"],"picked":"Underhanded Strike","floor":13.0},{"not_picked":["Deadly Poison","PiercingWail"],"picked":"Flechettes","floor":14.0},{"not_picked":["Bane","Dagger Spray","Slice"],"picked":"SKIP","floor":14.0},{"not_picked":["Sucker Punch","Infinite Blades"],"picked":"Terror+1","floor":18.0},{"not_picked":["Catalyst","Masterful Stab"],"picked":"Calculated Gamble","floor":18.0},{"not_picked":["Infinite Blades","Flechettes+1"],"picked":"Concentrate","floor":22.0},{"not_picked":["Masterful Stab+1","Quick Slash","Deflect+1"],"picked":"SKIP","floor":22.0},{"not_picked":["Acrobatics","Bane+1"],"picked":"Skewer+1","floor":23.0},{"not_picked":["Quick Slash+1","Cloak And Dagger"],"picked":"Eviscerate","floor":25.0},{"not_picked":["Sucker Punch+1","Acrobatics","Poisoned Stab"],"picked":"SKIP","floor":25.0},{"not_picked":["PiercingWail","Catalyst"],"picked":"Envenom","floor":27.0},{"not_picked":["Dagger Spray","Cloak And Dagger"],"picked":"Dagger Throw+1","floor":29.0},{"not_picked":["Bane","PiercingWail","Backflip"],"picked":"SKIP","floor":29.0},{"not_picked":["Tactician","Endless Agony","Poisoned Stab"],"picked":"SKIP","floor":30.0},{"not_picked":["Slice+1","Poisoned Stab"],"picked":"Blur+1","floor":31.0},{"not_picked":["Cloak And Dagger","Terror","All Out Attack+1"],"picked":"SKIP","floor":31.0},{"not_picked":["Unload","Envenom"],"picked":"Burst","floor":33.0},{"not_picked":["Accuracy","Prepared"],"picked":"Predator","floor":34.0},{"not_picked":["All Out Attack","Cloak And Dagger"],"picked":"Leg Sweep","floor":34.0},{"not_picked":["Deadly Poison","Dagger Spray+1"],"picked":"Riddle With Holes","floor":34.0},{"not_picked":["Bane","Dagger Spray"],"picked":"Underhanded Strike","floor":34.0},{"not_picked":["Outmaneuver","Deflect+1","Underhanded Strike+1"],"picked":"SKIP","floor":35.0},{"not_picked":["Outmaneuver","Accuracy","All Out Attack+1"],"picked":"SKIP","floor":35.0},{"not_picked":["Acrobatics","Dodge and Roll+1","Prepared"],"picked":"SKIP","floor":37.0},{"not_picked":["Dagger Spray","Tactician","PiercingWail+1"],"picked":"SKIP","floor":37.0},{"not_picked":["Eviscerate","Bane","Dagger Spray+1"],"picked":"SKIP","floor":40},{"not_picked":["Slice+1","Accuracy","Flying Knee+1"],"picked":"SKIP","floor":41},{"not_picked":["Infinite Blades+1","Masterful Stab+1","Cloak And Dagger"],"picked":"SKIP","floor":41},{"not_picked":["Sucker Punch","Deadly Poison+1"],"picked":"Leg Sweep","floor":42},{"not_picked":["Slice+1","Prepared"],"picked":"Setup","floor":42},{"not_picked":["Reflex+1","Infinite Blades","Concentrate+1"],"picked":"Singing Bowl","floor":44},{"not_picked":["Sucker Punch+1","Masterful Stab+1","Prepared+1"],"picked":"Singing Bowl","floor":44},{"not_picked":["Concentrate","Deflect+1","Flying Knee"],"picked":"Singing Bowl","floor":48},{"not_picked":["Backflip+1","Catalyst"],"picked":"Underhanded Strike","floor":48}],"player_experience":201277,"potions_floor_usage":[44,50,50],"damage_taken":[{"damage":3.0,"enemies":"2 Louse","floor":1.0,"turns":2.0},{"damage":0.0,"enemies":"Small Slimes","floor":4.0,"turns":3.0},{"damage":2.0,"enemies":"Jaw Worm","floor":5.0,"turns":3.0},{"damage":23.0,"enemies":"Gremlin Nob","floor":6.0,"turns":4.0},{"damage":0.0,"enemies":"Gremlin Gang","floor":7.0,"turns":5.0},{"damage":4.0,"enemies":"3 Sentries","floor":11.0,"turns":6.0},{"damage":3.0,"enemies":"Looter","floor":12.0,"turns":3.0},{"damage":10.0,"enemies":"Gremlin Nob","floor":13.0,"turns":4.0},{"damage":9.0,"enemies":"Exordium Wildlife","floor":14.0,"turns":4.0},{"damage":13.0,"enemies":"The Guardian","floor":16.0,"turns":9.0},{"damage":4.0,"enemies":"Shell Parasite","floor":18.0,"turns":3.0},{"damage":6.0,"enemies":"2 Thieves","floor":22.0,"turns":3.0},{"damage":31.0,"enemies":"Gremlin Leader","floor":23.0,"turns":7.0},{"damage":12.0,"enemies":"Centurion and Healer","floor":25.0,"turns":4.0},{"damage":3.0,"enemies":"Slavers","floor":27.0,"turns":3.0},{"damage":3.0,"enemies":"3 Cultists","floor":29.0,"turns":4.0},{"damage":40.0,"enemies":"Gremlin Leader","floor":30.0,"turns":5.0},{"damage":5.0,"enemies":"Sentry and Sphere","floor":31.0,"turns":4.0},{"damage":24.0,"enemies":"Automaton","floor":33.0,"turns":9.0},{"damage":20.0,"enemies":"3 Darklings","floor":35.0,"turns":6.0},{"damage":9.0,"enemies":"Flame Bruiser 1 Orb","floor":37.0,"turns":4.0},{"damage":48,"enemies":"Nemesis","floor":40,"turns":7},{"damage":12,"enemies":"Sphere and 2 Shapes","floor":41,"turns":6},{"damage":12,"enemies":"4 Shapes","floor":42,"turns":6},{"damage":11,"enemies":"Flame Bruiser 2 Orb","floor":44,"turns":4},{"damage":8,"enemies":"Spire Growth","floor":48,"turns":3},{"damage":42,"enemies":"Awakened One","floor":50,"turns":13}],"relics_obtained":[{"floor":6.0,"key":"Ornamental Fan"},{"floor":9.0,"key":"Blue Candle"},{"floor":11.0,"key":"Centennial Puzzle"},{"floor":13.0,"key":"Prayer Wheel"},{"floor":23.0,"key":"Bottled Flame"},{"floor":26.0,"key":"Meat on the Bone"},{"floor":27.0,"key":"Regal Pillow"},{"floor":30.0,"key":"Strawberry"},{"floor":40,"key":"Matryoshka"},{"floor":43,"key":"Singing Bowl"},{"floor":43,"key":"Juzu Bracelet"}],"event_choices":[{"event_name":"Golden Wing","player_choice":"Card Removal","floor":3.0,"damage_taken":0.0},{"event_name":"Vampires","player_choice":"Ignored","floor":19.0,"damage_taken":0.0},{"event_name":"Addict","player_choice":"Obtained Relic","floor":20.0,"damage_taken":0.0},{"event_name":"Accursed Blacksmith","player_choice":"Rummage","floor":39,"damage_taken":0},{"event_name":"The Moai Head","player_choice":"Heal","floor":45,"damage_taken":0},{"event_name":"Wheel of Change","player_choice":"Relic","floor":47,"damage_taken":0}],"boss_relics":[],"items_purged_floors":[],"potions_floor_spawned":[1,4,5,6,14,18,23,27,35,42,44],"seed_played":"971301980473854986","ascension_level":3,"potions_obtained":[{"floor":1.0,"key":"Fire Potion"},{"floor":4.0,"key":"LiquidBronze"},{"floor":5.0,"key":"EssenceOfSteel"},{"floor":6.0,"key":"Weak Potion"},{"floor":14.0,"key":"SpeedPotion"},{"floor":18.0,"key":"GhostInAJar"},{"floor":23.0,"key":"Swift Potion"},{"floor":27.0,"key":"SpeedPotion"},{"floor":35.0,"key":"Ancient Potion"},{"floor":42,"key":"SkillPotion"},{"floor":44,"key":"Weak Potion"}],"is_trial":false}