{"gold_per_floor":[11,286,296,296,246,246,272,287,287,322,322,322,347,365,365,438,438,448,463,388,25,25,25,25,41,41,41,59,59,59,75,75,75],"floor_reached":33,"playtime":1495,"items_purged":["Strike_G"],"score":475,"play_id":"db776c1e-e650-401c-aeb2-f91b9c91b7ae","local_time":"20190213001458","is_ascension_mode":true,"campfire_choices":[{"data":"Doppelganger","floor":6.0,"key":"SMITH"},{"floor":12.0,"key":"REST"},{"data":"Storm of Steel","floor":15.0,"key":"SMITH"},{"data":"Enlightenment","floor":23.0,"key":"SMITH"},{"data":"Doppelganger","floor":30.0,"key":"SMITH"},{"data":"Footwork","floor":32.0,"key":"SMITH"}],"neow_cost":"NO_GOLD","seed_source_timestamp":0,"circlet_count":0,"master_deck":["AscendersBane","Defend_G","Defend_G","Defend_G+1","Strike_G+1","Strike_G+1","Survivor","Neutralize","Doppelganger+1","Doppelganger+1","Terror","Blade Dance+1","Storm of Steel+1","Outmaneuver","Acrobatics","Dash+1","Corpse Explosion","Enlightenment+1","Magnetism","Footwork+1","Doppelganger+1"],"special_seed":0,"relics":["Ring of the Snake","Mummified Hand","Whetstone","Thread and Needle","Darkstone Periapt","Molten Egg 2","Busted Crown","Dodecahedron"],"potions_floor_usage":[],"damage_taken":[{"damage":0.0,"enemies":"2 Louse","floor":1.0,"turns":3.0},{"damage":4.0,"enemies":"Cultist","floor":3.0,"turns":4.0},{"damage":0.0,"enemies":"Gremlin Nob","floor":7.0,"turns":3.0},{"damage":0.0,"enemies":"Jaw Worm","floor":8.0,"turns":2.0},{"damage":10.0,"enemies":"3 Sentries","floor":10.0,"turns":8.0},{"damage":20.0,"enemies":"Lagavulin","floor":13.0,"turns":6.0},{"damage":0.0,"enemies":"Large Slime","floor":14.0,"turns":5.0},{"damage":18.0,"enemies":"Slime Boss","floor":16.0,"turns":7.0},{"damage":10.0,"enemies":"Shell Parasite","floor":18.0,"turns":3.0},{"damage":2.0,"enemies":"2 Thieves","floor":19.0,"turns":2.0},{"damage":13.0,"enemies":"Snecko","floor":25.0,"turns":5.0},{"damage":1.0,"enemies":"Cultist and Chosen","floor":28.0,"turns":3.0},{"damage":0.0,"enemies":"Centurion and Healer","floor":31.0,"turns":3.0},{"damage":54,"enemies":"Champ","floor":33,"turns":8}],"seed_played":"-8167720757233274321","potions_obtained":[{"floor":1.0,"key":"Block Potion"},{"floor":7.0,"key":"Fire Potion"},{"floor":13.0,"key":"SkillPotion"},{"floor":18.0,"key":"SkillPotion"},{"floor":28.0,"key":"Block Potion"}],"is_trial":false,"path_per_floor":["M","?","M","?","?","R","E","M","T","E","T","R","E","M","R","B",null,"M","M","?","$","?","R","?","M","T","?","M","?","R","M","R","B"],"character_chosen":"THE_SILENT","items_purchased":["Enlightenment","Magnetism","Footwork"],"campfire_rested":1,"item_purchase_floors":[21,21,21],"current_hp_per_floor":[63,63,59,45,45,45,45,45,45,35,35,56,36,36,36,18,57,47,45,45,45,45,45,68,55,55,55,54,54,54,54,54,0],"gold":75,"neow_bonus":"TRANSFORM_TWO_CARDS","is_prod":false,"is_daily":false,"chose_seed":false,"campfire_upgraded":5,"win_rate":0,"timestamp":1550016898,"path_taken":["M","?","?","?","?","R","E","M","T","E","?","R","E","M","R","BOSS","M","?","?","$","?","R","?","?","T","?","?","?","R","M","R","BOSS"],"build_version":"2019-02-06","purchased_purges":1,"victory":false,"max_hp_per_floor":[70,70,70,70,70,70,70,70,70,70,70,70,70,70,70,70,70,70,70,70,70,70,70,70,70,70,70,70,70,70,70,70,70],"card_choices":[{"not_picked":["Crippling Poison","All Out Attack"],"picked":"Terror","floor":1.0},{"not_picked":["Bane","Outmaneuver"],"picked":"Blade Dance","floor":3.0},{"not_picked":["Acrobatics","Dagger Spray"],"picked":"Storm of Steel","floor":7.0},{"not_picked":["Terror","Bane"],"picked":"Outmaneuver","floor":8.0},{"not_picked":["Deadly Poison","Escape Plan"],"picked":"Acrobatics","floor":10.0},{"not_picked":["Reflex","Underhanded Strike"],"picked":"Dash","floor":13.0},{"not_picked":["Quick Slash+1","Underhanded Strike+1","Acrobatics"],"picked":"SKIP","floor":14.0},{"not_picked":["Venomology","Doppelganger"],"picked":"Corpse Explosion","floor":16.0},{"not_picked":["Dagger Spray+1"],"picked":"SKIP","floor":18.0},{"not_picked":["Bane+1"],"picked":"SKIP","floor":19.0},{"not_picked":["Bane+1"],"picked":"SKIP","floor":25.0},{"not_picked":["Setup"],"picked":"SKIP","floor":28.0},{"not_picked":["Calculated Gamble"],"picked":"SKIP","floor":31.0}],"player_experience":595232,"relics_obtained":[{"floor":7.0,"key":"Mummified Hand"},{"floor":9.0,"key":"Whetstone"},{"floor":10.0,"key":"Thread and Needle"},{"floor":11.0,"key":"Darkstone Periapt"},{"floor":13.0,"key":"Molten Egg 2"},{"floor":26.0,"key":"Dodecahedron"}],"event_choices":[{"damage_healed":0.0,"max_hp_gain":0.0,"max_hp_loss":0.0,"gold_gain":275.0,"event_name":"Golden Shrine","player_choice":"Desecrate","floor":2.0,"gold_loss":0.0,"damage_taken":0.0,"cards_obtained":["Regret"]},{"damage_healed":0.0,"max_hp_gain":0.0,"max_hp_loss":0.0,"gold_gain":0.0,"event_name":"Shining Light","player_choice":"Entered Light","floor":4.0,"gold_loss":0.0,"damage_taken":14.0,"cards_upgraded":["Blade Dance","Defend_G"]},{"cards_removed":["Regret"],"damage_healed":0.0,"max_hp_gain":0.0,"max_hp_loss":0.0,"gold_gain":0.0,"event_name":"The Cleric","player_choice":"Card Removal","floor":5.0,"gold_loss":50.0,"damage_taken":0.0},{"cards_removed":["Strike_G"],"damage_healed":0.0,"max_hp_gain":0.0,"max_hp_loss":0.0,"gold_gain":0.0,"event_name":"Beggar","player_choice":"Gave Gold","floor":20.0,"gold_loss":75.0,"damage_taken":0.0},{"cards_removed":["Defend_G"],"damage_healed":0.0,"max_hp_gain":0.0,"max_hp_loss":0.0,"gold_gain":0.0,"event_name":"Back to Basics","player_choice":"Elegance","floor":22.0,"gold_loss":0.0,"damage_taken":0.0},{"damage_healed":23.0,"max_hp_gain":0.0,"max_hp_loss":0.0,"gold_gain":0.0,"event_name":"The Library","player_choice":"Heal","floor":24.0,"gold_loss":0.0,"damage_taken":0.0},{"damage_healed":0.0,"max_hp_gain":0.0,"max_hp_loss":0.0,"gold_gain":0.0,"event_name":"Duplicator","player_choice":"Copied","floor":27.0,"gold_loss":0.0,"damage_taken":0.0,"cards_obtained":["Doppelganger"]},{"damage_healed":0.0,"max_hp_gain":0.0,"max_hp_loss":0.0,"gold_gain":0.0,"event_name":"Ghosts","player_choice":"Ignored","floor":29.0,"gold_loss":0.0,"damage_taken":0.0}],"is_beta":true,"boss_relics":[{"not_picked":["Velvet Choker","Empty Cage"],"picked":"Busted Crown"}],"items_purged_floors":[21],"is_endless":false,"potions_floor_spawned":[1,7,13,18,28],"killed_by":"Champ","ascension_level":13}