{"gold_per_floor":[116,25,100,100,120,120,120,145,145,157,169,169,169,184,184,286,286,298,298,316,316,333,333],"floor_reached":23,"playtime":790,"items_purged":[],"score":346,"play_id":"32adb514-dd93-4ec9-9f81-3fb0a88d3fa0","local_time":"20190131062556","is_ascension_mode":true,"campfire_choices":[{"data":"Enlightenment","floor":6,"key":"SMITH"},{"data":"Crippling Poison","floor":12,"key":"SMITH"},{"data":"Reflex","floor":15,"key":"SMITH"}],"neow_cost":"NONE","seed_source_timestamp":1778983761314840,"circlet_count":0,"master_deck":["AscendersBane","Defend_G","Defend_G","Defend_G","Defend_G","Defend_G","Strike_G","Strike_G","Survivor","Neutralize","Deadly Poison","Enlightenment+1","Crippling Poison+1","Tools of the Trade","Well Laid Plans","Eviscerate","Reflex+1","Envenom","Bouncing Flask","Bouncing Flask","Riddle With Holes"],"relics":["Ring of the Snake","NeowsBlessing","Vajra","Mummified Hand","Runic Pyramid"],"potions_floor_usage":[16,22,23],"damage_taken":[{"damage":0,"enemies":"Jaw Worm","floor":1,"turns":1},{"damage":0,"enemies":"Small Slimes","floor":5,"turns":1},{"damage":0,"enemies":"3 Sentries","floor":8,"turns":2},{"damage":0,"enemies":"Cultist","floor":10,"turns":4},{"damage":11,"enemies":"Large Slime","floor":11,"turns":7},{"damage":4,"enemies":"Looter","floor":14,"turns":3},{"damage":4,"enemies":"The Guardian","floor":16,"turns":10},{"damage":6,"enemies":"Chosen","floor":18,"turns":5},{"damage":0,"enemies":"Spheric Guardian","floor":20,"turns":3},{"damage":10,"enemies":"Snake Plant","floor":22,"turns":4},{"damage":40,"enemies":"Gremlin Leader","floor":23,"turns":7}],"seed_played":"5454364515228702430","potions_obtained":[{"floor":7,"key":"Swift Potion"},{"floor":7,"key":"Strength Potion"},{"floor":14,"key":"Block Potion"},{"floor":18,"key":"SkillPotion"},{"floor":22,"key":"Explosive Potion"}],"is_trial":false,"path_per_floor":["M","$","?","?","M","R","?","E","T","M","M","R","?","M","R","B",null,"M","?","M","?","M","E"],"character_chosen":"THE_SILENT","items_purchased":["Enlightenment"],"campfire_rested":0,"item_purchase_floors":[2],"current_hp_per_floor":[63,63,52,45,45,45,45,45,45,45,34,34,34,30,30,26,59,53,53,53,46,36,0],"gold":333,"neow_bonus":"THREE_ENEMY_KILL","is_prod":false,"is_daily":false,"chose_seed":false,"campfire_upgraded":3,"win_rate":0,"timestamp":1548915956,"path_taken":["M","$","?","?","M","R","?","E","T","?","M","R","?","M","R","BOSS","M","?","?","?","M","E"],"build_version":"2019-01-23","purchased_purges":0,"victory":false,"max_hp_per_floor":[70,70,70,70,70,70,70,70,70,70,70,70,70,70,70,70,70,70,70,70,70,70,70],"card_choices":[{"not_picked":["Underhanded Strike","PiercingWail"],"picked":"Deadly Poison","floor":1},{"not_picked":["Dagger Throw","Quick Slash"],"picked":"Crippling Poison","floor":5},{"not_picked":["Poisoned Stab","Flechettes"],"picked":"Tools of the Trade","floor":8},{"not_picked":["Calculated Gamble","Bane","Flechettes"],"picked":"SKIP","floor":10},{"not_picked":["Blade Dance","Quick Slash"],"picked":"Well Laid Plans","floor":11},{"not_picked":["Bane","All Out Attack"],"picked":"Reflex","floor":14},{"not_picked":["Wraith Form v2","Grand Finale"],"picked":"Envenom","floor":16},{"not_picked":["Dagger Spray","Deflect"],"picked":"Bouncing Flask","floor":18},{"not_picked":["Backstab","Choke"],"picked":"Bouncing Flask","floor":20},{"not_picked":["Outmaneuver","Noxious Fumes+1"],"picked":"Riddle With Holes","floor":22}],"player_experience":538880,"relics_obtained":[{"floor":8,"key":"Vajra"},{"floor":9,"key":"Mummified Hand"}],"event_choices":[{"damage_healed":0,"gold_gain":75,"player_choice":"Gather Gold","damage_taken":11,"max_hp_gain":0,"max_hp_loss":0,"event_name":"World of Goop","floor":3,"gold_loss":0},{"cards_removed":["Strike_G"],"damage_healed":0,"gold_gain":0,"player_choice":"Card Removal","damage_taken":7,"max_hp_gain":0,"max_hp_loss":0,"event_name":"Golden Wing","floor":4,"gold_loss":0},{"damage_healed":0,"gold_gain":0,"player_choice":"Got Potions","damage_taken":0,"max_hp_gain":0,"max_hp_loss":0,"event_name":"Lab","floor":7,"gold_loss":0},{"damage_healed":0,"gold_gain":0,"cards_transformed":["Strike_G"],"player_choice":"Change","damage_taken":0,"max_hp_gain":0,"max_hp_loss":0,"event_name":"Living Wall","floor":13,"gold_loss":0,"cards_obtained":["Eviscerate"]},{"cards_removed":["Strike_G"],"damage_healed":0,"gold_gain":0,"player_choice":"Offered Basic","damage_taken":0,"max_hp_gain":0,"max_hp_loss":0,"event_name":"Bonfire Elementals","floor":19,"gold_loss":0},{"damage_healed":0,"gold_gain":0,"player_choice":"Damaged","damage_taken":7,"max_hp_gain":0,"max_hp_loss":0,"event_name":"Wheel of Change","floor":21,"gold_loss":0}],"is_beta":true,"boss_relics":[{"not_picked":["Busted Crown","Pandora\u0027s Box"],"picked":"Runic Pyramid"}],"items_purged_floors":[],"is_endless":false,"potions_floor_spawned":[8,10,14,18,22],"killed_by":"Gremlin Leader","ascension_level":12}