{"gold_per_floor":[112,40,60,60,60,60,60,101,101,101,117,151,175,175,175,294,294,313,331,74,92,92,92,111,134,160,160,195,195,228,249,249,378,378,397,81,95,95,95,95,95,113,113,113,113,446,446,28,28,28],"floor_reached":50,"playtime":3607,"items_purged":["Normality","Shame"],"score":486,"play_id":"95d1579c-5e40-4dd6-8e5d-d845914b72a6","local_time":"20190203095621","is_ascension_mode":false,"campfire_choices":[{"floor":6,"key":"REST"},{"floor":10,"key":"REST"},{"data":"Whirlwind","floor":15,"key":"SMITH"},{"data":"Shockwave","floor":23,"key":"SMITH"},{"floor":27,"key":"REST"},{"floor":29,"key":"REST"},{"floor":32,"key":"REST"},{"data":"Double Tap","floor":40,"key":"SMITH"},{"floor":45,"key":"REST"},{"floor":49,"key":"REST"}],"neow_cost":"NONE","seed_source_timestamp":15107495422138,"circlet_count":0,"master_deck":["Strike_R+1","Strike_R+1","Strike_R+1","Strike_R+1","Defend_R+1","Defend_R+1","Defend_R+1","Defend_R+1","Bash+1","Combust+1","Cleave+1","Feed+1","Rampage+1","Twin Strike+1","Whirlwind+1","Reaper+1","Uppercut+1","Thunderclap+1","Rupture+1","Shockwave+1","Flame Barrier+1","Iron Wave+1","Demon Form+1","Shame","Inflame+1","Battle Trance+1","Double Tap+1","Writhe","Metallicize+1","Pommel Strike+1","Writhe"],"relics":["Burning Blood","Paper Frog","Incense Burner","Frozen Egg 2","Cursed Key","Red Skull","Ancient Tea Set","Centennial Puzzle","Vajra","Calling Bell","Bag of Marbles","Molten Egg 2","Du-Vu Doll","Meat on the Bone","Calipers","Mark of the Bloom","Shuriken"],"potions_floor_usage":[16,16,33,42,42,50,50,50],"damage_taken":[{"damage":7,"enemies":"Small Slimes","floor":1,"turns":4},{"damage":12,"enemies":"Cultist","floor":3,"turns":4},{"damage":23,"enemies":"Gremlin Nob","floor":8,"turns":4},{"damage":12,"enemies":"Jaw Worm","floor":11,"turns":2},{"damage":22,"enemies":"3 Sentries","floor":12,"turns":5},{"damage":13,"enemies":"Exordium Thugs","floor":13,"turns":5},{"damage":64,"enemies":"Hexaghost","floor":16,"turns":8},{"damage":8,"enemies":"Chosen","floor":18,"turns":3},{"damage":26,"enemies":"Shell Parasite","floor":19,"turns":4},{"damage":0,"enemies":"3 Cultists","floor":21,"turns":2},{"damage":18,"enemies":"Centurion and Healer","floor":24,"turns":6},{"damage":27,"enemies":"Snake Plant","floor":25,"turns":3},{"damage":29,"enemies":"Gremlin Leader","floor":28,"turns":6},{"damage":32,"enemies":"Slavers","floor":30,"turns":4},{"damage":18,"enemies":"Shelled Parasite and Fungi","floor":31,"turns":4},{"damage":53,"enemies":"Automaton","floor":33,"turns":8},{"damage":16,"enemies":"Orb Walker","floor":35,"turns":3},{"damage":13,"enemies":"3 Shapes","floor":37,"turns":3},{"damage":36,"enemies":"Transient","floor":42,"turns":5},{"damage":89,"enemies":"Awakened One","floor":50,"turns":9}],"seed_played":"-3513571985939972004","potions_obtained":[{"floor":3,"key":"SteroidPotion"},{"floor":8,"key":"LiquidBronze"},{"floor":11,"key":"Fire Potion"},{"floor":19,"key":"Strength Potion"},{"floor":25,"key":"Ancient Potion"},{"floor":37,"key":"Block Potion"},{"floor":42,"key":"Swift Potion"}],"is_trial":false,"path_per_floor":["M","$","M","?","?","R","$","E","T","R","M","E","M","?","R","B",null,"M","M","$","M","?","R","M","M","T","R","E","R","E","M","R","B",null,"M","$","M","$","?","R","?","M","T","?","R","?","?","$","R","B"],"character_chosen":"IRONCLAD","items_purchased":["Combust","Rupture+1","Shockwave","Red Skull","Meat on the Bone","Shuriken","LiquidBronze"],"campfire_rested":7,"item_purchase_floors":[2,20,20,20,36,48,48],"current_hp_per_floor":[79,79,73,53,58,80,80,63,63,80,77,61,57,85,85,27,86,84,67,67,73,73,73,61,40,40,65,56,82,70,58,84,37,89,79,79,92,92,87,87,87,57,57,57,83,83,83,83,83,0],"gold":28,"neow_bonus":"UPGRADE_CARD","is_prod":false,"is_daily":false,"chose_seed":false,"campfire_upgraded":3,"win_rate":0.0,"timestamp":1549209381,"path_taken":["M","$","M","?","?","R","$","E","T","R","M","E","?","?","R","BOSS","M","M","$","M","?","R","M","M","T","R","E","R","E","M","R","BOSS","M","$","M","$","?","R","?","M","T","?","R","?","?","$","R","BOSS"],"build_version":"2019-01-23","purchased_purges":2,"victory":false,"max_hp_per_floor":[80,80,80,80,80,80,80,80,80,80,83,83,86,86,86,86,86,86,86,86,86,86,86,86,86,86,86,89,89,89,89,89,89,89,89,89,92,92,87,87,87,87,87,87,87,87,87,87,87,87],"card_choices":[{"not_picked":["Havoc","Anger"],"picked":"Body Slam","floor":1},{"not_picked":["Heavy Blade","True Grit"],"picked":"Cleave","floor":3},{"not_picked":["Sword Boomerang","True Grit"],"picked":"Feed","floor":8},{"not_picked":["Body Slam","Infernal Blade"],"picked":"Rampage","floor":11},{"not_picked":["Wild Strike","Sword Boomerang"],"picked":"Twin Strike","floor":12},{"not_picked":["Ghostly Armor","Rampage"],"picked":"Whirlwind","floor":13},{"not_picked":["Limit Break","Dark Embrace+1"],"picked":"Reaper","floor":16},{"not_picked":["Havoc","Perfected Strike"],"picked":"Uppercut","floor":18},{"not_picked":["Ghostly Armor","Flex"],"picked":"Thunderclap","floor":19},{"not_picked":["Cleave+1","Warcry"],"picked":"Flame Barrier","floor":21},{"not_picked":["Anger+1","Sword Boomerang"],"picked":"Iron Wave","floor":24},{"not_picked":["Body Slam+1","Iron Wave"],"picked":"Demon Form+1","floor":25},{"not_picked":["Hemokinesis","Clash","Iron Wave"],"picked":"SKIP","floor":28},{"not_picked":["Intimidate","Warcry+1"],"picked":"Inflame+1","floor":30},{"not_picked":["Pommel Strike","Clothesline+1"],"picked":"Battle Trance+1","floor":31},{"not_picked":["Brutality+1","Reaper"],"picked":"Double Tap","floor":33},{"not_picked":["True Grit","Anger+1"],"picked":"Metallicize+1","floor":35},{"not_picked":["Perfected Strike+1","Warcry"],"picked":"Pommel Strike+1","floor":37},{"not_picked":["Entrench+1","Spot Weakness","Disarm+1"],"picked":"SKIP","floor":42}],"player_experience":84003,"relics_obtained":[{"floor":8,"key":"Paper Frog"},{"floor":9,"key":"Incense Burner"},{"floor":12,"key":"Frozen Egg 2"},{"floor":26,"key":"Ancient Tea Set"},{"floor":28,"key":"Centennial Puzzle"},{"floor":30,"key":"Vajra"},{"floor":34,"key":"Bag of Marbles"},{"floor":34,"key":"Molten Egg 2"},{"floor":34,"key":"Du-Vu Doll"},{"floor":43,"key":"Calipers"}],"event_choices":[{"damage_healed":0,"gold_gain":0,"player_choice":"Take Damage","damage_taken":20,"relics_obtained":["Golden Idol"],"max_hp_gain":0,"max_hp_loss":0,"event_name":"Golden Idol","floor":4,"gold_loss":0},{"cards_removed":["Body Slam"],"damage_healed":5,"gold_gain":0,"player_choice":"Offered Common","damage_taken":0,"max_hp_gain":0,"max_hp_loss":0,"event_name":"Bonfire Elementals","floor":5,"gold_loss":0},{"cards_removed":["Body Slam"],"damage_healed":5,"gold_gain":0,"player_choice":"Offered Special","damage_taken":0,"max_hp_gain":0,"max_hp_loss":0,"event_name":"Bonfire Elementals","floor":5,"gold_loss":0},{"damage_healed":28,"gold_gain":0,"player_choice":"Banana","damage_taken":0,"max_hp_gain":0,"max_hp_loss":0,"event_name":"Big Fish","floor":14,"gold_loss":0},{"damage_healed":0,"gold_gain":0,"player_choice":"Upgraded","damage_taken":0,"max_hp_gain":0,"max_hp_loss":0,"event_name":"Upgrade Shrine","floor":22,"gold_loss":0,"cards_upgraded":["Flame Barrier"]},{"damage_healed":0,"gold_gain":0,"player_choice":"Max HP","damage_taken":0,"max_hp_gain":0,"max_hp_loss":5,"event_name":"Winding Halls","floor":39,"gold_loss":0},{"cards_removed":["Strike_R"],"damage_healed":0,"gold_gain":0,"player_choice":"Removed Attack","damage_taken":0,"max_hp_gain":0,"max_hp_loss":0,"event_name":"Falling","floor":41,"gold_loss":0},{"damage_healed":0,"gold_gain":0,"player_choice":"Ignored","damage_taken":0,"max_hp_gain":0,"max_hp_loss":0,"event_name":"Tomb of Lord Red Mask","floor":44,"gold_loss":0},{"damage_healed":0,"gold_gain":333,"player_choice":"Gave Idol","damage_taken":0,"max_hp_gain":0,"max_hp_loss":0,"event_name":"The Moai Head","floor":46,"relics_lost":["Golden Idol"],"gold_loss":0},{"damage_healed":0,"gold_gain":0,"player_choice":"Upgrade","damage_taken":0,"relics_obtained":["Mark of the Bloom"],"max_hp_gain":0,"max_hp_loss":0,"event_name":"MindBloom","floor":47,"gold_loss":0,"cards_upgraded":["Strike_R","Strike_R","Strike_R","Strike_R","Defend_R","Defend_R","Defend_R","Defend_R","Combust","Cleave","Feed","Rampage","Twin Strike","Reaper","Uppercut","Thunderclap","Iron Wave"]}],"is_beta":false,"boss_relics":[{"not_picked":["Velvet Choker","Black Star"],"picked":"Cursed Key"},{"not_picked":["Coffee Dripper","Empty Cage"],"picked":"Calling Bell"}],"items_purged_floors":[36,48],"is_endless":false,"potions_floor_spawned":[3,8,11,12,13,19,25,28,30,37,42],"killed_by":"Awakened One","ascension_level":0}