{"path_per_floor":["M","?","?","M","?","E","R","M","T","$","R","M","R","M","R","B",null,"M","?","$","M","?","R","M","M","T","R","E","R","M","?","R"],"character_chosen":"IRONCLAD","items_purchased":["Twin Strike","Metallicize","Good Instincts"],"gold_per_floor":[119,119,84,94,94,129,129,149,149,48,48,58,58,74,74,169,169,189,189,98,113,113,113,131,151,151,151,210,210,221,221,221,221],"floor_reached":33,"campfire_rested":0,"playtime":1639,"current_hp_per_floor":[45,45,65,63,47,42,42,44,44,44,44,43,43,44,44,13,80,61,45,45,52,52,52,43,55,55,55,45,59,50,50,50,0],"items_purged":[],"gold":221,"score":330,"play_id":"f77e5abf-5754-4a8f-becb-e3332bab92f4","local_time":"20180515213707","is_prod":false,"is_daily":false,"chose_seed":false,"is_ascension_mode":true,"campfire_upgraded":0,"timestamp":1526416627,"path_taken":["M","?","?","M","?","E","R","?","T","?","R","M","R","M","R","BOSS","M","?","$","M","?","R","M","M","T","R","E","R","M","?","R","BOSS"],"build_version":"2018-05-14v2","seed_source_timestamp":211433459770298,"purchased_purges":0,"victory":false,"master_deck":["Bash","Armaments+1","Inflame","Clothesline+1","Twin Strike+1","Metallicize","Anger+1","Feed+1","Limit Break+1","Thunderclap+1","Sword Boomerang+1","Sword Boomerang+1","Thunderclap+1","Body Slam+1","Anger+1","Twin Strike+1","Pommel Strike+1","Warcry+1","Flex+1","Good Instincts+1","Flex+1","Heavy Blade+1","True Grit+1","Evolve","Wild Strike+1"],"max_hp_per_floor":[80,80,80,80,80,80,80,80,80,80,80,80,80,80,80,80,80,80,80,80,82,82,82,82,86,86,86,86,100,104,104,104,104],"relics":["Burning Blood","Shovel","Molten Egg 2","Toxic Egg 2","Blood Vial","Prayer Wheel","Gambling Chip","Singing Bowl","Pandora\u0027s Box","Enchiridion","Lantern","Matryoshka","Unceasing Top","Tiny Chest","Mango","Anchor","Oddly Smooth Stone"],"card_choices":[{"not_picked":["Warcry","Headbutt"],"picked":"Armaments","floor":1},{"not_picked":["Body Slam","Clash"],"picked":"Inflame","floor":4},{"not_picked":["Cleave","Battle Trance"],"picked":"Clothesline","floor":6},{"not_picked":["Anger+1","Body Slam+1","Thunderclap+1"],"picked":"SKIP","floor":8},{"not_picked":["Clothesline+1","Wild Strike+1"],"picked":"Anger+1","floor":12},{"not_picked":["Pummel+1","Dual Wield+1"],"picked":"Feed+1","floor":14},{"not_picked":["Dark Embrace","Brutality"],"picked":"Limit Break+1","floor":16},{"not_picked":["Pommel Strike+1","Shrug It Off+1"],"picked":"Flex+1","floor":18},{"not_picked":["Limit Break+1","Anger+1","Sentinel+1"],"picked":"Singing Bowl","floor":21},{"not_picked":["Inflame+1","Searing Blow+1"],"picked":"Flex+1","floor":24},{"not_picked":["Dropkick+1","Armaments+1"],"picked":"Heavy Blade+1","floor":25},{"not_picked":["Sever Soul+1","Reckless Charge+1"],"picked":"True Grit+1","floor":26},{"not_picked":["Iron Wave+1","Burning Pact+1"],"picked":"Evolve","floor":28},{"not_picked":["Whirlwind+1","Pommel Strike+1"],"picked":"Wild Strike+1","floor":30}],"player_experience":151176,"potions_floor_usage":[6,12,24,28,28,33],"damage_taken":[{"damage":1,"enemies":"Cultist","floor":1,"turns":4},{"damage":8,"enemies":"Small Slimes","floor":4,"turns":5},{"damage":11,"enemies":"3 Sentries","floor":6,"turns":8},{"damage":4,"enemies":"Jaw Worm","floor":8,"turns":3},{"damage":9,"enemies":"Exordium Wildlife","floor":12,"turns":5},{"damage":7,"enemies":"Blue Slaver","floor":14,"turns":3},{"damage":39,"enemies":"The Guardian","floor":16,"turns":16},{"damage":25,"enemies":"2 Thieves","floor":18,"turns":3},{"damage":3,"enemies":"Spheric Guardian","floor":21,"turns":3},{"damage":17,"enemies":"Snake Plant","floor":24,"turns":2},{"damage":0,"enemies":"Sentry and Sphere","floor":25,"turns":3},{"damage":30,"enemies":"Slavers","floor":28,"turns":4},{"damage":21,"enemies":"Centurion and Healer","floor":30,"turns":3},{"damage":60,"enemies":"Champ","floor":33,"turns":7}],"relics_obtained":[{"floor":6,"key":"Molten Egg 2"},{"floor":7,"key":"Toxic Egg 2"},{"floor":9,"key":"Blood Vial"},{"floor":11,"key":"Prayer Wheel"},{"floor":13,"key":"Gambling Chip"},{"floor":15,"key":"Singing Bowl"},{"floor":19,"key":"Enchiridion"},{"floor":23,"key":"Lantern"},{"floor":26,"key":"Matryoshka"},{"floor":27,"key":"Unceasing Top"},{"floor":28,"key":"Tiny Chest"},{"floor":29,"key":"Mango"},{"floor":32,"key":"Oddly Smooth Stone"}],"event_choices":[{"event_name":"Living Wall","player_choice":"Grow","floor":2,"damage_taken":0},{"event_name":"The Cleric","player_choice":"Healed","floor":3,"damage_taken":0},{"event_name":"Shining Light","player_choice":"Entered Light","floor":5,"damage_taken":0},{"event_name":"Cursed Tome","player_choice":"Obtained Book","floor":19,"damage_taken":0},{"event_name":"Vampires","player_choice":"Ignored","floor":22,"damage_taken":0},{"event_name":"The Mausoleum","player_choice":"Yes","floor":31,"damage_taken":0}],"boss_relics":[{"not_picked":["Black Blood","Ectoplasm"],"picked":"Pandora\u0027s Box"}],"potions_floor_spawned":[4,6,16,21,24,30],"seed_played":"2954122965369991686","killed_by":"Champ","ascension_level":3,"potions_obtained":[{"floor":4,"key":"Block Potion"},{"floor":6,"key":"Fire Potion"},{"floor":16,"key":"Fire Potion"},{"floor":21,"key":"Block Potion"},{"floor":24,"key":"Regen Potion"},{"floor":30,"key":"Weak Potion"}],"is_trial":false}