{"gold_per_floor":[109,109,33,108,123,123,150,167,222,232,247,259,259,286,286,384,384,384,299,248,173,173,173,173,173,173,173,173,173,137,137,137,137],"floor_reached":33,"playtime":3961,"items_purged":[],"score":259,"play_id":"00ddf8d9-24ca-4580-94ef-27e4c7f6534e","local_time":"20190202131429","is_ascension_mode":false,"campfire_choices":[{"floor":6,"key":"REST"},{"floor":13,"key":"REST"},{"floor":15,"key":"REST"},{"floor":23,"key":"REST"},{"floor":28,"key":"REST"},{"floor":32,"key":"REST"}],"neow_cost":"NONE","seed_source_timestamp":94063673490535,"circlet_count":0,"master_deck":["Strike_R","Strike_R","Strike_R","Strike_R","Defend_R","Defend_R","Defend_R","Defend_R","Bash","Shrug It Off","Rampage","Twin Strike","Combust","Perfected Strike","Armaments","Intimidate","Rupture","Reaper","Combust","Clothesline","Iron Wave","Inflame","Heavy Blade","Bludgeon","Shrug It Off+1","Rupture","Perfected Strike+1"],"relics":["Burning Blood","Vajra","Tiny Chest","Torii","Ectoplasm","Incense Burner","Ginger","Toxic Egg 2","PreservedInsect","Blood Vial"],"potions_floor_usage":[25,33,33],"damage_taken":[{"damage":8,"enemies":"Jaw Worm","floor":1,"turns":4},{"damage":7,"enemies":"2 Louse","floor":5,"turns":3},{"damage":22,"enemies":"3 Sentries","floor":7,"turns":11},{"damage":3,"enemies":"Small Slimes","floor":8,"turns":3},{"damage":5,"enemies":"Looter","floor":10,"turns":3},{"damage":10,"enemies":"Gremlin Gang","floor":11,"turns":3},{"damage":14,"enemies":"Blue Slaver","floor":12,"turns":3},{"damage":35,"enemies":"Lagavulin","floor":14,"turns":7},{"damage":35,"enemies":"Slime Boss","floor":16,"turns":5},{"damage":14,"enemies":"Spheric Guardian","floor":18,"turns":4},{"damage":30,"enemies":"2 Thieves","floor":21,"turns":4},{"damage":28,"enemies":"Centurion and Healer","floor":22,"turns":7},{"damage":28,"enemies":"Shelled Parasite and Fungi","floor":24,"turns":6},{"damage":9,"enemies":"Colosseum Slavers","floor":25,"turns":4},{"damage":30,"enemies":"Colosseum Nobs","floor":25,"turns":4},{"damage":31,"enemies":"Snake Plant","floor":27,"turns":4},{"damage":21,"enemies":"3 Cultists","floor":31,"turns":5},{"damage":70,"enemies":"Automaton","floor":33,"turns":6}],"seed_played":"1694844364227985497","potions_obtained":[{"floor":7,"key":"Energy Potion"},{"floor":8,"key":"SteroidPotion"},{"floor":12,"key":"Swift Potion"},{"floor":24,"key":"Regen Potion"},{"floor":27,"key":"Poison Potion"}],"is_trial":false,"path_per_floor":["M","?","$","?","M","R","E","M","T","M","M","M","R","E","R","B",null,"M","?","$","M","M","R","M","?","T","M","R","T","$","M","R","B"],"character_chosen":"IRONCLAD","items_purchased":["Rampage","Clothesline","Rupture"],"campfire_rested":6,"item_purchase_floors":[3,20,30],"current_hp_per_floor":[78,78,78,67,66,80,64,67,67,68,64,56,80,51,75,46,80,72,72,72,48,31,55,40,47,47,22,46,46,46,33,57,0],"gold":137,"neow_bonus":"REMOVE_CARD","is_prod":false,"is_daily":false,"chose_seed":false,"campfire_upgraded":0,"win_rate":0.0,"timestamp":1549134869,"path_taken":["M","?","$","?","M","R","E","M","T","M","M","M","R","E","R","BOSS","M","?","$","M","M","R","M","?","T","M","R","?","$","M","R","BOSS"],"build_version":"2019-01-23","purchased_purges":0,"victory":false,"max_hp_per_floor":[80,80,80,80,80,80,80,80,80,80,80,80,80,80,80,80,80,80,80,80,80,80,80,80,80,80,80,80,80,80,80,80,80],"card_choices":[{"not_picked":["Sword Boomerang","Second Wind"],"picked":"Shrug It Off","floor":1},{"not_picked":["Reckless Charge","Flex"],"picked":"Twin Strike","floor":5},{"not_picked":["Entrench","Anger"],"picked":"Combust","floor":7},{"not_picked":["Twin Strike","Hemokinesis"],"picked":"Perfected Strike","floor":8},{"not_picked":["Carnage","Dual Wield"],"picked":"Armaments","floor":10},{"not_picked":["Corruption","Bloodletting"],"picked":"Intimidate","floor":11},{"not_picked":["Hemokinesis","Armaments","True Grit"],"picked":"SKIP","floor":12},{"not_picked":["Dark Embrace","Clash"],"picked":"Rupture","floor":14},{"not_picked":["Double Tap","Fiend Fire"],"picked":"Reaper","floor":16},{"not_picked":["Sword Boomerang","Reckless Charge"],"picked":"Combust","floor":18},{"not_picked":["Dual Wield","Body Slam"],"picked":"Iron Wave","floor":21},{"not_picked":["Perfected Strike","Intimidate"],"picked":"Inflame","floor":22},{"not_picked":["Hemokinesis","Shrug It Off"],"picked":"Heavy Blade","floor":24},{"not_picked":["Rampage","Feel No Pain+1"],"picked":"Bludgeon","floor":25},{"not_picked":["Clash+1","Carnage"],"picked":"Shrug It Off+1","floor":27},{"not_picked":["Twin Strike","Warcry+1"],"picked":"Perfected Strike+1","floor":31}],"player_experience":65591,"relics_obtained":[{"floor":7,"key":"Vajra"},{"floor":9,"key":"Tiny Chest"},{"floor":14,"key":"Torii"},{"floor":25,"key":"Ginger"},{"floor":25,"key":"Toxic Egg 2"},{"floor":26,"key":"PreservedInsect"},{"floor":29,"key":"Blood Vial"}],"event_choices":[{"damage_healed":0,"gold_gain":0,"player_choice":"Ignored","damage_taken":0,"max_hp_gain":0,"max_hp_loss":0,"event_name":"Golden Wing","floor":2,"gold_loss":0},{"damage_healed":0,"gold_gain":75,"player_choice":"Gather Gold","damage_taken":11,"max_hp_gain":0,"max_hp_loss":0,"event_name":"World of Goop","floor":4,"gold_loss":0},{"damage_healed":0,"gold_gain":0,"player_choice":"Obtained Relic","damage_taken":0,"relics_obtained":["Incense Burner"],"max_hp_gain":0,"max_hp_loss":0,"event_name":"Addict","floor":19,"gold_loss":85},{"damage_healed":0,"gold_gain":0,"player_choice":"Fight","damage_taken":0,"max_hp_gain":0,"max_hp_loss":0,"event_name":"Colosseum","floor":25,"gold_loss":0},{"damage_healed":0,"gold_gain":0,"player_choice":"Fought Nobs","damage_taken":0,"max_hp_gain":0,"max_hp_loss":0,"event_name":"Colosseum","floor":25,"gold_loss":0}],"is_beta":false,"boss_relics":[{"not_picked":["Tiny House","Pandora\u0027s Box"],"picked":"Ectoplasm"}],"items_purged_floors":[],"is_endless":false,"potions_floor_spawned":[7,8,12,16,22,24,27],"killed_by":"Automaton","ascension_level":0}