{"gold_per_floor":[115,115,115,130,150,150,150,150,207,207,53,71,71,90,90,214,214,234,254,254],"floor_reached":20,"playtime":791,"items_purged":["Regret"],"score":197,"play_id":"f699ffd3-42ee-4481-b4d1-5ec2a1747f5d","local_time":"20190208133654","is_ascension_mode":true,"campfire_choices":[{"data":"Armaments","floor":6,"key":"SMITH"},{"data":"Seeing Red","floor":8,"key":"SMITH"},{"data":"Bash","floor":10,"key":"SMITH"},{"data":"Metallicize","floor":13,"key":"SMITH"},{"data":"Disarm","floor":15,"key":"SMITH"}],"neow_cost":"CURSE","seed_source_timestamp":79946131492333,"circlet_count":0,"master_deck":["Strike_R","Strike_R","Strike_R","Strike_R","Strike_R","Defend_R","Defend_R","Defend_R","Defend_R","Bash+1","Decay","Seeing Red+1","Armaments+1","Metallicize+1","Disarm+1","Iron Wave","Barricade","Iron Wave"],"relics":["Burning Blood","Turnip","Orichalcum","Golden Idol","Tiny Chest","Mark of Pain"],"potions_floor_usage":[20,20],"damage_taken":[{"damage":2,"enemies":"2 Louse","floor":1,"turns":3},{"damage":12,"enemies":"Cultist","floor":4,"turns":4},{"damage":8,"enemies":"Jaw Worm","floor":5,"turns":3},{"damage":0,"enemies":"3 Louse","floor":12,"turns":5},{"damage":6,"enemies":"2 Fungi Beasts","floor":14,"turns":5},{"damage":28,"enemies":"The Guardian","floor":16,"turns":14},{"damage":37,"enemies":"Spheric Guardian","floor":18,"turns":11},{"damage":7,"enemies":"3 Byrds","floor":19,"turns":10},{"damage":57,"enemies":"Centurion and Healer","floor":20,"turns":13}],"seed_played":"-8002289119509591952","potions_obtained":[{"floor":4,"key":"AttackPotion"},{"floor":5,"key":"Explosive Potion"},{"floor":19,"key":"Explosive Potion"}],"is_trial":false,"path_per_floor":["M","?","?","M","M","R","?","R","T","R","$","M","R","M","R","B",null,"M","M","M"],"character_chosen":"IRONCLAD","items_purchased":["Metallicize"],"campfire_rested":0,"item_purchase_floors":[11],"current_hp_per_floor":[80,80,80,74,72,72,52,52,52,52,52,58,58,58,58,36,80,49,48,0],"gold":254,"neow_bonus":"ONE_RARE_RELIC","is_prod":false,"is_daily":false,"chose_seed":false,"campfire_upgraded":5,"win_rate":0,"timestamp":1549629414,"path_taken":["M","?","?","M","?","R","?","R","T","R","$","M","R","M","R","BOSS","M","M","M"],"build_version":"2019-01-23","purchased_purges":1,"victory":false,"max_hp_per_floor":[80,80,80,80,80,80,80,80,80,80,80,80,80,80,80,80,80,80,80,80],"card_choices":[{"not_picked":["Burning Pact","Power Through"],"picked":"Seeing Red","floor":1},{"not_picked":["Second Wind","Headbutt","Pommel Strike"],"picked":"SKIP","floor":4},{"not_picked":["Warcry","Flex"],"picked":"Armaments","floor":5},{"not_picked":["Second Wind","Evolve"],"picked":"Disarm","floor":12},{"not_picked":["Rupture","True Grit"],"picked":"Iron Wave","floor":14},{"not_picked":["Juggernaut","Immolate"],"picked":"Barricade","floor":16},{"not_picked":["Whirlwind+1","Flex"],"picked":"Iron Wave","floor":18},{"not_picked":["Clash","Havoc","Clothesline"],"picked":"SKIP","floor":19}],"player_experience":246779,"relics_obtained":[{"floor":9,"key":"Tiny Chest"}],"event_choices":[{"damage_healed":0,"gold_gain":0,"player_choice":"Box","damage_taken":0,"relics_obtained":["Orichalcum"],"max_hp_gain":0,"max_hp_loss":0,"event_name":"Big Fish","floor":2,"gold_loss":0,"cards_obtained":["Regret"]},{"damage_healed":0,"gold_gain":0,"player_choice":"Bought 0 Potions","damage_taken":0,"max_hp_gain":0,"max_hp_loss":0,"event_name":"The Woman in Blue","floor":3,"gold_loss":0},{"damage_healed":0,"gold_gain":0,"player_choice":"Take Damage","damage_taken":20,"relics_obtained":["Golden Idol"],"max_hp_gain":0,"max_hp_loss":0,"event_name":"Golden Idol","floor":7,"gold_loss":0}],"is_beta":false,"boss_relics":[{"not_picked":["Coffee Dripper","Lizard Tail"],"picked":"Mark of Pain"}],"items_purged_floors":[11],"is_endless":false,"potions_floor_spawned":[4,5,19],"killed_by":"Centurion and Healer","ascension_level":4}