{"gold_per_floor":[11,11,11,86,86,117,117,138,138,177,177,201,201,62,62,187,187,202,202,187,199,199],"floor_reached":22,"playtime":986,"items_purged":[],"score":266,"play_id":"398ebb9a-4236-486d-81bc-923f2e842109","local_time":"20190124221306","is_ascension_mode":true,"campfire_choices":[{"floor":11,"key":"REST"},{"data":"Zap","floor":13,"key":"SMITH"},{"floor":15,"key":"REST"}],"neow_cost":"NO_GOLD","seed_source_timestamp":0,"circlet_count":0,"master_deck":["Strike_B","Strike_B","Defend_B","Defend_B","Defend_B","Defend_B","Zap+1","Dualcast","Ball Lightning","Tempest","Seek","Coolheaded","Hologram+1","Redo+1","Jack Of All Trades+1","Fusion+1","Creative AI","Hologram+1","FTL+1"],"special_seed":0,"relics":["FrozenCore","Mango","Cables","Bloody Idol","Toxic Egg 2","Pen Nib","Dream Catcher"],"potions_floor_usage":[22,22],"damage_taken":[{"damage":0.0,"enemies":"2 Louse","floor":1.0,"turns":3.0},{"damage":24.0,"enemies":"Gremlin Nob","floor":6.0,"turns":4.0},{"damage":7.0,"enemies":"Jaw Worm","floor":8.0,"turns":3.0},{"damage":25,"enemies":"Lagavulin","floor":10,"turns":5},{"damage":24,"enemies":"The Guardian","floor":16,"turns":10},{"damage":10,"enemies":"Chosen","floor":18,"turns":6},{"damage":28,"enemies":"2 Thieves","floor":20,"turns":5},{"damage":29,"enemies":"Snake Plant","floor":21,"turns":4},{"damage":25,"enemies":"Centurion and Healer","floor":22,"turns":6}],"seed_played":"262367498951471767","potions_obtained":[{"floor":1.0,"key":"Weak Potion"},{"floor":6.0,"key":"Explosive Potion"},{"floor":8.0,"key":"Explosive Potion"},{"floor":18,"key":"SpeedPotion"},{"floor":20,"key":"Ancient Potion"}],"is_trial":false,"path_per_floor":["M","?","$","?","?","E","?","M","T","E","R","T","R","$","R","B",null,"M","?","M","M","M"],"character_chosen":"DEFECT","items_purchased":["Redo+1","Jack Of All Trades+1"],"campfire_rested":2,"item_purchase_floors":[14,14],"current_hp_per_floor":[82,75,75,64,64,40,40,33,33,8,32,32,32,32,56,32,70,60,60,42,18,0],"gold":199,"neow_bonus":"ONE_RARE_RELIC","is_prod":false,"is_daily":false,"chose_seed":false,"campfire_upgraded":1,"win_rate":0,"timestamp":1548367986,"path_taken":["M","?","$","?","?","E","?","M","T","E","R","?","R","$","R","BOSS","M","?","M","M","M"],"build_version":"2019-01-23","purchased_purges":0,"victory":false,"max_hp_per_floor":[89,89,89,89,89,89,82,82,82,82,82,82,82,82,82,82,82,82,82,82,82,82],"card_choices":[{"not_picked":["Melter","Sweeping Beam"],"picked":"Ball Lightning","floor":1.0},{"not_picked":["Rebound","Redo"],"picked":"Seek","floor":6.0},{"not_picked":["Static Discharge","Cold Snap"],"picked":"Coolheaded","floor":8.0},{"not_picked":["Blizzard","Skim+1"],"picked":"Hologram+1","floor":10},{"not_picked":["Streamline","Ball Lightning"],"picked":"Fusion+1","floor":15},{"not_picked":["Machine Learning","Seek+1"],"picked":"Creative AI","floor":16},{"not_picked":["Rip and Tear","Streamline+1","Hello World"],"picked":"SKIP","floor":18},{"not_picked":["Sunder","Streamline"],"picked":"Hologram+1","floor":20},{"not_picked":["Melter","Conserve Battery+1"],"picked":"FTL+1","floor":21}],"player_experience":473035,"relics_obtained":[{"floor":6.0,"key":"Cables"},{"floor":9.0,"key":"Toxic Egg 2"},{"floor":10,"key":"Pen Nib"},{"floor":12,"key":"Dream Catcher"}],"event_choices":[{"cards_removed":["Strike_B"],"damage_healed":0.0,"max_hp_gain":0.0,"max_hp_loss":0.0,"gold_gain":0.0,"event_name":"Golden Wing","player_choice":"Card Removal","floor":2.0,"gold_loss":0.0,"damage_taken":7.0},{"damage_healed":0.0,"max_hp_gain":0.0,"max_hp_loss":0.0,"gold_gain":75.0,"event_name":"World of Goop","player_choice":"Gather Gold","floor":4.0,"gold_loss":0.0,"damage_taken":11.0},{"damage_healed":0.0,"max_hp_gain":0.0,"max_hp_loss":0.0,"gold_gain":0.0,"cards_transformed":["Strike_B"],"event_name":"Living Wall","player_choice":"Change","floor":5.0,"gold_loss":0.0,"damage_taken":0.0,"cards_obtained":["Tempest"]},{"damage_healed":0.0,"max_hp_gain":0.0,"max_hp_loss":7.0,"gold_gain":0.0,"event_name":"Golden Idol","player_choice":"Lose Max HP","floor":7.0,"gold_loss":0.0,"damage_taken":0.0,"relics_obtained":["Golden Idol"]},{"damage_healed":0,"gold_gain":0,"player_choice":"Gave Idol","damage_taken":0,"relics_obtained":["Bloody Idol"],"max_hp_gain":0,"max_hp_loss":0,"event_name":"Forgotten Altar","floor":19,"relics_lost":["Golden Idol"],"gold_loss":0}],"is_beta":true,"boss_relics":[{"not_picked":["Inserter","Empty Cage"],"picked":"FrozenCore"}],"items_purged_floors":[],"is_endless":false,"potions_floor_spawned":[1,6,8,18,20],"killed_by":"Centurion and Healer","ascension_level":8}