{"gold_per_floor":[119,7,107,123,138,168,187,50,73,73,87,87,103,119,119,193,193,210,210,224,92,110,110,10,10,36,36],"floor_reached":27,"playtime":745,"items_purged":["Strike_B","Strike_B"],"score":430,"play_id":"55a67ea5-138b-4f80-b2ca-6eccab4c3763","local_time":"20190205012948","is_ascension_mode":true,"campfire_choices":[{"data":"Zap","floor":10,"key":"SMITH"},{"data":"Hologram","floor":12,"key":"SMITH"},{"data":"Hologram","floor":15,"key":"SMITH"},{"data":"Capacitor","floor":23,"key":"SMITH"},{"data":"Chill","floor":25,"key":"SMITH"}],"neow_cost":"NONE","seed_source_timestamp":35047941424881,"circlet_count":0,"master_deck":["AscendersBane","Strike_B","Strike_B","Defend_B","Defend_B","Defend_B","Defend_B","Zap+1","Dualcast","Hologram+1","Hello World","Ball Lightning","Rebound","Cold Snap","Hologram+1","Cold Snap","Stack","Doom and Gloom","Chill+1","Capacitor+1","Barrage","Electrodynamics","Steam","Conserve Battery"],"relics":["Cracked Core","NeowsBlessing","Bag of Preparation","Art of War","Busted Crown","Bronze Scales"],"potions_floor_usage":[6,16,18,20,20],"damage_taken":[{"damage":0,"enemies":"Jaw Worm","floor":1,"turns":1},{"damage":0,"enemies":"Cultist","floor":4,"turns":1},{"damage":0,"enemies":"Small Slimes","floor":5,"turns":1},{"damage":9,"enemies":"3 Sentries","floor":6,"turns":6},{"damage":3,"enemies":"3 Louse","floor":7,"turns":2},{"damage":10,"enemies":"Large Slime","floor":11,"turns":4},{"damage":1,"enemies":"2 Fungi Beasts","floor":13,"turns":3},{"damage":0,"enemies":"Gremlin Gang","floor":14,"turns":3},{"damage":40,"enemies":"The Guardian","floor":16,"turns":11},{"damage":11,"enemies":"Shell Parasite","floor":18,"turns":5},{"damage":4,"enemies":"3 Byrds","floor":20,"turns":1},{"damage":9,"enemies":"Centurion and Healer","floor":22,"turns":6},{"damage":24,"enemies":"Masked Bandits","floor":27,"turns":3}],"seed_played":"1002263705791739384","potions_obtained":[{"floor":1,"key":"Strength Potion"},{"floor":5,"key":"FearPotion"},{"floor":11,"key":"Ancient Potion"},{"floor":16,"key":"LiquidBronze"},{"floor":18,"key":"Explosive Potion"}],"is_trial":false,"path_per_floor":["M","$","?","M","M","E","M","$","T","R","M","R","M","M","R","B",null,"M","?","M","$","M","R","$","R","T","?"],"character_chosen":"DEFECT","items_purchased":["Hello World","Ball Lightning","Stack","Doom and Gloom","Conserve Battery"],"campfire_rested":0,"item_purchase_floors":[2,2,8,8,21],"current_hp_per_floor":[64,64,64,64,64,55,52,52,52,52,42,42,41,41,41,1,54,43,43,39,39,30,30,30,30,30,6],"gold":36,"neow_bonus":"THREE_ENEMY_KILL","is_prod":false,"is_daily":false,"chose_seed":false,"campfire_upgraded":5,"win_rate":0,"timestamp":1549358988,"path_taken":["M","$","?","M","?","E","M","$","T","R","M","R","M","M","R","BOSS","M","?","M","$","M","R","$","R","T","?"],"build_version":"2019-01-23","purchased_purges":2,"victory":false,"max_hp_per_floor":[71,71,71,71,71,71,71,71,71,71,71,71,71,71,71,71,71,71,71,71,71,71,71,71,71,71,71],"card_choices":[{"not_picked":["Static Discharge","Rebound"],"picked":"Hologram","floor":1},{"not_picked":["Rip and Tear","Static Discharge"],"picked":"Rebound","floor":4},{"not_picked":["Leap","Sweeping Beam"],"picked":"Cold Snap","floor":5},{"not_picked":["Turbo","Force Field"],"picked":"Hologram","floor":6},{"not_picked":["Fusion","Rebound"],"picked":"Cold Snap","floor":7},{"not_picked":["Recycle","Beam Cell"],"picked":"Chill","floor":11},{"not_picked":["Force Field","Streamline"],"picked":"Capacitor","floor":13},{"not_picked":["Turbo","Go for the Eyes"],"picked":"Barrage","floor":14},{"not_picked":["Seek","Core Surge"],"picked":"Electrodynamics","floor":16},{"not_picked":[],"picked":"Steam","floor":20}],"player_experience":1128580,"relics_obtained":[{"floor":6,"key":"Bag of Preparation"},{"floor":9,"key":"Art of War"},{"floor":26,"key":"Bronze Scales"}],"event_choices":[{"damage_healed":0,"gold_gain":100,"player_choice":"Gold","damage_taken":0,"max_hp_gain":0,"max_hp_loss":0,"event_name":"Wheel of Change","floor":3,"gold_loss":0},{"damage_healed":0,"gold_gain":0,"player_choice":"Ignored","damage_taken":0,"max_hp_gain":0,"max_hp_loss":0,"event_name":"Ghosts","floor":19,"gold_loss":0},{"damage_healed":0,"gold_gain":0,"player_choice":"Fought Bandits","damage_taken":0,"max_hp_gain":0,"max_hp_loss":0,"event_name":"Masked Bandits","floor":27,"gold_loss":0}],"is_beta":true,"boss_relics":[{"not_picked":["Inserter","Lizard Tail"],"picked":"Busted Crown"}],"items_purged_floors":[21,24],"is_endless":false,"potions_floor_spawned":[1,5,11,13,16,18],"killed_by":"Masked Bandits","ascension_level":20}