{"path_per_floor":["M","?","?","M","M","R","M","M","T","?","M","$","M","$","R","B",null,"M","?","?","$","M","R","E","$","T","R","T","M","M","E","R"],"character_chosen":"DEFECT","items_purchased":["Blind","Oddly Smooth Stone"],"gold_per_floor":[118,118,118,130,143,143,163,176,226,226,239,60,80,80,80,177,177,192,219,219,76,87,87,119,19,19,19,64,74,86,116,116,116],"floor_reached":33,"campfire_rested":0,"playtime":1903,"current_hp_per_floor":[68,68,68,68,68,68,67,67,67,67,67,67,67,67,67,61,75,70,65,65,65,59,59,48,48,48,48,48,50,51,42,42,0],"items_purged":["Dualcast","Strike_B"],"gold":116,"score":332,"play_id":"3932d1f0-336c-4e91-976e-79665f9ab1f0","local_time":"20180511181125","is_prod":false,"is_daily":false,"chose_seed":false,"is_ascension_mode":true,"campfire_upgraded":5,"timestamp":1526087485,"path_taken":["M","?","?","?","M","R","M","M","T","?","M","$","?","?","R","BOSS","M","?","?","$","M","R","E","?","T","R","?","?","M","E","R","BOSS"],"build_version":"2018-05-10","seed_source_timestamp":153099892150647,"purchased_purges":2,"victory":false,"master_deck":["Strike_B","Strike_B","Defend_B+1","Defend_B+1","Defend_B","Defend_B","Zap","Glacier","Coolheaded+1","Blizzard+1","BootSequence","Glacier","Blind+1","Sunder","Fission+1","Coolheaded+1","Injury","Clumsy"],"max_hp_per_floor":[75,75,75,75,75,75,75,75,75,75,75,75,75,75,75,75,75,75,75,75,75,75,75,75,75,75,75,75,77,79,81,81,81],"relics":["Cracked Core","Dream Catcher","Vajra","Cursed Key","Red Mask","Oddly Smooth Stone","Gremlin Horn","Bottled Flame","Singing Bowl","Lantern"],"card_choices":[{"not_picked":["Turbo","Stack"],"picked":"Glacier","floor":1},{"not_picked":["Steam","Barrage"],"picked":"Coolheaded","floor":4},{"not_picked":["Chill","Redo"],"picked":"Blizzard","floor":5},{"not_picked":["Streamline","Biased Cognition"],"picked":"BootSequence","floor":7},{"not_picked":["Rebound","Barrage"],"picked":"Glacier","floor":11},{"not_picked":["Barrage","Streamline"],"picked":"Sunder","floor":13},{"not_picked":["Thunder Strike","Buffer"],"picked":"Fission","floor":16},{"not_picked":["Streamline","Steam Power"],"picked":"Coolheaded","floor":18}],"player_experience":210475,"potions_floor_usage":[11,16,16,18,19],"damage_taken":[{"damage":7,"enemies":"Small Slimes","floor":1,"turns":4},{"damage":0,"enemies":"Cultist","floor":4,"turns":3},{"damage":0,"enemies":"2 Louse","floor":5,"turns":3},{"damage":1,"enemies":"Red Slaver","floor":7,"turns":4},{"damage":0,"enemies":"Blue Slaver","floor":8,"turns":3},{"damage":0,"enemies":"Exordium Thugs","floor":11,"turns":4},{"damage":0,"enemies":"Exordium Wildlife","floor":13,"turns":6},{"damage":6,"enemies":"Slime Boss","floor":16,"turns":14},{"damage":5,"enemies":"Shell Parasite","floor":18,"turns":7},{"damage":5,"enemies":"Masked Bandits","floor":19,"turns":7},{"damage":6,"enemies":"Spheric Guardian","floor":22,"turns":8},{"damage":11,"enemies":"Gremlin Leader","floor":24,"turns":10},{"damage":0,"enemies":"Centurion and Healer","floor":29,"turns":8},{"damage":1,"enemies":"Snake Plant","floor":30,"turns":5},{"damage":11,"enemies":"Book of Stabbing","floor":31,"turns":9},{"damage":50,"enemies":"Champ","floor":33,"turns":16}],"event_choices":[{"event_name":"Upgrade Shrine","player_choice":"Upgraded","floor":2,"damage_taken":0},{"event_name":"Living Wall","player_choice":"Grow","floor":3,"damage_taken":0},{"event_name":"Match and Keep!","player_choice":"0 cards matched","floor":10,"damage_taken":0},{"event_name":"Masked Bandits","player_choice":"Fought over 192 gold","floor":19,"damage_taken":0},{"event_name":"Purifier","player_choice":"One Purge","floor":20,"damage_taken":0}],"boss_relics":[{"not_picked":["Black Star","Eternal Feather"],"picked":"Cursed Key"}],"potions_floor_spawned":[4,7,11,16,18,30],"seed_played":"-1857200385188677722","killed_by":"Champ","ascension_level":4,"is_trial":false}