{"gold_per_floor":[18,18,29,48,48,83,103,103,126,126,159,159,194,210,210,311,311,328,158,176,176,91,117,129,141,176,200,223,235,247,269,281,293],"floor_reached":33,"playtime":1057,"items_purged":["Strike_B"],"score":504,"play_id":"a87ee498-6876-4087-a295-786ddf0ebd77","local_time":"20190120215353","is_ascension_mode":true,"campfire_choices":[{"data":"Seek","floor":8,"key":"SMITH"},{"data":"Zap","floor":10,"key":"SMITH"},{"floor":15,"key":"REST"},{"data":"Enlightenment","floor":24,"key":"SMITH"},{"data":"Dualcast","floor":29,"key":"SMITH"},{"floor":32,"key":"REST"}],"neow_cost":"NO_GOLD","seed_source_timestamp":883996118173204,"circlet_count":0,"master_deck":["Strike_B","Strike_B","Strike_B","Defend_B","Defend_B","Defend_B","Defend_B","Zap+1","Dualcast+1","Hyperbeam+1","Gash","Steam","Rebound","Seek+1","Sunder","Buffer","Beam Cell","Enlightenment+1","White Noise","Gash+1"],"relics":["Cracked Core","Lantern","Ancient Tea Set","Bag of Preparation","Omamori","Pen Nib","Busted Crown","Thread and Needle","MawBank","Unceasing Top","Art of War"],"potions_floor_usage":[11,11,16,16,23,33],"damage_taken":[{"damage":5,"enemies":"Small Slimes","floor":1,"turns":2},{"damage":2,"enemies":"2 Louse","floor":3,"turns":2},{"damage":0,"enemies":"Cultist","floor":4,"turns":2},{"damage":23,"enemies":"Gremlin Nob","floor":6,"turns":4},{"damage":0,"enemies":"2 Fungi Beasts","floor":7,"turns":1},{"damage":4,"enemies":"Lagavulin","floor":11,"turns":4},{"damage":0,"enemies":"3 Sentries","floor":13,"turns":2},{"damage":0,"enemies":"3 Louse","floor":14,"turns":2},{"damage":0,"enemies":"Slime Boss","floor":16,"turns":5},{"damage":0,"enemies":"3 Byrds","floor":18,"turns":2},{"damage":1,"enemies":"Chosen","floor":20,"turns":3},{"damage":38,"enemies":"Slavers","floor":23,"turns":4},{"damage":0,"enemies":"Centurion and Healer","floor":27,"turns":1},{"damage":8,"enemies":"Snake Plant","floor":28,"turns":2},{"damage":0,"enemies":"Sentry and Sphere","floor":31,"turns":3},{"damage":67,"enemies":"Automaton","floor":33,"turns":6}],"seed_played":"-2966476598121527561","potions_obtained":[{"floor":6,"key":"Strength Potion"},{"floor":7,"key":"Fire Potion"},{"floor":11,"key":"Weak Potion"},{"floor":12,"key":"Regen Potion"},{"floor":12,"key":"GamblersBrew"},{"floor":12,"key":"FearPotion"},{"floor":23,"key":"Fire Potion"},{"floor":27,"key":"LiquidBronze"},{"floor":28,"key":"Fire Potion"},{"floor":31,"key":"Dexterity Potion"}],"is_trial":false,"path_per_floor":["M","?","M","M","?","E","M","R","T","R","E","?","E","M","R","B",null,"M","$","M","?","?","E","R","T","T","M","M","R","$","M","R","B"],"character_chosen":"DEFECT","items_purchased":["Enlightenment"],"campfire_rested":2,"item_purchase_floors":[19],"current_hp_per_floor":[63,56,54,54,54,31,31,31,31,31,27,27,27,27,49,49,69,69,69,68,68,68,39,39,39,39,39,31,31,31,31,53,0],"gold":293,"neow_bonus":"THREE_RARE_CARDS","is_prod":false,"is_daily":false,"chose_seed":false,"campfire_upgraded":4,"win_rate":0,"timestamp":1548021233,"path_taken":["M","?","M","M","?","E","M","R","T","R","E","?","E","?","R","BOSS","M","$","M","?","?","E","R","?","T","M","?","R","$","M","R","BOSS"],"build_version":"2019-01-19","purchased_purges":1,"victory":false,"max_hp_per_floor":[75,75,75,75,75,75,75,75,75,75,75,75,75,75,75,75,75,75,75,75,75,75,75,75,75,75,75,75,75,75,75,75,75],"card_choices":[{"not_picked":["Echo Form","Machine Learning"],"picked":"Hyperbeam","floor":0},{"not_picked":["Turbo","Chill"],"picked":"Gash","floor":1},{"not_picked":["Conserve Battery","Doom and Gloom","Ball Lightning"],"picked":"SKIP","floor":3},{"not_picked":["Sunder","Doom and Gloom"],"picked":"Steam","floor":4},{"not_picked":["Lockon","Barrage"],"picked":"Rebound","floor":6},{"not_picked":["Barrage","Hello World"],"picked":"Seek","floor":7},{"not_picked":["Streamline","Capacitor"],"picked":"Sunder","floor":11},{"not_picked":["Rebound","Compile Driver","Hello World"],"picked":"SKIP","floor":13},{"not_picked":["Coolheaded","Genetic Algorithm","Steam Power"],"picked":"SKIP","floor":14},{"not_picked":["Electrodynamics","Biased Cognition"],"picked":"Buffer","floor":16},{"not_picked":[],"picked":"Beam Cell","floor":18},{"not_picked":[],"picked":"White Noise","floor":20},{"not_picked":[],"picked":"Gash+1","floor":23},{"not_picked":["Ball Lightning"],"picked":"SKIP","floor":27},{"not_picked":["Streamline"],"picked":"SKIP","floor":28},{"not_picked":["Cold Snap"],"picked":"SKIP","floor":31}],"player_experience":440635,"relics_obtained":[{"floor":6,"key":"Ancient Tea Set"},{"floor":9,"key":"Bag of Preparation"},{"floor":11,"key":"Omamori"},{"floor":13,"key":"Pen Nib"},{"floor":23,"key":"MawBank"},{"floor":25,"key":"Unceasing Top"},{"floor":26,"key":"Art of War"}],"event_choices":[{"damage_healed":0,"gold_gain":0,"player_choice":"Success","damage_taken":7,"relics_obtained":["Lantern"],"max_hp_gain":0,"max_hp_loss":0,"event_name":"Scrap Ooze","floor":2,"gold_loss":0},{"damage_healed":0,"gold_gain":0,"player_choice":"Grow","damage_taken":0,"max_hp_gain":0,"max_hp_loss":0,"event_name":"Living Wall","floor":5,"gold_loss":0,"cards_upgraded":["Hyperbeam"]},{"damage_healed":0,"gold_gain":0,"player_choice":"Got Potions","damage_taken":0,"max_hp_gain":0,"max_hp_loss":0,"event_name":"Lab","floor":12,"gold_loss":0},{"damage_healed":0,"gold_gain":0,"player_choice":"Ignored","damage_taken":0,"max_hp_gain":0,"max_hp_loss":0,"event_name":"Ghosts","floor":21,"gold_loss":0},{"damage_healed":0,"gold_gain":0,"player_choice":"Obtained Relic","damage_taken":0,"relics_obtained":["Thread and Needle"],"max_hp_gain":0,"max_hp_loss":0,"event_name":"Addict","floor":22,"gold_loss":85}],"is_beta":true,"boss_relics":[{"not_picked":["Empty Cage","Ectoplasm"],"picked":"Busted Crown"}],"items_purged_floors":[19],"is_endless":false,"potions_floor_spawned":[6,7,11,13,14,23,27,28,31],"killed_by":"Automaton","ascension_level":8}