{"gold_per_floor":[109,125,144,144,164,189,114,114,162,173,173,189,160,160,160,160],"floor_reached":16,"playtime":534,"items_purged":["Defend_B"],"score":104,"play_id":"0befbd32-c7b3-4316-b3ea-87dfab18ad54","local_time":"20181216213057","is_ascension_mode":false,"campfire_choices":[{"floor":8,"key":"REST"},{"data":"Hologram","floor":11,"key":"SMITH"},{"floor":15,"key":"RECALL"}],"neow_cost":"NONE","seed_source_timestamp":348154680471181,"circlet_count":0,"master_deck":["Strike_B","Strike_B","Strike_B","Strike_B","Defend_B","Defend_B","Defend_B","Zap","Dualcast","Hologram+1","Reinforced Body","White Noise","Hologram","Multi-Cast"],"relics":["Sozu","Question Card","PreservedInsect"],"potions_floor_usage":[],"damage_taken":[{"damage":1,"enemies":"Cultist","floor":1,"turns":4},{"damage":2,"enemies":"2 Louse","floor":2,"turns":2},{"damage":0,"enemies":"Small Slimes","floor":3,"turns":3},{"damage":0,"enemies":"2 Fungi Beasts","floor":5,"turns":4},{"damage":54,"enemies":"Gremlin Nob","floor":6,"turns":7},{"damage":1,"enemies":"Exordium Wildlife","floor":10,"turns":3},{"damage":2,"enemies":"Looter","floor":12,"turns":4},{"damage":5,"enemies":"Exordium Thugs","floor":13,"turns":5},{"damage":0,"enemies":"Hexaghost","floor":16,"turns":1}],"seed_played":"-2381868546305154317","potions_obtained":[],"is_trial":false,"path_per_floor":["M","M","M","?","M","E","$","R","T","M","R","M","M","$","R","B"],"character_chosen":"DEFECT","items_purchased":[],"campfire_rested":1,"item_purchase_floors":[],"current_hp_per_floor":[74,72,72,72,72,18,18,40,40,39,39,37,32,32,32,32],"gold":160,"neow_bonus":"BOSS_RELIC","is_prod":false,"is_daily":false,"chose_seed":false,"campfire_upgraded":1,"win_rate":0,"timestamp":1544995857,"path_taken":["M","M","?","?","M","E","$","R","T","M","R","M","?","$","R","BOSS"],"build_version":"2018-12-13","purchased_purges":1,"victory":false,"max_hp_per_floor":[75,75,75,75,75,75,75,75,75,75,75,75,75,75,75,75],"card_choices":[{"not_picked":["Redo","Beam Cell"],"picked":"Hologram","floor":1},{"not_picked":["Streamline","Steam Power"],"picked":"Reinforced Body","floor":2},{"not_picked":["Cold Snap","Beam Cell"],"picked":"White Noise","floor":3},{"not_picked":["Cold Snap","Gash"],"picked":"Hologram","floor":5},{"not_picked":["Rebound","Reprogram","Rip and Tear"],"picked":"SKIP","floor":6},{"not_picked":["Undo","Thunder Strike","Ball Lightning","Leap"],"picked":"SKIP","floor":10},{"not_picked":["Streamline","Cold Snap","Sweeping Beam"],"picked":"Multi-Cast","floor":12},{"not_picked":["Steam","Coolheaded","Redo","Hologram"],"picked":"SKIP","floor":13}],"player_experience":343756,"relics_obtained":[{"floor":6,"key":"Question Card"},{"floor":9,"key":"PreservedInsect"}],"event_choices":[{"cards_removed":["Iron Wave"],"damage_healed":0,"gold_gain":0,"player_choice":"Took Card","damage_taken":0,"max_hp_gain":0,"max_hp_loss":0,"event_name":"NoteForYourself","floor":4,"gold_loss":0,"cards_obtained":["Iron Wave"]}],"is_beta":true,"boss_relics":[],"items_purged_floors":[7],"is_endless":false,"potions_floor_spawned":[3,10,12],"killed_by":"Hexaghost","ascension_level":0}