{"gold_per_floor":[114,133,149,161,161,161,161,202,270,293,43,78,253,277,277,406,406,425,425,425,445,151,190,190,205,205,205,218,218,218,233,233,361,361,380,396,69,69,87,120,135,135],"floor_reached":42,"playtime":2176,"items_purged":["Doubt","Injury"],"score":508,"play_id":"173b21bf-2bdd-476e-aa0e-27055aa84af8","local_time":"20190130020044","is_ascension_mode":true,"campfire_choices":[{"data":"Conserve Battery","floor":7,"key":"SMITH"},{"floor":15,"key":"REST"},{"floor":24,"key":"REST"},{"floor":27,"key":"REST"},{"floor":29,"key":"REST"},{"data":"Electrodynamics","floor":32,"key":"SMITH"}],"neow_cost":"NONE","seed_source_timestamp":8799467886870,"circlet_count":0,"master_deck":["Strike_B+1","Strike_B+1","Strike_B","Strike_B","Defend_B","Defend_B","Defend_B","Defend_B","Zap","Dualcast","Gash","Blizzard","Conserve Battery+1","Ball Lightning","Electrodynamics+1","Tempest","Coolheaded","Redo","All For One","Ball Lightning+1","Cold Snap","Auto Shields","Rebound+1","Storm","White Noise+1","Thunder Strike","Loop+1","Rebound+1","Loop","Steam+1","Go for the Eyes","Lockon+1","Steam+1","Apotheosis","Gash","Gash","Self Repair"],"relics":["Cracked Core","Whetstone","Torii","Golden Idol","Boot","Cables","Symbiotic Virus","Ancient Tea Set","Nuclear Battery","MutagenicStrength","Nilry\u0027s Codex","Toy Ornithopter","Juzu Bracelet","Mercury Hourglass","Strawberry","Orrery","Question Card"],"potions_floor_usage":[25,33,33,42],"damage_taken":[{"damage":3,"enemies":"Small Slimes","floor":1,"turns":3},{"damage":3,"enemies":"Jaw Worm","floor":2,"turns":3},{"damage":0,"enemies":"Cultist","floor":3,"turns":3},{"damage":0,"enemies":"2 Fungi Beasts","floor":4,"turns":3},{"damage":12,"enemies":"3 Sentries","floor":8,"turns":6},{"damage":6,"enemies":"Exordium Wildlife","floor":10,"turns":2},{"damage":11,"enemies":"Gremlin Nob","floor":12,"turns":3},{"damage":0,"enemies":"Gremlin Gang","floor":14,"turns":2},{"damage":19,"enemies":"The Guardian","floor":16,"turns":10},{"damage":0,"enemies":"Spheric Guardian","floor":18,"turns":2},{"damage":1,"enemies":"Chosen","floor":21,"turns":4},{"damage":53,"enemies":"Book of Stabbing","floor":23,"turns":7},{"damage":27,"enemies":"Shelled Parasite and Fungi","floor":25,"turns":5},{"damage":1,"enemies":"Centurion and Healer","floor":28,"turns":3},{"damage":0,"enemies":"Snecko","floor":31,"turns":3},{"damage":28,"enemies":"Collector","floor":33,"turns":6},{"damage":0,"enemies":"3 Shapes","floor":35,"turns":3},{"damage":11,"enemies":"3 Darklings","floor":36,"turns":3},{"damage":7,"enemies":"Sphere and 2 Shapes","floor":39,"turns":4},{"damage":29,"enemies":"Reptomancer","floor":40,"turns":6},{"damage":16,"enemies":"Transient","floor":41,"turns":5},{"damage":45,"enemies":"Nemesis","floor":42,"turns":2}],"seed_played":"5540476349933366787","potions_obtained":[{"floor":2,"key":"Ancient Potion"},{"floor":3,"key":"PowerPotion"},{"floor":4,"key":"Fire Potion"},{"floor":10,"key":"Poison Potion"},{"floor":28,"key":"Swift Potion"},{"floor":33,"key":"Fire Potion"},{"floor":41,"key":"Weak Potion"}],"is_trial":false,"path_per_floor":["M","M","M","M","?","?","R","E","T","M","$","E","?","M","R","B",null,"M","?","?","M","$","E","R","M","T","R","M","R","?","M","R","B",null,"M","M","$","?","M","E","M","E"],"character_chosen":"DEFECT","items_purchased":["Symbiotic Virus","Toy Ornithopter","Cold Snap","Apotheosis","Gash"],"campfire_rested":4,"item_purchase_floors":[11,22,22,37,37],"current_hp_per_floor":[72,69,69,69,51,51,51,39,39,33,33,22,22,22,44,25,75,75,75,59,58,58,5,27,5,5,27,26,48,55,55,55,37,82,82,71,71,71,64,35,19,0],"gold":135,"neow_bonus":"RANDOM_COMMON_RELIC","is_prod":false,"is_daily":false,"chose_seed":false,"campfire_upgraded":2,"win_rate":0,"timestamp":1548810044,"path_taken":["M","M","M","M","?","?","R","E","T","M","$","E","?","?","R","BOSS","M","?","?","M","?","E","R","M","T","R","M","R","?","M","R","BOSS","M","M","?","?","M","E","M","E"],"build_version":"2019-01-23","purchased_purges":2,"victory":false,"max_hp_per_floor":[75,75,75,75,75,75,75,75,75,75,75,75,75,75,75,75,75,75,75,75,75,75,75,75,75,75,75,75,75,82,82,82,82,82,82,82,82,78,78,78,78,78],"card_choices":[{"not_picked":["Turbo","Ball Lightning"],"picked":"Gash","floor":1},{"not_picked":["Darkness","Static Discharge"],"picked":"Blizzard","floor":2},{"not_picked":["Compile Driver","Beam Cell"],"picked":"Conserve Battery","floor":3},{"not_picked":["Steam","Barrage"],"picked":"Ball Lightning","floor":4},{"not_picked":["Compile Driver","Conserve Battery"],"picked":"Electrodynamics","floor":8},{"not_picked":["Steam","Compile Driver"],"picked":"Tempest","floor":10},{"not_picked":["Beam Cell","Sweeping Beam"],"picked":"Coolheaded","floor":12},{"not_picked":["Rebound","Steam"],"picked":"Redo","floor":14},{"not_picked":["Reboot","Echo Form"],"picked":"All For One","floor":16},{"not_picked":["Hologram","Static Discharge+1"],"picked":"Ball Lightning+1","floor":18},{"not_picked":["Skim","Static Discharge","Ball Lightning"],"picked":"SKIP","floor":21},{"not_picked":["Undo","Ball Lightning"],"picked":"Auto Shields","floor":23},{"not_picked":["Streamline","Leap"],"picked":"Rebound+1","floor":25},{"not_picked":["Hologram","Leap"],"picked":"Storm","floor":28},{"not_picked":["Coolheaded","Buffer"],"picked":"White Noise+1","floor":31},{"not_picked":["Echo Form","Buffer"],"picked":"Thunder Strike","floor":33},{"not_picked":["Storm","Compile Driver"],"picked":"Loop+1","floor":34},{"not_picked":["Hologram","Blizzard+1"],"picked":"Rebound+1","floor":34},{"not_picked":["Cold Snap","Stack+1"],"picked":"Loop","floor":34},{"not_picked":["Leap","Consume"],"picked":"Steam+1","floor":34},{"not_picked":["Coolheaded","Darkness"],"picked":"Go for the Eyes","floor":34},{"not_picked":["Hyperbeam","Leap+1"],"picked":"Lockon+1","floor":35},{"not_picked":["Hologram","Go for the Eyes+1"],"picked":"Steam+1","floor":36},{"not_picked":["Hologram+1","Reboot"],"picked":"Gash","floor":39},{"not_picked":["Rebound","Blizzard+1"],"picked":"Self Repair","floor":40},{"not_picked":["Compile Driver","Go for the Eyes","Rebound+1","Cold Snap+1"],"picked":"SKIP","floor":41}],"player_experience":115433,"relics_obtained":[{"floor":8,"key":"Boot"},{"floor":9,"key":"Cables"},{"floor":12,"key":"Ancient Tea Set"},{"floor":20,"key":"Nilry\u0027s Codex"},{"floor":23,"key":"Juzu Bracelet"},{"floor":26,"key":"Mercury Hourglass"},{"floor":40,"key":"Question Card"}],"event_choices":[{"damage_healed":0,"gold_gain":0,"player_choice":"Success","damage_taken":18,"relics_obtained":["Torii"],"max_hp_gain":0,"max_hp_loss":0,"event_name":"Scrap Ooze","floor":5,"gold_loss":0},{"damage_healed":0,"gold_gain":0,"player_choice":"Take Wound","damage_taken":0,"relics_obtained":["Golden Idol"],"max_hp_gain":0,"max_hp_loss":0,"event_name":"Golden Idol","floor":6,"gold_loss":0,"cards_obtained":["Injury"]},{"damage_healed":0,"gold_gain":175,"player_choice":"AGREE","damage_taken":0,"max_hp_gain":0,"max_hp_loss":0,"event_name":"Liars Game","floor":13,"gold_loss":0,"cards_obtained":["Doubt"]},{"damage_healed":0,"gold_gain":0,"player_choice":"Inject Mutagens","damage_taken":0,"relics_obtained":["MutagenicStrength"],"max_hp_gain":0,"max_hp_loss":0,"event_name":"Drug Dealer","floor":19,"gold_loss":0},{"damage_healed":0,"gold_gain":0,"player_choice":"Obtained Book","damage_taken":16,"max_hp_gain":0,"max_hp_loss":0,"event_name":"Cursed Tome","floor":20,"gold_loss":0},{"damage_healed":0,"gold_gain":0,"player_choice":"Gave Potion","damage_taken":0,"relics_obtained":["Strawberry"],"max_hp_gain":0,"max_hp_loss":0,"event_name":"WeMeetAgain","floor":30,"gold_loss":0},{"damage_healed":0,"gold_gain":0,"player_choice":"Max HP","damage_taken":0,"max_hp_gain":0,"max_hp_loss":4,"event_name":"Winding Halls","floor":38,"gold_loss":0}],"is_beta":false,"boss_relics":[{"not_picked":["Ectoplasm","Tiny House"],"picked":"Nuclear Battery"},{"not_picked":["Empty Cage","Astrolabe"],"picked":"Orrery"}],"items_purged_floors":[22,37],"is_endless":false,"potions_floor_spawned":[2,3,4,10,28,31,33,41],"killed_by":"Nemesis","ascension_level":1}