{"gold_per_floor":[113,188,199,199,199,199,169,185,185,198,219,144,144,144,144,263,263,279,279,179,204,218,218,234,234,234,109,109,125,125],"floor_reached":30,"playtime":976,"items_purged":["Strike_B","Strike_B","Strike_B"],"score":220,"play_id":"72e0aa86-13de-4c1f-b9f4-343346e5c39f","local_time":"20190112222832","is_ascension_mode":false,"campfire_choices":[{"data":"Zap","floor":6,"key":"SMITH"},{"floor":13,"key":"REST"},{"data":"Sweeping Beam","floor":15,"key":"SMITH"},{"floor":23,"key":"REST"},{"floor":25,"key":"REST"},{"data":"Fusion","floor":28,"key":"SMITH"}],"neow_cost":"NONE","seed_source_timestamp":194965740288663,"circlet_count":0,"master_deck":["Defend_B","Defend_B","Defend_B","Defend_B","Zap+1","Dualcast","Fusion+1","Sweeping Beam+1","Gash","Gash"],"relics":["FrozenCore","NeowsBlessing","Golden Idol","Prayer Wheel","Vajra","Singing Bowl"],"potions_floor_usage":[10,10,16],"damage_taken":[{"damage":0,"enemies":"Small Slimes","floor":1,"turns":1},{"damage":0,"enemies":"2 Louse","floor":3,"turns":1},{"damage":0,"enemies":"Jaw Worm","floor":8,"turns":1},{"damage":8,"enemies":"Large Slime","floor":10,"turns":4},{"damage":8,"enemies":"Lots of Slimes","floor":11,"turns":2},{"damage":29,"enemies":"Slime Boss","floor":16,"turns":8},{"damage":31,"enemies":"2 Thieves","floor":18,"turns":5},{"damage":8,"enemies":"Shell Parasite","floor":21,"turns":6},{"damage":31,"enemies":"3 Cultists","floor":22,"turns":5},{"damage":28,"enemies":"Snake Plant","floor":24,"turns":5},{"damage":14,"enemies":"Centurion and Healer","floor":29,"turns":8},{"damage":19,"enemies":"Sentry and Sphere","floor":30,"turns":5}],"seed_played":"1426586672174593395","potions_obtained":[{"floor":3,"key":"EssenceOfSteel"},{"floor":7,"key":"Weak Potion"},{"floor":7,"key":"Fire Potion"},{"floor":16,"key":"FairyPotion"},{"floor":18,"key":"Ancient Potion"}],"is_trial":false,"path_per_floor":["M","?","M","?","T","R","?","M","T","M","M","$","R","?","R","B",null,"M","?","$","M","M","R","M","R","T","$","R","M","M"],"character_chosen":"DEFECT","items_purchased":[],"campfire_rested":3,"item_purchase_floors":[],"current_hp_per_floor":[75,64,64,46,46,46,46,46,46,38,30,30,52,52,52,23,75,44,44,44,36,5,27,7,29,29,29,29,19,0],"gold":125,"neow_bonus":"THREE_ENEMY_KILL","is_prod":false,"is_daily":false,"chose_seed":false,"campfire_upgraded":3,"win_rate":0,"timestamp":1547332112,"path_taken":["M","?","M","?","?","R","?","?","T","M","M","?","R","?","R","BOSS","M","?","$","M","M","R","M","R","T","?","R","?","M"],"build_version":"2019-01-10","purchased_purges":3,"victory":false,"max_hp_per_floor":[75,75,75,75,75,75,75,75,75,75,75,75,75,75,75,75,75,75,75,75,75,75,75,75,75,75,75,75,79,79],"card_choices":[{"not_picked":["Ball Lightning","Cold Snap"],"picked":"Fusion","floor":1},{"not_picked":["Rebound","Auto Shields","Hologram"],"picked":"SKIP","floor":3},{"not_picked":["Ball Lightning","Blizzard"],"picked":"Sweeping Beam","floor":8},{"not_picked":["Redo","Aggregate"],"picked":"Gash","floor":8},{"not_picked":["Electrodynamics","Glacier","Compile Driver"],"picked":"SKIP","floor":10},{"not_picked":["Auto Shields","Turbo","Sweeping Beam"],"picked":"SKIP","floor":10},{"not_picked":["Coolheaded","Beam Cell"],"picked":"Gash","floor":11},{"not_picked":["Turbo","Redo","Static Discharge"],"picked":"SKIP","floor":11},{"not_picked":["Go for the Eyes","Darkness","Sweeping Beam"],"picked":"SKIP","floor":18},{"not_picked":["Defragment","Static Discharge+1","Tempest"],"picked":"SKIP","floor":18},{"not_picked":["Beam Cell","Blizzard+1","Gash+1"],"picked":"SKIP","floor":21},{"not_picked":["Beam Cell","Barrage","Rebound"],"picked":"SKIP","floor":21},{"not_picked":["Blizzard+1","Barrage","Compile Driver"],"picked":"SKIP","floor":22},{"not_picked":["Fission","Hello World","Beam Cell"],"picked":"SKIP","floor":22},{"not_picked":["Gash+1","Scrape","Aggregate+1"],"picked":"SKIP","floor":24},{"not_picked":["Redo","Leap+1","Cold Snap"],"picked":"SKIP","floor":24},{"not_picked":["Fission","Steam Power","Sunder"],"picked":"Singing Bowl","floor":29},{"not_picked":["Lockon","Hologram","Coolheaded+1"],"picked":"Singing Bowl","floor":29}],"player_experience":408882,"relics_obtained":[{"floor":5,"key":"Prayer Wheel"},{"floor":9,"key":"Vajra"},{"floor":26,"key":"Singing Bowl"}],"event_choices":[{"damage_healed":0,"gold_gain":75,"player_choice":"Gather Gold","damage_taken":11,"max_hp_gain":0,"max_hp_loss":0,"event_name":"World of Goop","floor":2,"gold_loss":0},{"damage_healed":0,"gold_gain":0,"player_choice":"Take Damage","damage_taken":18,"relics_obtained":["Golden Idol"],"max_hp_gain":0,"max_hp_loss":0,"event_name":"Golden Idol","floor":4,"gold_loss":0},{"damage_healed":0,"gold_gain":0,"player_choice":"Bought 2 Potions","damage_taken":0,"max_hp_gain":0,"max_hp_loss":0,"event_name":"The Woman in Blue","floor":7,"gold_loss":0},{"damage_healed":0,"gold_gain":0,"player_choice":"Ignored","damage_taken":0,"max_hp_gain":0,"max_hp_loss":0,"event_name":"NoteForYourself","floor":14,"gold_loss":0},{"cards_removed":["Strike_B"],"damage_healed":0,"gold_gain":0,"player_choice":"Offered Basic","damage_taken":0,"max_hp_gain":0,"max_hp_loss":0,"event_name":"Bonfire Elementals","floor":19,"gold_loss":0}],"is_beta":true,"boss_relics":[{"not_picked":["Astrolabe","Busted Crown"],"picked":"FrozenCore"}],"items_purged_floors":[12,20,27],"is_endless":false,"potions_floor_spawned":[3,8,16,18],"killed_by":"Sentry and Sphere","ascension_level":0}