{"path_per_floor":["M","M","M","M","M","E","R","M","T","?","R","?","$","?","R"],"character_chosen":"THE_SILENT","items_purchased":["Darkstone Periapt","Toxic Egg 2"],"gold_per_floor":[114,129,144,159,174,204,204,219,219,279,279,529,29,29,29,29],"floor_reached":16,"campfire_rested":2,"playtime":1332,"current_hp_per_floor":[70,70,70,70,63,27,65,65,65,43,43,43,43,25,60,0],"items_purged":[],"gold":29,"score":102,"play_id":"eaaa63c3-f08d-47c5-8346-b769c2260b46","local_time":"20180321151256","daily_mods":["Shiny","Uncertain Future","Night Terrors"],"is_prod":false,"is_daily":true,"is_ascension_mode":false,"campfire_upgraded":1,"timestamp":1521645176,"path_taken":["M","M","M","M","M","E","R","M","T","?","R","?","$","?","R","BOSS"],"build_version":"2018-03-20","purchased_purges":1,"victory":false,"master_deck":["Defend_G","Defend_G","Defend_G","Defend_G","Defend_G","Strike_G","Strike_G","Strike_G","Strike_G","Strike_G","Survivor","Neutralize","Grand Finale","Backflip","Backstab","Calculated Gamble+1","Sucker Punch","Predator","Acrobatics","Regret"],"max_hp_per_floor":[70,70,70,70,70,70,65,65,65,65,65,65,65,65,60,60],"relics":["Ring of the Snake","Juzu Bracelet","Blue Candle","Happy Flower","Darkstone Periapt","Toxic Egg 2","Meat on the Bone"],"card_choices":[{"not_picked":["Dodge and Roll","Dagger Spray"],"picked":"Backflip","floor":1},{"not_picked":["Dash","Slice"],"picked":"Backstab","floor":2},{"not_picked":["PiercingWail","Expertise"],"picked":"Calculated Gamble","floor":3},{"not_picked":["Dash","Cloak And Dagger"],"picked":"Sucker Punch","floor":4},{"not_picked":["Accuracy","Bane"],"picked":"Predator","floor":5},{"not_picked":["Wraith Form","Dagger Spray"],"picked":"Acrobatics","floor":6}],"player_experience":29308,"potions_floor_usage":[6,10,16,16],"damage_taken":[{"damage":0,"enemies":"Small Slimes","floor":1,"turns":3},{"damage":0,"enemies":"Jaw Worm","floor":2,"turns":2},{"damage":0,"enemies":"2 Louse","floor":3,"turns":3},{"damage":0,"enemies":"Gremlin Gang","floor":4,"turns":4},{"damage":7,"enemies":"Exordium Thugs","floor":5,"turns":6},{"damage":36,"enemies":"Gremlin Nob","floor":6,"turns":5},{"damage":0,"enemies":"2 Fungi Beasts","floor":8,"turns":2},{"damage":22,"enemies":"3 Sentries","floor":10,"turns":6},{"damage":82,"enemies":"The Guardian","floor":16,"turns":20}],"event_choices":[{"event_name":"Dead Adventurer","player_choice":"Searched \u00272\u0027 times","floor":10,"damage_taken":0},{"event_name":"Golden Shrine","player_choice":"Desecrate","floor":12,"damage_taken":0},{"event_name":"Scrap Ooze","player_choice":"success","floor":14,"damage_taken":18}],"boss_relics":[],"potions_floor_spawned":[2,4,8,10],"seed_played":"-5866523525083390548","killed_by":"The Guardian","ascension_level":0,"is_trial":false}