{"gold_per_floor":[118,118,42,52,82,82,117,117,141,141,168,168,168,182,182,182],"floor_reached":16,"playtime":552,"items_purged":[],"score":142,"play_id":"bcf31faa-42ea-464e-bfed-583eb86ea0dc","local_time":"20190119211406","is_ascension_mode":true,"campfire_choices":[{"data":"Feed","floor":6,"key":"SMITH"},{"data":"Metallicize","floor":8,"key":"SMITH"},{"floor":10,"key":"RECALL"},{"floor":13,"key":"REST"},{"data":"Clothesline","floor":15,"key":"SMITH"}],"neow_cost":"NONE","seed_source_timestamp":34174744714239,"circlet_count":0,"master_deck":["Strike_R","Strike_R","Strike_R","Strike_R","Strike_R","Defend_R","Defend_R","Defend_R","Defend_R","Bash","Feed+1","Metallicize+1","Dual Wield","Heavy Blade","Thunderclap","Clothesline+1"],"relics":["Burning Blood","Tiny Chest","Smiling Mask","Omamori","Matryoshka","Frozen Egg 2","Mummified Hand"],"potions_floor_usage":[4,7,16,16],"damage_taken":[{"damage":7,"enemies":"Jaw Worm","floor":1,"turns":3},{"damage":7,"enemies":"Cultist","floor":4,"turns":4},{"damage":27,"enemies":"3 Sentries","floor":7,"turns":10},{"damage":44,"enemies":"Gremlin Nob","floor":11,"turns":6},{"damage":0,"enemies":"2 Louse","floor":14,"turns":1},{"damage":86,"enemies":"Hexaghost","floor":16,"turns":14}],"seed_played":"-6637586607853616857","potions_obtained":[{"floor":2,"key":"Fruit Juice"},{"floor":2,"key":"Energy Potion"},{"floor":2,"key":"PowerPotion"},{"floor":4,"key":"BloodPotion"},{"floor":14,"key":"Fire Potion"}],"is_trial":false,"path_per_floor":["M","?","$","M","?","R","E","R","T","R","E","T","R","M","R","B"],"character_chosen":"IRONCLAD","items_purchased":["Dual Wield"],"campfire_rested":1,"item_purchase_floors":[3],"current_hp_per_floor":[82,82,82,89,86,86,69,69,69,69,35,35,64,74,74,0],"gold":182,"neow_bonus":"ONE_RANDOM_RARE_CARD","is_prod":false,"is_daily":false,"chose_seed":false,"campfire_upgraded":3,"win_rate":0,"timestamp":1547950446,"path_taken":["M","?","?","M","?","R","E","R","T","R","E","?","R","?","R","BOSS"],"build_version":"2019-01-17v2","purchased_purges":0,"victory":false,"max_hp_per_floor":[83,83,83,91,91,91,95,95,95,95,99,99,99,103,103,103],"card_choices":[{"not_picked":["Headbutt","Sword Boomerang"],"picked":"Metallicize","floor":1},{"not_picked":["Burning Pact","Dropkick"],"picked":"Heavy Blade","floor":4},{"not_picked":["Intimidate","Hemokinesis"],"picked":"Thunderclap","floor":7},{"not_picked":["Sentinel","Carnage","True Grit"],"picked":"SKIP","floor":11},{"not_picked":["Heavy Blade","Wild Strike"],"picked":"Clothesline","floor":14}],"player_experience":79905,"relics_obtained":[{"floor":7,"key":"Smiling Mask"},{"floor":9,"key":"Omamori"},{"floor":11,"key":"Matryoshka"},{"floor":12,"key":"Frozen Egg 2"},{"floor":12,"key":"Mummified Hand"}],"event_choices":[{"damage_healed":0,"gold_gain":0,"player_choice":"Got Potions","damage_taken":0,"max_hp_gain":0,"max_hp_loss":0,"event_name":"Lab","floor":2,"gold_loss":0},{"damage_healed":0,"gold_gain":0,"player_choice":"Success","damage_taken":3,"relics_obtained":["Tiny Chest"],"max_hp_gain":0,"max_hp_loss":0,"event_name":"Scrap Ooze","floor":5,"gold_loss":0}],"is_beta":false,"boss_relics":[],"items_purged_floors":[],"is_endless":false,"potions_floor_spawned":[4,14],"killed_by":"Hexaghost","ascension_level":2}