{"path_per_floor":["M","?","$","M","$","R","M","R","T","$","R","?","?","M","R","B",null,"M","M","$","M"],"character_chosen":"DEFECT","items_purchased":["Finesse","Purity"],"gold_per_floor":[116,116,19,35,35,35,51,51,126,34,34,34,34,45,45,149,149,163,149,74,87,87],"floor_reached":22,"campfire_rested":1,"playtime":731,"current_hp_per_floor":[74,59,59,59,59,59,59,59,59,59,59,52,52,47,69,21,75,73,56,56,40,0],"items_purged":["Strike_B"],"gold":87,"score":174,"play_id":"11c2ce60-ef1f-41f2-8797-cf0d07c2c1e2","local_time":"20180504231810","is_prod":false,"is_daily":false,"chose_seed":false,"is_ascension_mode":false,"campfire_upgraded":3,"timestamp":1525501090,"path_taken":["M","?","$","M","$","R","M","R","T","$","R","?","?","M","R","BOSS","M","M","?","M","?"],"build_version":"2018-05-03","seed_source_timestamp":1487658280801575,"purchased_purges":1,"victory":false,"master_deck":["Strike_B","Strike_B","Defend_B+1","Defend_B","Defend_B+1","Zap+1","Dualcast","Skim","Finesse","Gash+1","Purity+1","Recycle"],"max_hp_per_floor":[75,75,75,75,75,75,75,75,75,75,75,75,75,75,75,75,75,75,75,75,75,75],"relics":["Cracked Core","Question Card","Runic Dome"],"card_choices":[{"not_picked":["Rebound","Sweeping Beam"],"picked":"Skim","floor":0},{"not_picked":["Glacier","Leap"],"picked":"Gash","floor":7},{"not_picked":["Streamline","Ball Lightning","Skim"],"picked":"Recycle","floor":19}],"player_experience":161149,"potions_floor_usage":[16,16,21,22],"damage_taken":[{"damage":1,"enemies":"Jaw Worm","floor":1,"turns":3},{"damage":0,"enemies":"2 Louse","floor":4,"turns":2},{"damage":0,"enemies":"Small Slimes","floor":7,"turns":3},{"damage":5,"enemies":"Looter","floor":14,"turns":3},{"damage":48,"enemies":"Hexaghost","floor":16,"turns":10},{"damage":2,"enemies":"Shell Parasite","floor":18,"turns":6},{"damage":17,"enemies":"2 Thieves","floor":19,"turns":4},{"damage":31,"enemies":"3 Cultists","floor":21,"turns":6},{"damage":42,"enemies":"Cultist and Chosen","floor":22,"turns":5}],"event_choices":[{"event_name":"Shining Light","player_choice":"Entered Light","floor":2,"damage_taken":0},{"event_name":"Golden Wing","player_choice":"Card Removal","floor":12,"damage_taken":0},{"event_name":"Living Wall","player_choice":"Forget","floor":13,"damage_taken":0}],"boss_relics":[{"not_picked":["Eternal Feather","Philosopher\u0027s Stone"],"picked":"Runic Dome"}],"potions_floor_spawned":[1,14,19,21],"seed_played":"-3206811866204030354","killed_by":"Cultist and Chosen","ascension_level":0,"is_trial":false}