{"gold_per_floor":[14,31,31,48,61,61,88,88,88,263,338,338,64,91,91,91],"floor_reached":16,"playtime":486,"items_purged":["Strike_B"],"score":162,"play_id":"fa0fad2b-24e0-4dd2-ab8d-0b3bf95d87b9","local_time":"20190211005008","is_ascension_mode":true,"campfire_choices":[{"data":"Beam Cell","floor":6.0,"key":"SMITH"},{"floor":8.0,"key":"REST"},{"data":"Doubt","floor":12.0,"key":"PURGE"},{"data":"Fission","floor":15.0,"key":"SMITH"}],"neow_cost":"NO_GOLD","seed_source_timestamp":0,"circlet_count":0,"master_deck":["AscendersBane","Strike_B","Strike_B","Strike_B","Defend_B","Defend_B","Defend_B","Defend_B","Zap","Dualcast","Enlightenment","Dramatic Entrance","Beam Cell+1","Sweeping Beam","Fission+1","Streamline"],"special_seed":0,"relics":["Cracked Core","FossilizedHelix","Peace Pipe","Juzu Bracelet","Orichalcum"],"potions_floor_usage":[16,16],"damage_taken":[{"damage":2.0,"enemies":"Jaw Worm","floor":1.0,"turns":3.0},{"damage":0.0,"enemies":"Small Slimes","floor":2.0,"turns":2.0},{"damage":0.0,"enemies":"Cultist","floor":4.0,"turns":2.0},{"damage":4.0,"enemies":"Red Slaver","floor":5.0,"turns":4.0},{"damage":35.0,"enemies":"Lagavulin","floor":7.0,"turns":6.0},{"damage":54,"enemies":"Slime Boss","floor":16,"turns":12}],"seed_played":"6711479398106052705","potions_obtained":[{"floor":5.0,"key":"Dexterity Potion"},{"floor":7.0,"key":"Energy Potion"}],"is_trial":false,"path_per_floor":["M","M","?","M","M","R","E","R","T","?","?","R","$","T","R","B"],"character_chosen":"DEFECT","items_purchased":["Juzu Bracelet","Streamline"],"campfire_rested":1,"item_purchase_floors":[13,13],"current_hp_per_floor":[66,66,71,71,67,67,32,56,56,56,45,45,45,45,45,0],"gold":91,"neow_bonus":"RANDOM_COLORLESS_2","is_prod":false,"is_daily":false,"chose_seed":false,"campfire_upgraded":2,"win_rate":0,"timestamp":1549846208,"path_taken":["M","M","?","M","M","R","E","R","T","?","?","R","$","?","R","BOSS"],"build_version":"2019-02-06","purchased_purges":1,"victory":false,"max_hp_per_floor":[75,75,80,80,80,80,80,80,80,80,80,80,80,80,80,80],"card_choices":[{"not_picked":["Redo","Ball Lightning","Scrape"],"picked":"SKIP","floor":1.0},{"not_picked":["Steam","Redo"],"picked":"Beam Cell","floor":2.0},{"not_picked":["Go for the Eyes","Coolheaded"],"picked":"Sweeping Beam","floor":4.0},{"not_picked":["Rebound","Chaos","Aggregate"],"picked":"SKIP","floor":5.0},{"not_picked":["Aggregate","Turbo"],"picked":"Fission","floor":7.0}],"player_experience":592748,"relics_obtained":[{"floor":7.0,"key":"FossilizedHelix"},{"floor":9.0,"key":"Peace Pipe"},{"floor":14.0,"key":"Orichalcum"}],"event_choices":[{"damage_healed":0.0,"max_hp_gain":5.0,"max_hp_loss":0.0,"gold_gain":0.0,"event_name":"Big Fish","player_choice":"Donut","floor":3.0,"gold_loss":0.0,"damage_taken":0.0},{"damage_healed":0.0,"max_hp_gain":0.0,"max_hp_loss":0.0,"gold_gain":175.0,"event_name":"Liars Game","player_choice":"AGREE","floor":10.0,"gold_loss":0.0,"damage_taken":0.0,"cards_obtained":["Doubt"]},{"damage_healed":0.0,"max_hp_gain":0.0,"max_hp_loss":0.0,"gold_gain":75.0,"event_name":"World of Goop","player_choice":"Gather Gold","floor":11.0,"gold_loss":0.0,"damage_taken":11.0}],"is_beta":true,"boss_relics":[],"items_purged_floors":[13],"is_endless":false,"potions_floor_spawned":[5,7],"killed_by":"Slime Boss","ascension_level":13}