{"path_per_floor":["M","?","M","T","$","E","R","?","T","M","R","M","M","M","R","B",null,"M","?","?","?","$","R","M","R","T","E","M","$","T","M","R"],"character_chosen":"DEFECT","items_purchased":["Secret Technique","FTL","Bronze Scales","Gremlin Horn"],"gold_per_floor":[115,290,305,332,71,101,101,163,163,174,174,191,204,214,214,311,311,325,575,500,500,169,169,186,186,211,244,256,18,18,35,35,35],"floor_reached":33,"campfire_rested":3,"playtime":1543,"current_hp_per_floor":[68,68,62,62,62,52,52,22,22,19,43,45,30,21,46,8,84,58,58,58,58,58,58,32,32,32,43,22,22,22,8,33,0],"items_purged":["Doubt","Blizzard"],"gold":35,"score":278,"play_id":"e5bfbd62-63a0-45d1-a78c-3b00ba951cb6","local_time":"20180502212422","is_prod":false,"is_daily":false,"chose_seed":false,"is_ascension_mode":true,"campfire_upgraded":3,"timestamp":1525292662,"path_taken":["M","?","M","?","$","E","R","?","T","?","R","?","?","M","R","BOSS","M","?","?","?","$","R","M","R","T","E","M","$","?","M","R","BOSS"],"build_version":"2018-05-01v2","seed_source_timestamp":346604365134512,"purchased_purges":2,"victory":false,"master_deck":["Strike_B","Strike_B","Strike_B","Defend_B","Defend_B","Defend_B","Zap+1","Dualcast","Streamline","Secret Technique+1","Consume+1","Cold Snap","Fission","Impulse+1","FTL","Streamline+1","Leap","Loop+1","Genetic Algorithm"],"max_hp_per_floor":[68,68,68,68,68,80,80,80,80,80,80,82,82,84,84,84,84,84,84,84,84,84,84,84,84,84,84,84,84,84,84,84,84],"relics":["Cracked Core","Singing Bowl","Pear","Frozen Egg 2","Dead Branch","Inserter","Bronze Scales","Blood Vial","Girya","Gremlin Horn","Gambling Chip"],"card_choices":[{"not_picked":["Skim","Impulse"],"picked":"Blizzard","floor":1},{"not_picked":["Skim","Hologram"],"picked":"Streamline","floor":3},{"not_picked":["Auto Shields","Meteor Strike"],"picked":"Consume","floor":8},{"not_picked":["Barrage","Ball Lightning"],"picked":"Cold Snap","floor":10},{"not_picked":["Self Repair","Streamline"],"picked":"Coolheaded","floor":13},{"not_picked":["Amplify","Hyperbeam"],"picked":"Fission","floor":16},{"not_picked":["Turbo","Beam Cell"],"picked":"Impulse","floor":18},{"not_picked":["Gash","Sweeping Beam"],"picked":"Streamline","floor":24},{"not_picked":["Capacitor","Aggregate"],"picked":"Leap","floor":27},{"not_picked":["Axe Kick","Turbo"],"picked":"Loop","floor":28},{"not_picked":["Sweeping Beam","Glacier"],"picked":"Genetic Algorithm","floor":31}],"player_experience":109002,"potions_floor_usage":[14,18,27,27,27,28],"damage_taken":[{"damage":0,"enemies":"Small Slimes","floor":1,"turns":2},{"damage":6,"enemies":"2 Louse","floor":3,"turns":3},{"damage":22,"enemies":"Gremlin Nob","floor":6,"turns":4},{"damage":30,"enemies":"Gremlin Nob","floor":8,"turns":4},{"damage":3,"enemies":"Jaw Worm","floor":10,"turns":2},{"damage":0,"enemies":"3 Louse","floor":12,"turns":3},{"damage":15,"enemies":"Looter","floor":13,"turns":3},{"damage":11,"enemies":"Exordium Wildlife","floor":14,"turns":3},{"damage":38,"enemies":"Hexaghost","floor":16,"turns":10},{"damage":26,"enemies":"3 Byrds","floor":18,"turns":5},{"damage":26,"enemies":"2 Thieves","floor":24,"turns":4},{"damage":6,"enemies":"Gremlin Leader","floor":27,"turns":6},{"damage":23,"enemies":"Snake Plant","floor":28,"turns":4},{"damage":16,"enemies":"3 Cultists","floor":31,"turns":5},{"damage":47,"enemies":"Collector","floor":33,"turns":5}],"event_choices":[{"event_name":"Liars Game","player_choice":"agreed","floor":2,"damage_taken":0},{"event_name":"Dead Adventurer","player_choice":"Searched \u00271\u0027 times","floor":8,"damage_taken":0},{"event_name":"Golden Shrine","player_choice":"Desecrate","floor":19,"damage_taken":0},{"event_name":"Beggar","player_choice":"Gave Gold","floor":20,"damage_taken":0},{"event_name":"Wheel of Change","player_choice":"Card Removal","floor":21,"damage_taken":0}],"boss_relics":[{"not_picked":["Nuclear Battery","Eternal Feather"],"picked":"Inserter"}],"potions_floor_spawned":[1,8,13,14,18,24,27],"seed_played":"-1777329790950848017","killed_by":"Collector","ascension_level":1,"is_trial":false}