{"path_per_floor":["M","?","$","M","M","R","E","?","T","E","T","M","?","M","R","B",null,"M","M","$","M"],"character_chosen":"THE_SILENT","items_purchased":["Bouncing Flask","Bane","Master of Strategy+1","Crippling Poison+1"],"gold_per_floor":[117,117,26,44,64,64,97,47,47,91,117,140,140,160,160,289,289,305,323,33,56,56],"floor_reached":22,"campfire_rested":1,"playtime":1048,"item_purchase_floors":[3,3,20,20],"current_hp_per_floor":[70,53,53,49,49,49,37,37,37,29,29,14,2,2,38,13,70,28,28,28,26,0],"items_purged":[],"gold":56,"score":225,"play_id":"a95c7afc-b1d0-4460-86fd-1531734def78","local_time":"20180525231432","is_prod":false,"is_daily":false,"chose_seed":false,"is_ascension_mode":true,"campfire_upgraded":1,"win_rate":0,"timestamp":1527286472,"campfire_choices":[{"data":"Bouncing Flask","floor":6,"key":"SMITH"},{"floor":15,"key":"REST"}],"path_taken":["M","?","$","M","?","R","E","?","T","E","?","M","?","?","R","BOSS","M","M","$","M","M"],"build_version":"2018-05-24","seed_source_timestamp":1081870378324798,"purchased_purges":0,"victory":false,"master_deck":["Defend_G","Defend_G","Defend_G","Defend_G","Defend_G","Strike_G","Strike_G","Strike_G","Strike_G","Survivor","Neutralize","Escape Plan","Bouncing Flask+1","Bane","Acrobatics","Footwork","Well Laid Plans","Poisoned Stab","Cloak And Dagger+1","Deadly Poison+1","Prepared+1","Prepared+1","Master of Strategy+1","Crippling Poison+1","Calculated Gamble+1"],"max_hp_per_floor":[70,70,70,70,70,70,70,70,70,70,70,70,70,70,70,70,70,70,70,70,70,70],"relics":["Philosopher\u0027s Stone","Golden Idol","Gremlin Horn","Matryoshka","Toxic Egg 2","Regal Pillow","Lantern","Oddly Smooth Stone","Sozu"],"card_choices":[{"not_picked":["Sucker Punch","Deflect"],"picked":"Escape Plan","floor":1},{"not_picked":["Dagger Spray","Blade Dance"],"picked":"Acrobatics","floor":4},{"not_picked":["PiercingWail","Well Laid Plans"],"picked":"Footwork","floor":5},{"not_picked":["Dodge and Roll","Blur"],"picked":"Well Laid Plans","floor":7},{"not_picked":["Outmaneuver","Die Die Die"],"picked":"Poisoned Stab","floor":10},{"not_picked":["All Out Attack","Quick Slash"],"picked":"Cloak And Dagger+1","floor":12},{"not_picked":["Choke","Predator"],"picked":"Deadly Poison+1","floor":14},{"not_picked":["Poisoned Stab","Eviscerate+1"],"picked":"Prepared+1","floor":18},{"not_picked":["Deflect+1","Dagger Throw"],"picked":"Prepared+1","floor":19},{"not_picked":["Heel Hook","Dagger Spray"],"picked":"Calculated Gamble+1","floor":21}],"player_experience":190691,"potions_floor_usage":[7,14,16,18],"damage_taken":[{"damage":0,"enemies":"Small Slimes","floor":1,"turns":5},{"damage":4,"enemies":"Jaw Worm","floor":4,"turns":3},{"damage":0,"enemies":"Cultist","floor":5,"turns":3},{"damage":12,"enemies":"3 Sentries","floor":7,"turns":9},{"damage":8,"enemies":"Lagavulin","floor":10,"turns":5},{"damage":15,"enemies":"Lots of Slimes","floor":12,"turns":3},{"damage":0,"enemies":"Large Slime","floor":14,"turns":4},{"damage":25,"enemies":"Hexaghost","floor":16,"turns":7},{"damage":42,"enemies":"3 Byrds","floor":18,"turns":5},{"damage":0,"enemies":"Spheric Guardian","floor":19,"turns":3},{"damage":2,"enemies":"3 Cultists","floor":21,"turns":4},{"damage":33,"enemies":"Cultist and Chosen","floor":22,"turns":5}],"relics_obtained":[{"floor":7,"key":"Gremlin Horn"},{"floor":9,"key":"Matryoshka"},{"floor":10,"key":"Toxic Egg 2"},{"floor":11,"key":"Regal Pillow"},{"floor":11,"key":"Lantern"}],"event_choices":[{"event_name":"Golden Idol","player_choice":"Take Damage","floor":2,"damage_taken":0},{"event_name":"The Cleric","player_choice":"Card Removal","floor":8,"damage_taken":0},{"event_name":"Scrap Ooze","player_choice":"success","floor":13,"damage_taken":12}],"boss_relics":[{"not_picked":["Astrolabe","Eternal Feather"],"picked":"Sozu"}],"items_purged_floors":[],"potions_floor_spawned":[5,10,12,14,18],"seed_played":"994400386239596268","killed_by":"Cultist and Chosen","ascension_level":3,"potions_obtained":[{"floor":5,"key":"SkillPotion"},{"floor":10,"key":"Poison Potion"},{"floor":12,"key":"EssenceOfSteel"},{"floor":14,"key":"Swift Potion"}],"is_trial":false}