{"gold_per_floor":[211,229,246,265,37,37,66,81,81,81,95,95,107,136,136,207,207,220,246,246,246],"floor_reached":21,"playtime":1305,"items_purged":[],"score":378,"play_id":"16e483e7-ac98-4f69-9346-d48c3ba529f9","local_time":"20190212163147","is_ascension_mode":true,"campfire_choices":[{"data":"Sunder","floor":6,"key":"SMITH"},{"data":"Creative AI","floor":10,"key":"SMITH"},{"data":"Zap","floor":12,"key":"SMITH"},{"data":"Defragment","floor":15,"key":"SMITH"}],"neow_cost":"NONE","seed_source_timestamp":1793581393524449,"circlet_count":0,"master_deck":["AscendersBane","Strike_B","Strike_B","Strike_B","Strike_B","Defend_B","Defend_B","Defend_B","Defend_B","Zap+1","Dualcast","Conserve Battery","Coolheaded","Creative AI+1","Streamline","Sunder+1","Glacier","Steam","Conserve Battery","Defragment+1","Seek","Electrodynamics","Defragment","Heatsinks","Decay"],"relics":["Cracked Core","Lantern","Question Card","Molten Egg 2","Ginger","Runic Pyramid","Red Mask"],"potions_floor_usage":[3,8,14,19],"damage_taken":[{"damage":6,"enemies":"2 Louse","floor":1,"turns":3},{"damage":0,"enemies":"Jaw Worm","floor":2,"turns":3},{"damage":12,"enemies":"Small Slimes","floor":3,"turns":3},{"damage":9,"enemies":"Blue Slaver","floor":4,"turns":4},{"damage":0,"enemies":"Lagavulin","floor":7,"turns":6},{"damage":0,"enemies":"Gremlin Gang","floor":8,"turns":4},{"damage":1,"enemies":"Exordium Thugs","floor":11,"turns":6},{"damage":0,"enemies":"2 Fungi Beasts","floor":13,"turns":3},{"damage":1,"enemies":"3 Sentries","floor":14,"turns":7},{"damage":18,"enemies":"Hexaghost","floor":16,"turns":10},{"damage":0,"enemies":"3 Byrds","floor":18,"turns":4},{"damage":21,"enemies":"Masked Bandits","floor":19,"turns":4},{"damage":26,"enemies":"Shell Parasite","floor":21,"turns":6}],"seed_played":"5500602635292567984","potions_obtained":[{"floor":1,"key":"Poison Potion"},{"floor":3,"key":"Swift Potion"},{"floor":7,"key":"EssenceOfSteel"},{"floor":16,"key":"EssenceOfSteel"},{"floor":19,"key":"Ancient Potion"}],"is_trial":false,"path_per_floor":["M","M","M","M","$","R","E","M","T","R","M","R","M","E","R","B",null,"M","?","?","M"],"character_chosen":"DEFECT","items_purchased":["Lantern","Sunder"],"campfire_rested":0,"item_purchase_floors":[5,5],"current_hp_per_floor":[58,58,46,37,37,37,37,37,37,37,36,36,36,35,35,17,58,58,37,37,11],"gold":246,"neow_bonus":"HUNDRED_GOLD","is_prod":false,"is_daily":false,"chose_seed":false,"campfire_upgraded":4,"win_rate":0,"timestamp":1549956707,"path_taken":["M","M","M","M","$","R","E","M","T","R","M","R","M","E","R","BOSS","M","?","?","M"],"build_version":"2019-01-23","purchased_purges":0,"victory":false,"max_hp_per_floor":[71,71,71,71,71,71,71,71,71,71,71,71,71,71,71,71,71,71,71,71,71],"card_choices":[{"not_picked":["Capacitor","Fusion"],"picked":"Conserve Battery","floor":1},{"not_picked":["Turbo","Loop"],"picked":"Coolheaded","floor":2},{"not_picked":["Sweeping Beam","Gash"],"picked":"Creative AI","floor":3},{"not_picked":["Redo","Genetic Algorithm"],"picked":"Streamline","floor":4},{"not_picked":["Compile Driver","Stack"],"picked":"Glacier","floor":7},{"not_picked":["Barrage","Genetic Algorithm","Beam Cell"],"picked":"Steam","floor":8},{"not_picked":["Leap","Turbo","Cold Snap+1"],"picked":"Conserve Battery","floor":11},{"not_picked":["Consume","Cold Snap+1","Conserve Battery"],"picked":"Defragment","floor":13},{"not_picked":["Streamline+1","Coolheaded","Cold Snap+1"],"picked":"Seek","floor":14},{"not_picked":["Reboot","Multi-Cast","Machine Learning"],"picked":"Electrodynamics","floor":16},{"not_picked":["Conserve Battery","Beam Cell+1","Compile Driver+1"],"picked":"Defragment","floor":18},{"not_picked":["Coolheaded","Cold Snap+1","Conserve Battery"],"picked":"Heatsinks","floor":19}],"player_experience":980586,"relics_obtained":[{"floor":7,"key":"Question Card"},{"floor":9,"key":"Molten Egg 2"},{"floor":14,"key":"Ginger"},{"floor":19,"key":"Red Mask"}],"event_choices":[{"damage_healed":0,"gold_gain":0,"player_choice":"Fought Bandits","damage_taken":0,"max_hp_gain":0,"max_hp_loss":0,"event_name":"Masked Bandits","floor":19,"gold_loss":0},{"damage_healed":0,"gold_gain":0,"player_choice":"Smashed Altar","damage_taken":0,"max_hp_gain":0,"max_hp_loss":0,"event_name":"Forgotten Altar","floor":20,"gold_loss":0,"cards_obtained":["Decay"]}],"is_beta":false,"boss_relics":[{"not_picked":["Tiny House","Calling Bell"],"picked":"Runic Pyramid"}],"items_purged_floors":[],"is_endless":false,"potions_floor_spawned":[1,3,7,16,19],"killed_by":"Shell Parasite","ascension_level":15}