{"gold_per_floor":[110,110,126,51,201,233,233,266,266,286,299,46,11,11,11,11],"floor_reached":16,"playtime":297,"items_purged":["Combust","Doubt"],"score":246,"play_id":"d3b46e94-2b1e-4706-94a0-987eef2b3597","local_time":"20190213002555","is_ascension_mode":true,"campfire_choices":[{"data":"Bash","floor":7,"key":"SMITH"},{"data":"Twin Strike","floor":15,"key":"SMITH"}],"neow_cost":"NONE","seed_source_timestamp":26990747411200,"circlet_count":0,"master_deck":["AscendersBane","Strike_R","Strike_R","Strike_R","Strike_R","Defend_R","Defend_R","Defend_R","Defend_R","Bash+1","Twin Strike+1","Feed+1"],"relics":["Burning Blood","NeowsBlessing","Bottled Flame","Mummified Hand","Singing Bowl"],"potions_floor_usage":[16,16],"damage_taken":[{"damage":0,"enemies":"Small Slimes","floor":1,"turns":1},{"damage":0,"enemies":"Cultist","floor":3,"turns":1},{"damage":0,"enemies":"3 Sentries","floor":6,"turns":2},{"damage":32,"enemies":"Gremlin Nob","floor":8,"turns":4},{"damage":12,"enemies":"Jaw Worm","floor":10,"turns":3},{"damage":23,"enemies":"2 Fungi Beasts","floor":11,"turns":5},{"damage":49,"enemies":"Hexaghost","floor":16,"turns":9}],"seed_played":"3682006075762501965","potions_obtained":[{"floor":1,"key":"Strength Potion"},{"floor":6,"key":"EssenceOfSteel"},{"floor":10,"key":"Explosive Potion"}],"is_trial":false,"path_per_floor":["M","?","M","$","?","E","R","E","T","M","M","$","?","?","R","B"],"character_chosen":"IRONCLAD","items_purchased":["Feed"],"campfire_rested":0,"item_purchase_floors":[12],"current_hp_per_floor":[74,74,75,75,75,75,75,49,49,45,30,30,49,49,49,0],"gold":11,"neow_bonus":"THREE_ENEMY_KILL","is_prod":false,"is_daily":false,"chose_seed":false,"campfire_upgraded":2,"win_rate":0,"timestamp":1550010355,"path_taken":["M","?","?","$","?","E","R","E","T","M","M","$","?","?","R","BOSS"],"build_version":"2019-01-23","purchased_purges":2,"victory":false,"max_hp_per_floor":[75,75,75,75,75,75,75,75,75,77,79,79,79,79,79,79],"card_choices":[{"not_picked":["Combust","Heavy Blade"],"picked":"Twin Strike","floor":1},{"not_picked":["Anger","Iron Wave","Warcry"],"picked":"SKIP","floor":3},{"not_picked":["Cleave","Headbutt","Barricade"],"picked":"SKIP","floor":6},{"not_picked":["Body Slam","Fiend Fire","Intimidate"],"picked":"SKIP","floor":8},{"not_picked":["Wild Strike","Rupture","Combust"],"picked":"Singing Bowl","floor":10},{"not_picked":["Warcry","Havoc","Metallicize"],"picked":"Singing Bowl","floor":11}],"player_experience":724856,"relics_obtained":[{"floor":6,"key":"Bottled Flame"},{"floor":8,"key":"Mummified Hand"},{"floor":9,"key":"Singing Bowl"}],"event_choices":[{"damage_healed":0,"gold_gain":0,"cards_transformed":["Strike_R"],"player_choice":"Transformed","damage_taken":0,"max_hp_gain":0,"max_hp_loss":0,"event_name":"Transmorgrifier","floor":2,"gold_loss":0,"cards_obtained":["Combust"]},{"damage_healed":0,"gold_gain":150,"player_choice":"AGREE","damage_taken":0,"max_hp_gain":0,"max_hp_loss":0,"event_name":"Liars Game","floor":5,"gold_loss":0,"cards_obtained":["Doubt"]},{"damage_healed":19,"gold_gain":0,"player_choice":"Healed","damage_taken":0,"max_hp_gain":0,"max_hp_loss":0,"event_name":"The Cleric","floor":13,"gold_loss":35},{"damage_healed":0,"gold_gain":0,"player_choice":"Upgraded","damage_taken":0,"max_hp_gain":0,"max_hp_loss":0,"event_name":"Upgrade Shrine","floor":14,"gold_loss":0,"cards_upgraded":["Feed"]}],"is_beta":false,"boss_relics":[],"items_purged_floors":[4,12],"is_endless":false,"potions_floor_spawned":[1,6,10],"killed_by":"Hexaghost","ascension_level":17}