{"gold_per_floor":[118,35,53,69,85,85,85,100,153,153,173,208,208,208,208,208],"floor_reached":16,"playtime":460,"items_purged":[],"score":204,"play_id":"be1a13c2-a201-4175-bbe3-c0c956b913b4","local_time":"20190213034925","is_ascension_mode":true,"campfire_choices":[{"data":"Whirlwind","floor":6,"key":"SMITH"},{"floor":10,"key":"REST"},{"data":"Disarm","floor":15,"key":"SMITH"}],"neow_cost":"NONE","seed_source_timestamp":39038623510500,"circlet_count":0,"master_deck":["AscendersBane","Strike_R","Strike_R","Strike_R","Strike_R","Strike_R","Defend_R","Defend_R","Defend_R","Defend_R","Bash","Brutality","Whirlwind+1","Disarm+1","Pummel","Uppercut","Flame Barrier"],"relics":["Burning Blood","Omamori","Meat on the Bone","WingedGreaves"],"potions_floor_usage":[8,12,12],"damage_taken":[{"damage":12,"enemies":"Cultist","floor":1,"turns":4},{"damage":35,"enemies":"Jaw Worm","floor":3,"turns":8},{"damage":0,"enemies":"2 Louse","floor":4,"turns":1},{"damage":20,"enemies":"Blue Slaver","floor":5,"turns":6},{"damage":9,"enemies":"2 Fungi Beasts","floor":8,"turns":2},{"damage":24,"enemies":"Large Slime","floor":11,"turns":6},{"damage":32,"enemies":"Lagavulin","floor":12,"turns":7},{"damage":32,"enemies":"The Guardian","floor":16,"turns":18}],"seed_played":"3300200640316875595","potions_obtained":[{"floor":1,"key":"FearPotion"},{"floor":4,"key":"Weak Potion"},{"floor":5,"key":"BloodPotion"},{"floor":8,"key":"Dexterity Potion"}],"is_trial":false,"path_per_floor":["M","$","M","M","M","R","?","M","T","R","M","E","T","?","R","B"],"character_chosen":"IRONCLAD","items_purchased":["Disarm"],"campfire_rested":1,"item_purchase_floors":[2],"current_hp_per_floor":[62,62,33,39,25,25,25,29,29,51,33,7,7,32,32,0],"gold":208,"neow_bonus":"ONE_RANDOM_RARE_CARD","is_prod":false,"is_daily":false,"chose_seed":false,"campfire_upgraded":2,"win_rate":0,"timestamp":1550022565,"path_taken":["M","$","M","M","M","R","?","M","T","R","M","E","?","?","R","BOSS"],"build_version":"2019-01-23","purchased_purges":0,"victory":false,"max_hp_per_floor":[75,75,75,75,75,75,75,75,75,75,75,75,75,75,75,75],"card_choices":[{"not_picked":["Warcry","Clothesline"],"picked":"Whirlwind","floor":1},{"not_picked":["Power Through","Rampage"],"picked":"Pummel","floor":3},{"not_picked":["Sword Boomerang","Iron Wave","Twin Strike"],"picked":"SKIP","floor":4},{"not_picked":["True Grit","Evolve","Pommel Strike"],"picked":"SKIP","floor":5},{"not_picked":["Cleave","Metallicize","Power Through"],"picked":"SKIP","floor":8},{"not_picked":["Metallicize","Clash"],"picked":"Uppercut","floor":11},{"not_picked":["Searing Blow","Twin Strike"],"picked":"Flame Barrier","floor":12}],"player_experience":735596,"relics_obtained":[{"floor":9,"key":"Omamori"},{"floor":12,"key":"Meat on the Bone"},{"floor":13,"key":"WingedGreaves"}],"event_choices":[{"damage_healed":0,"gold_gain":0,"player_choice":"Ignored","damage_taken":0,"max_hp_gain":0,"max_hp_loss":0,"event_name":"Liars Game","floor":7,"gold_loss":0},{"damage_healed":25,"gold_gain":0,"player_choice":"Banana","damage_taken":0,"max_hp_gain":0,"max_hp_loss":0,"event_name":"Big Fish","floor":14,"gold_loss":0}],"is_beta":false,"boss_relics":[],"items_purged_floors":[],"is_endless":false,"potions_floor_spawned":[1,4,5,8],"killed_by":"The Guardian","ascension_level":20}