{"gold_per_floor":[116,66,82,157,157,157,171,33,108,108,118,118,131,62,62,136,136,151,151,162,15,15],"floor_reached":22,"playtime":530,"items_purged":["Decay"],"score":287,"play_id":"78510734-324d-45a4-bc2d-332132217f79","local_time":"20190206213315","is_ascension_mode":true,"campfire_choices":[{"data":"Zap","floor":6,"key":"SMITH"},{"data":"Creative AI","floor":12,"key":"SMITH"},{"data":"Dualcast","floor":15,"key":"SMITH"}],"neow_cost":"NONE","seed_source_timestamp":2381779490156,"circlet_count":0,"master_deck":["AscendersBane","Strike_B","Strike_B","Defend_B","Defend_B","Defend_B","Defend_B","Zap+1","Dualcast+1","Sweeping Beam","Leap","Gash","Creative AI+1","Double Energy","Gash","Core Surge","Core Surge","Glacier","Storm"],"relics":["Cracked Core","NeowsBlessing","Dodecahedron","Runic Dome"],"potions_floor_usage":[16],"damage_taken":[{"damage":0,"enemies":"Small Slimes","floor":1,"turns":1},{"damage":0,"enemies":"Cultist","floor":3,"turns":1},{"damage":0,"enemies":"Jaw Worm","floor":7,"turns":1},{"damage":4,"enemies":"Red Slaver","floor":11,"turns":3},{"damage":3,"enemies":"2 Fungi Beasts","floor":13,"turns":4},{"damage":41,"enemies":"The Guardian","floor":16,"turns":9},{"damage":9,"enemies":"Spheric Guardian","floor":18,"turns":5},{"damage":28,"enemies":"Shell Parasite","floor":20,"turns":6},{"damage":22,"enemies":"Colosseum Slavers","floor":22,"turns":1}],"seed_played":"5805091166051730337","potions_obtained":[{"floor":5,"key":"PowerPotion"},{"floor":5,"key":"PowerPotion"},{"floor":16,"key":"Energy Potion"}],"is_trial":false,"path_per_floor":["M","?","M","?","?","R","M","$","T","?","M","R","M","$","R","B",null,"M","?","M","$","?"],"character_chosen":"DEFECT","items_purchased":["Creative AI","Core Surge","Storm"],"campfire_rested":0,"item_purchase_floors":[8,14,21],"current_hp_per_floor":[68,68,68,57,57,57,57,57,57,57,53,53,50,50,50,9,59,50,50,22,22,0],"gold":15,"neow_bonus":"THREE_ENEMY_KILL","is_prod":false,"is_daily":false,"chose_seed":false,"campfire_upgraded":3,"win_rate":0,"timestamp":1549488795,"path_taken":["M","?","M","?","?","R","?","?","T","?","M","R","?","$","R","BOSS","M","?","M","$","?"],"build_version":"2019-01-23","purchased_purges":1,"victory":false,"max_hp_per_floor":[75,75,75,75,75,75,75,75,75,75,75,75,75,75,75,75,75,75,75,75,75,75],"card_choices":[{"not_picked":["Leap","Chill"],"picked":"Sweeping Beam","floor":1},{"not_picked":["Genetic Algorithm","Redo"],"picked":"Leap","floor":3},{"not_picked":["Compile Driver","Aggregate"],"picked":"Gash","floor":7},{"not_picked":["Self Repair","Capacitor"],"picked":"Double Energy","floor":11},{"not_picked":["Streamline","Go for the Eyes"],"picked":"Gash","floor":13},{"not_picked":["Buffer","Electrodynamics"],"picked":"Core Surge","floor":16},{"not_picked":["Leap","Cold Snap","Hologram"],"picked":"SKIP","floor":18},{"not_picked":["Cold Snap","Static Discharge+1"],"picked":"Glacier","floor":20}],"player_experience":570131,"relics_obtained":[{"floor":9,"key":"Dodecahedron"}],"event_choices":[{"cards_removed":["Strike_B"],"damage_healed":0,"gold_gain":0,"player_choice":"Card Removal","damage_taken":0,"max_hp_gain":0,"max_hp_loss":0,"event_name":"The Cleric","floor":2,"gold_loss":50},{"damage_healed":0,"gold_gain":75,"player_choice":"Gather Gold","damage_taken":11,"max_hp_gain":0,"max_hp_loss":0,"event_name":"World of Goop","floor":4,"gold_loss":0},{"damage_healed":0,"gold_gain":0,"player_choice":"Got Potions","damage_taken":0,"max_hp_gain":0,"max_hp_loss":0,"event_name":"Lab","floor":5,"gold_loss":0},{"cards_removed":["Strike_B"],"damage_healed":0,"gold_gain":0,"player_choice":"Purged","damage_taken":0,"max_hp_gain":0,"max_hp_loss":0,"event_name":"Purifier","floor":10,"gold_loss":0},{"damage_healed":0,"gold_gain":0,"player_choice":"Smashed Altar","damage_taken":0,"max_hp_gain":0,"max_hp_loss":0,"event_name":"Forgotten Altar","floor":19,"gold_loss":0,"cards_obtained":["Decay"]},{"damage_healed":0,"gold_gain":0,"player_choice":"Fight","damage_taken":0,"max_hp_gain":0,"max_hp_loss":0,"event_name":"Colosseum","floor":22,"gold_loss":0}],"is_beta":true,"boss_relics":[{"not_picked":["Calling Bell","Runic Pyramid"],"picked":"Runic Dome"}],"items_purged_floors":[21],"is_endless":false,"potions_floor_spawned":[11,13,16],"killed_by":"Colosseum Slavers","ascension_level":13}