{"gold_per_floor":[118,131,131,63,78,78,90,100,100,100,111,111,139,154,154,251,251,270,270,293,133,146,78,113,130,130,130,146,74,86,120,120,219,219,239,45,45,63,77,77],"floor_reached":40,"playtime":2073,"items_purged":["Decay"],"score":584,"play_id":"563f675a-e59a-4730-bbf7-a19d387f72bb","local_time":"20190106221357","is_ascension_mode":true,"campfire_choices":[{"data":"Battle Trance","floor":6.0,"key":"SMITH"},{"data":"Reckless Charge","floor":10.0,"key":"SMITH"},{"data":"Trip","floor":15.0,"key":"SMITH"},{"data":"Dropkick","floor":27.0,"key":"SMITH"},{"floor":32.0,"key":"REST"}],"neow_cost":"NONE","seed_source_timestamp":0,"circlet_count":0,"master_deck":["Strike_R","Strike_R","Strike_R+1","Defend_R","Defend_R","Defend_R","Defend_R","Bash+1","Trip+1","Flex","Battle Trance+1","Evolve+1","Dropkick+1","Reckless Charge+1","Immolate","Purity","Anger+1","Intimidate","Warcry+1","Inflame","Dropkick+1","Limit Break","True Grit","Shrug It Off+1"],"special_seed":0,"relics":["Burning Blood","Anchor","Whetstone","Runic Cube","Centennial Puzzle","Pear","Mango","Bag of Preparation","Black Star","Medical Kit"],"potions_floor_usage":[33,40],"damage_taken":[{"damage":1.0,"enemies":"Cultist","floor":1.0,"turns":4.0},{"damage":1.0,"enemies":"2 Louse","floor":2.0,"turns":4.0},{"damage":2.0,"enemies":"Jaw Worm","floor":5.0,"turns":3.0},{"damage":2.0,"enemies":"2 Fungi Beasts","floor":7.0,"turns":3.0},{"damage":18.0,"enemies":"Exordium Wildlife","floor":8.0,"turns":4.0},{"damage":0.0,"enemies":"Red Slaver","floor":11.0,"turns":5.0},{"damage":18.0,"enemies":"Gremlin Nob","floor":13.0,"turns":3.0},{"damage":3.0,"enemies":"Lots of Slimes","floor":14.0,"turns":4.0},{"damage":27.0,"enemies":"Slime Boss","floor":16.0,"turns":9.0},{"damage":24.0,"enemies":"Spheric Guardian","floor":18.0,"turns":4.0},{"damage":2.0,"enemies":"Chosen","floor":22.0,"turns":3.0},{"damage":12.0,"enemies":"Book of Stabbing","floor":24.0,"turns":4.0},{"damage":20.0,"enemies":"Shelled Parasite and Fungi","floor":25.0,"turns":3.0},{"damage":12.0,"enemies":"Snake Plant","floor":28.0,"turns":3.0},{"damage":4.0,"enemies":"Chosen and Byrds","floor":30.0,"turns":4.0},{"damage":33.0,"enemies":"Slavers","floor":31.0,"turns":3.0},{"damage":27,"enemies":"Automaton","floor":33,"turns":6},{"damage":1,"enemies":"Orb Walker","floor":35,"turns":2},{"damage":36,"enemies":"3 Darklings","floor":38,"turns":3},{"damage":52,"enemies":"Maw","floor":39,"turns":5},{"damage":25,"enemies":"Reptomancer","floor":40,"turns":3}],"seed_played":"5530863320873832600","potions_obtained":[{"floor":2.0,"key":"GamblersBrew"},{"floor":5.0,"key":"GamblersBrew"},{"floor":7.0,"key":"LiquidBronze"},{"floor":11.0,"key":"Ancient Potion"},{"floor":22.0,"key":"Block Potion"},{"floor":24.0,"key":"EssenceOfSteel"},{"floor":25.0,"key":"AttackPotion"},{"floor":33,"key":"EssenceOfSteel"}],"is_trial":false,"path_per_floor":["M","M","?","$","M","R","M","M","T","R","M","?","E","M","R","B",null,"M","?","T","$","M","$","E","M","T","R","M","$","M","E","R","B",null,"M","$","?","M","M","E"],"character_chosen":"IRONCLAD","items_purchased":["Dropkick","Purity","Intimidate","Inflame","Medical Kit"],"campfire_rested":1,"item_purchase_floors":[4,21,23,29,36],"current_hp_per_floor":[77,80,80,80,80,80,80,68,68,68,74,74,62,65,65,44,71,53,53,53,53,57,57,61,47,61,61,55,55,57,30,61,40,88,93,93,93,63,17,0],"gold":77,"neow_bonus":"RANDOM_COLORLESS","is_prod":false,"is_daily":false,"chose_seed":false,"campfire_upgraded":4,"win_rate":0,"timestamp":1546812837,"path_taken":["M","?","?","$","M","R","M","?","T","R","M","?","E","M","R","BOSS","M","?","?","$","M","?","E","M","T","R","M","$","?","E","R","BOSS","M","$","?","?","?","E"],"build_version":"2019-01-03v4","purchased_purges":1,"victory":false,"max_hp_per_floor":[80,80,80,80,80,80,80,80,80,80,80,80,80,80,80,80,80,80,80,80,80,80,80,90,90,104,104,104,104,104,104,104,104,104,104,104,104,104,104,104],"card_choices":[{"not_picked":["Anger","Corruption"],"picked":"Flex","floor":1.0},{"not_picked":["Thunderclap","Armaments"],"picked":"Battle Trance","floor":2.0},{"not_picked":["Bloodletting","Perfected Strike","Sword Boomerang"],"picked":"SKIP","floor":5.0},{"not_picked":["Body Slam","Battle Trance","Shrug It Off"],"picked":"SKIP","floor":7.0},{"not_picked":["Twin Strike","Pommel Strike"],"picked":"Reckless Charge","floor":8.0},{"not_picked":["Uppercut","Headbutt","Twin Strike"],"picked":"SKIP","floor":11.0},{"not_picked":["Perfected Strike","Thunderclap","Cleave"],"picked":"SKIP","floor":13.0},{"not_picked":["Iron Wave","Thunderclap","Exhume"],"picked":"SKIP","floor":14.0},{"not_picked":["Limit Break","Reaper"],"picked":"Immolate","floor":16.0},{"not_picked":["Armaments","Power Through","Shockwave"],"picked":"SKIP","floor":18.0},{"not_picked":["Burning Pact","Cleave"],"picked":"Anger+1","floor":22.0},{"not_picked":["Uppercut+1","Combust","Anger"],"picked":"SKIP","floor":24.0},{"not_picked":["Pummel","Pommel Strike"],"picked":"Warcry+1","floor":25.0},{"not_picked":["Twin Strike+1","Headbutt","Bludgeon"],"picked":"SKIP","floor":28.0},{"not_picked":["Twin Strike","Havoc"],"picked":"Dropkick+1","floor":30.0},{"not_picked":["Rupture","Reckless Charge+1","Clash"],"picked":"SKIP","floor":31.0},{"not_picked":["Demon Form","Reaper"],"picked":"Limit Break","floor":33},{"not_picked":["Pommel Strike","Thunderclap+1"],"picked":"True Grit","floor":35},{"not_picked":["Bloodletting","Perfected Strike","Body Slam"],"picked":"SKIP","floor":38},{"not_picked":["Pommel Strike+1","Iron Wave+1"],"picked":"Shrug It Off+1","floor":39}],"player_experience":374045,"relics_obtained":[{"floor":9.0,"key":"Anchor"},{"floor":13.0,"key":"Whetstone"},{"floor":20.0,"key":"Centennial Puzzle"},{"floor":24.0,"key":"Pear"},{"floor":26.0,"key":"Mango"},{"floor":31.0,"key":"Bag of Preparation"}],"event_choices":[{"damage_healed":0.0,"max_hp_gain":0.0,"max_hp_loss":0.0,"gold_gain":0.0,"cards_transformed":["Strike_R"],"event_name":"Transmorgrifier","player_choice":"Transformed","floor":3.0,"gold_loss":0.0,"damage_taken":0.0,"cards_obtained":["Evolve"]},{"damage_healed":0.0,"max_hp_gain":0.0,"max_hp_loss":0.0,"gold_gain":0.0,"event_name":"Living Wall","player_choice":"Grow","floor":12.0,"gold_loss":0.0,"damage_taken":0.0,"cards_upgraded":["Evolve"]},{"damage_healed":0.0,"max_hp_gain":0.0,"max_hp_loss":0.0,"gold_gain":0.0,"event_name":"Forgotten Altar","player_choice":"Smashed Altar","floor":19.0,"gold_loss":0.0,"damage_taken":0.0,"cards_obtained":["Decay"]},{"cards_removed":["Strike_R"],"damage_healed":0,"gold_gain":0,"player_choice":"Offered Basic","damage_taken":0,"max_hp_gain":0,"max_hp_loss":0,"event_name":"Bonfire Elementals","floor":37,"gold_loss":0}],"is_beta":true,"boss_relics":[{"not_picked":["Orrery","Calling Bell"],"picked":"Runic Cube"},{"not_picked":["Fusion Hammer","Velvet Choker"],"picked":"Black Star"}],"items_purged_floors":[21],"is_endless":false,"potions_floor_spawned":[2,5,7,11,13,22,24,25,33],"killed_by":"Reptomancer","ascension_level":6}