{"gold_per_floor":[110,35,35,35,50,50,78,78,78,78,94,113,125,154,154,228,228,244,259,259,259,273,273,301,301,301,301],"floor_reached":27,"playtime":991,"items_purged":[],"score":422,"play_id":"8b6fe3ad-e521-4246-8dad-6dae17dd2727","local_time":"20190206222054","is_ascension_mode":true,"campfire_choices":[{"data":"Whirlwind","floor":6.0,"key":"SMITH"},{"data":"Bloodletting","floor":8.0,"key":"SMITH"},{"data":"Metallicize","floor":10.0,"key":"SMITH"},{"data":"Inflame","floor":15.0,"key":"SMITH"},{"floor":23.0,"key":"REST"},{"floor":25,"key":"REST"}],"neow_cost":"NONE","seed_source_timestamp":0,"circlet_count":0,"master_deck":["AscendersBane","Strike_R","Strike_R","Strike_R","Strike_R","Strike_R","Defend_R","Defend_R","Defend_R","Defend_R","Bash","Reaper","Ghostly Armor","Metallicize+1","Whirlwind+1","Bloodletting+1","Battle Trance","Clothesline","Inflame+1","Impervious","Double Tap","Burning Pact","Metallicize+1","Regret"],"special_seed":0,"relics":["Burning Blood","Juzu Bracelet","Prayer Wheel","Dodecahedron","Cursed Key","Matryoshka","Orichalcum","Bottled Tornado"],"potions_floor_usage":[24,24],"damage_taken":[{"damage":6.0,"enemies":"Cultist","floor":1.0,"turns":4.0},{"damage":7.0,"enemies":"Jaw Worm","floor":5.0,"turns":5.0},{"damage":12.0,"enemies":"3 Sentries","floor":7.0,"turns":5.0},{"damage":0.0,"enemies":"2 Louse","floor":11.0,"turns":1.0},{"damage":13.0,"enemies":"Large Slime","floor":12.0,"turns":5.0},{"damage":4.0,"enemies":"Looter","floor":13.0,"turns":2.0},{"damage":48.0,"enemies":"Gremlin Nob","floor":14.0,"turns":6.0},{"damage":40.0,"enemies":"The Guardian","floor":16.0,"turns":14.0},{"damage":13.0,"enemies":"Spheric Guardian","floor":18.0,"turns":4.0},{"damage":17.0,"enemies":"2 Thieves","floor":19.0,"turns":4.0},{"damage":8.0,"enemies":"Snecko","floor":22.0,"turns":6.0},{"damage":21,"enemies":"Gremlin Leader","floor":24,"turns":7},{"damage":89,"enemies":"Book of Stabbing","floor":27,"turns":8}],"seed_played":"5184374029138331040","potions_obtained":[{"floor":1.0,"key":"Block Potion"},{"floor":5.0,"key":"Energy Potion"},{"floor":14.0,"key":"Weak Potion"},{"floor":19.0,"key":"Energy Potion"}],"is_trial":false,"path_per_floor":["M","$","$","?","M","R","E","R","T","R","M","M","M","E","R","B",null,"M","M","?","?","M","R","E","R","T","E"],"character_chosen":"IRONCLAD","items_purchased":["Metallicize"],"campfire_rested":2,"item_purchase_floors":[2],"current_hp_per_floor":[74,74,74,74,75,75,69,69,69,69,75,75,75,39,39,12,59,52,51,30,30,36,60,57,80,80,0],"gold":301,"neow_bonus":"ONE_RANDOM_RARE_CARD","is_prod":false,"is_daily":false,"chose_seed":false,"campfire_upgraded":4,"win_rate":0,"timestamp":1549509654,"path_taken":["M","?","$","?","M","R","E","R","T","R","M","M","M","E","R","BOSS","M","M","?","?","M","R","E","R","T","E"],"build_version":"2019-01-23","purchased_purges":0,"victory":false,"max_hp_per_floor":[75,75,75,75,75,75,75,75,75,75,75,75,75,75,75,75,75,75,75,80,80,80,80,80,80,80,80],"card_choices":[{"not_picked":["Blood for Blood","Twin Strike"],"picked":"Ghostly Armor","floor":1.0},{"not_picked":["Wild Strike","Sever Soul"],"picked":"Whirlwind","floor":5.0},{"not_picked":["Hemokinesis","Headbutt"],"picked":"Bloodletting","floor":7.0},{"not_picked":["Perfected Strike","Dropkick"],"picked":"Battle Trance","floor":11.0},{"not_picked":["Entrench","True Grit"],"picked":"Clothesline","floor":11.0},{"not_picked":["Burning Pact","Ghostly Armor","Body Slam"],"picked":"SKIP","floor":12.0},{"not_picked":["Clothesline","Havoc","Power Through"],"picked":"SKIP","floor":12.0},{"not_picked":["Havoc","Iron Wave"],"picked":"Inflame","floor":13.0},{"not_picked":["Flex","Sword Boomerang","Armaments"],"picked":"SKIP","floor":13.0},{"not_picked":["Hemokinesis","Iron Wave"],"picked":"Impervious","floor":14.0},{"not_picked":["Impervious","Feed"],"picked":"Double Tap","floor":16.0},{"not_picked":["Perfected Strike","Flex"],"picked":"Burning Pact","floor":18.0},{"not_picked":["Iron Wave","Rupture+1","Wild Strike"],"picked":"SKIP","floor":18.0},{"not_picked":["Ghostly Armor","Body Slam"],"picked":"Metallicize+1","floor":19.0},{"not_picked":["Burning Pact","Sentinel","Intimidate"],"picked":"SKIP","floor":19.0},{"not_picked":["Sever Soul","Evolve+1","Havoc"],"picked":"SKIP","floor":22.0},{"not_picked":["Sword Boomerang","Pommel Strike","Inflame"],"picked":"SKIP","floor":22.0},{"not_picked":["Barricade","Armaments","True Grit"],"picked":"SKIP","floor":24}],"player_experience":243240,"relics_obtained":[{"floor":7.0,"key":"Juzu Bracelet"},{"floor":9.0,"key":"Prayer Wheel"},{"floor":14.0,"key":"Dodecahedron"},{"floor":24,"key":"Matryoshka"},{"floor":26,"key":"Orichalcum"},{"floor":26,"key":"Bottled Tornado"}],"event_choices":[{"damage_healed":0.0,"max_hp_gain":0.0,"max_hp_loss":0.0,"gold_gain":0.0,"event_name":"Shining Light","player_choice":"Ignored","floor":4.0,"gold_loss":0.0,"damage_taken":0.0},{"damage_healed":0.0,"max_hp_gain":5.0,"max_hp_loss":0.0,"gold_gain":0.0,"event_name":"Forgotten Altar","player_choice":"Shed Blood","floor":20.0,"gold_loss":0.0,"damage_taken":26.0},{"damage_healed":0.0,"max_hp_gain":0.0,"max_hp_loss":0.0,"gold_gain":0.0,"event_name":"Vampires","player_choice":"Ignored","floor":21.0,"gold_loss":0.0,"damage_taken":0.0}],"is_beta":false,"boss_relics":[{"not_picked":["Runic Cube","Coffee Dripper"],"picked":"Cursed Key"}],"items_purged_floors":[],"is_endless":false,"potions_floor_spawned":[1,5,14,18,19],"killed_by":"Book of Stabbing","ascension_level":15}