{"gold_per_floor":[118,118,19,19,34,34,67,67,93,126,126,136,162,181,181,279,279,298,288,288,288],"floor_reached":21,"playtime":679,"items_purged":["Regret"],"score":396,"play_id":"35c11130-dbc7-46ab-add5-fbc3ecfa5c86","local_time":"20190122223722","is_ascension_mode":true,"campfire_choices":[{"data":"Poisoned Stab","floor":6.0,"key":"SMITH"},{"data":"Noxious Fumes","floor":8.0,"key":"SMITH"},{"data":"Sucker Punch","floor":11.0,"key":"SMITH"},{"data":"Deadly Poison","floor":15.0,"key":"SMITH"}],"neow_cost":"NONE","seed_source_timestamp":0,"circlet_count":0,"master_deck":["AscendersBane","Defend_G","Defend_G","Defend_G","Defend_G","Defend_G","Strike_G","Strike_G","Strike_G","Strike_G","Survivor","Neutralize","Poisoned Stab+1","Bane","Sucker Punch+1","Noxious Fumes+1","Deadly Poison+1","Cloak And Dagger","Adrenaline","Normality","Clumsy","Pain","Noxious Fumes+1","Dash+1"],"special_seed":0,"relics":["Ring of the Snake","NeowsBlessing","Art of War","Matryoshka","Frozen Egg 2","PreservedInsect","Nunchaku","Darkstone Periapt","Calling Bell","Pen Nib","Dodecahedron","Shovel","Oddly Smooth Stone"],"potions_floor_usage":[21,21],"damage_taken":[{"damage":0.0,"enemies":"Small Slimes","floor":1.0,"turns":1.0},{"damage":0.0,"enemies":"Jaw Worm","floor":5.0,"turns":1.0},{"damage":0.0,"enemies":"3 Sentries","floor":7.0,"turns":1.0},{"damage":7.0,"enemies":"Lagavulin","floor":10.0,"turns":5.0},{"damage":0.0,"enemies":"Cultist","floor":12.0,"turns":3.0},{"damage":0.0,"enemies":"Gremlin Nob","floor":13.0,"turns":3.0},{"damage":11.0,"enemies":"Looter","floor":14.0,"turns":3.0},{"damage":34.0,"enemies":"Slime Boss","floor":16.0,"turns":9.0},{"damage":33.0,"enemies":"Shell Parasite","floor":18.0,"turns":7.0},{"damage":17.0,"enemies":"2 Thieves","floor":19.0,"turns":4.0},{"damage":43,"enemies":"Masked Bandits","floor":21,"turns":3}],"seed_played":"9088651890542471709","potions_obtained":[{"floor":1.0,"key":"Regen Potion"},{"floor":5.0,"key":"Weak Potion"},{"floor":12.0,"key":"Block Potion"},{"floor":14.0,"key":"SkillPotion"}],"is_trial":false,"path_per_floor":["?","?","M","?","?"],"character_chosen":"THE_SILENT","items_purchased":["Bane"],"campfire_rested":0,"item_purchase_floors":[3],"current_hp_per_floor":[63,63,63,63,63,63,63,63,63,56,56,56,56,45,45,11,73,40,23,23,0],"gold":288,"neow_bonus":"THREE_ENEMY_KILL","is_prod":false,"is_daily":false,"chose_seed":false,"campfire_upgraded":4,"win_rate":0,"timestamp":1548196642,"path_taken":["M","?","$","?","M","R","E","R","T","E","R","M","E","M","R","BOSS","M","?","?","?"],"build_version":"2019-01-20","purchased_purges":1,"victory":false,"max_hp_per_floor":[70,70,70,70,70,70,70,70,70,70,70,70,70,70,70,70,88,88,88,88,88],"card_choices":[{"not_picked":["Terror","Calculated Gamble"],"picked":"Poisoned Stab","floor":1.0},{"not_picked":["Heel Hook","Dodge and Roll"],"picked":"Sucker Punch","floor":5.0},{"not_picked":["Crippling Poison","Calculated Gamble"],"picked":"Noxious Fumes","floor":7.0},{"not_picked":["Setup","Skewer"],"picked":"Deadly Poison","floor":10.0},{"not_picked":["Dodge and Roll","Flying Knee","Setup"],"picked":"SKIP","floor":12.0},{"not_picked":["Underhanded Strike","Bane","Sucker Punch"],"picked":"SKIP","floor":13.0},{"not_picked":["Underhanded Strike","Slice"],"picked":"Cloak And Dagger","floor":14.0},{"not_picked":["Night Terror","Venomology"],"picked":"Adrenaline","floor":16.0},{"not_picked":["Heel Hook","Sucker Punch+1"],"picked":"Noxious Fumes+1","floor":18.0},{"not_picked":["Prepared","Acrobatics+1"],"picked":"Dash+1","floor":19.0}],"player_experience":451980,"relics_obtained":[{"floor":7.0,"key":"Matryoshka"},{"floor":9.0,"key":"Frozen Egg 2"},{"floor":9.0,"key":"PreservedInsect"},{"floor":10.0,"key":"Nunchaku"},{"floor":13.0,"key":"Darkstone Periapt"},{"floor":17.0,"key":"Pen Nib"},{"floor":17.0,"key":"Dodecahedron"},{"floor":17.0,"key":"Shovel"}],"event_choices":[{"damage_healed":0.0,"max_hp_gain":0.0,"max_hp_loss":0.0,"gold_gain":0.0,"event_name":"Big Fish","player_choice":"Box","floor":2.0,"gold_loss":0.0,"damage_taken":0.0,"relics_obtained":["Art of War"],"cards_obtained":["Regret"]},{"cards_removed":["Strike_G"],"damage_healed":0.0,"max_hp_gain":0.0,"max_hp_loss":0.0,"gold_gain":0.0,"event_name":"Purifier","player_choice":"Purged","floor":4.0,"gold_loss":0.0,"damage_taken":0.0},{"damage_healed":0.0,"max_hp_gain":0.0,"max_hp_loss":0.0,"gold_gain":0.0,"event_name":"The Mausoleum","player_choice":"Opened","floor":20.0,"gold_loss":0.0,"damage_taken":0.0,"relics_obtained":["Oddly Smooth Stone"]},{"damage_healed":0,"gold_gain":0,"player_choice":"Fought Bandits","damage_taken":0,"max_hp_gain":0,"max_hp_loss":0,"event_name":"Masked Bandits","floor":21,"gold_loss":0}],"is_beta":true,"boss_relics":[{"not_picked":["Philosopher\u0027s Stone","Runic Pyramid"],"picked":"Calling Bell"}],"items_purged_floors":[3],"is_endless":false,"potions_floor_spawned":[1,5,12,14],"killed_by":"Masked Bandits","ascension_level":10}