{"path_per_floor":["M","?","M","?","M","R","M","R","T","M","?","$","M","M","R","B",null,"M","?","?","M","?","?","M","M","T","R","$","M","$","E","R","B",null,"M","?","?","M","?","R","E","R","T","?","$","M","M","M","R","B"],"character_chosen":"IRONCLAD","items_purchased":["Enlightenment","Apotheosis","Uppercut","Heavy Blade","True Grit","Gremlin Horn"],"gold_per_floor":[114,289,304,304,319,319,334,334,359,374,374,113,128,143,143,243,243,258,258,258,273,273,223,238,253,328,328,60,75,51,81,81,181,181,196,196,196,211,211,211,241,241,291,291,41,56,71,386,386,386],"floor_reached":51,"campfire_rested":0,"playtime":2322,"current_hp_per_floor":[76,76,77,61,61,61,64,64,64,72,60,60,51,56,56,38,87,87,70,70,77,77,77,85,71,71,71,71,68,68,52,52,12,92,92,92,92,92,80,80,38,38,38,38,38,46,54,46,46,29],"items_purged":["Doubt"],"gold":386,"score":789,"play_id":"cea7f495-74ae-407c-8899-3b761ed56358","local_time":"20180307233248","daily_mods":[{"name":"Heirloom","description":"Start with 1 Rare relic.","modID":"Heirloom","img":{"data":{"file":{"file":{"path":"images\\ui\\run_mods\\heirloom.png"},"type":"Internal"},"width":64,"height":64,"format":"RGBA8888","useMipMaps":false,"isPrepared":false},"glTarget":3553,"glHandle":685,"minFilter":"Linear","magFilter":"Linear","uWrap":"ClampToEdge","vWrap":"ClampToEdge"},"positive":true},{"name":"Lethality","description":"You start each combat with +3 Strength. All enemies start combat with +3 Strength.","modID":"Lethality","img":{"data":{"file":{"file":{"path":"images\\ui\\run_mods\\lethal_enemies.png"},"type":"Internal"},"width":64,"height":64,"format":"RGBA8888","useMipMaps":false,"isPrepared":false},"glTarget":3553,"glHandle":675,"minFilter":"Linear","magFilter":"Linear","uWrap":"ClampToEdge","vWrap":"ClampToEdge"},"positive":false},{"name":"Vintage","description":"Normal Enemies drop relics instead of cards.","modID":"Vintage","img":{"data":{"file":{"file":{"path":"images\\ui\\run_mods\\vintage.png"},"type":"Internal"},"width":64,"height":64,"format":"RGBA8888","useMipMaps":false,"isPrepared":false},"glTarget":3553,"glHandle":677,"minFilter":"Linear","magFilter":"Linear","uWrap":"ClampToEdge","vWrap":"ClampToEdge"},"positive":false}],"is_prod":false,"is_daily":true,"is_ascension_mode":false,"campfire_upgraded":5,"timestamp":1520465568,"path_taken":["M","?","M","?","M","R","M","R","T","?","?","$","M","M","R","BOSS","M","?","?","M","?","?","M","M","T","R","?","M","$","E","R","BOSS","M","?","?","M","?","R","E","R","T","?","?","M","M","M","R","BOSS"],"build_version":"2018-03-06-BETA","purchased_purges":1,"victory":true,"master_deck":["Bash+1","Enlightenment+1","Bludgeon+1","Searing Blow+1","Burning Pact","Thunderclap","Flex","Shrug It Off","Havoc","Flex","Body Slam+1","Shockwave","Madness+1","Apotheosis+1","Uppercut","Heavy Blade","True Grit+1","Whirlwind","Berserk+1","Madness","Madness","Shrug It Off+1"],"max_hp_per_floor":[80,80,80,80,80,80,80,80,80,87,87,87,87,87,87,87,87,87,92,92,92,92,92,92,92,92,92,92,92,92,92,92,92,92,92,92,92,92,92,92,92,92,92,92,92,92,92,92,92,92],"relics":["Burning Blood","Red Skull","Vajra","Blood Vial","Pantograph","Dream Catcher","Strawberry","Darkstone Periapt","Dodecahedron","Bag of Marbles","Juzu Bracelet","Pandora\u0027s Box","Whetstone","Ancient Tea Set","Du-Vu Doll","Happy Flower","Bag of Preparation","Shuriken","Lantern","War Paint","Frozen Egg 2","Mark of Pain","Girya","Bronze Scales","Molten Egg 2","Art of War","Gremlin Horn","Regal Pillow","Anchor","Old Coin"],"card_choices":[{"not_picked":["Exhume","Berserk"],"picked":"Bludgeon"},{"not_picked":["Havoc","Second Wind"],"picked":"Whirlwind"},{"not_picked":["Demon Form","Juggernaut"],"picked":"Berserk"},{"not_picked":["Iron Wave","Bloodletting"],"picked":"Shrug It Off"}],"player_experience":16890,"potions_floor_usage":[3,16,50,50,50],"damage_taken":[{"damage":10,"enemies":"2 Louse","floor":1,"turns":3},{"damage":5,"enemies":"Small Slimes","floor":3,"turns":2},{"damage":6,"enemies":"Jaw Worm","floor":5,"turns":3},{"damage":5,"enemies":"Looter","floor":7,"turns":2},{"damage":7,"enemies":"Blue Slaver","floor":10,"turns":2},{"damage":17,"enemies":"3 Louse","floor":13,"turns":3},{"damage":3,"enemies":"Large Slime","floor":14,"turns":5},{"damage":51,"enemies":"The Guardian","floor":16,"turns":9},{"damage":5,"enemies":"Spheric Guardian","floor":18,"turns":3},{"damage":1,"enemies":"Chosen","floor":21,"turns":3},{"damage":0,"enemies":"Snecko","floor":24,"turns":2},{"damage":22,"enemies":"Cultist and Chosen","floor":25,"turns":4},{"damage":11,"enemies":"Centurion and Healer","floor":29,"turns":2},{"damage":24,"enemies":"Slavers","floor":31,"turns":3},{"damage":73,"enemies":"Collector","floor":33,"turns":4},{"damage":0,"enemies":"3 Darklings","floor":35,"turns":1},{"damage":3,"enemies":"3 Shapes","floor":38,"turns":1},{"damage":50,"enemies":"Nemesis","floor":41,"turns":3},{"damage":0,"enemies":"Maw","floor":46,"turns":3},{"damage":0,"enemies":"Flame Bruiser 2 Orb","floor":47,"turns":2},{"damage":16,"enemies":"4 Shapes","floor":48,"turns":4},{"damage":62,"enemies":"Donu and Deca","floor":50,"turns":5}],"event_choices":[{"event_name":"Liars Game","player_choice":"agreed","floor":2,"damage_taken":0},{"event_name":"Shining Light","player_choice":"Entered Light","floor":4,"damage_taken":0},{"event_name":"Scrap Ooze","player_choice":"success","floor":11,"damage_taken":12},{"event_name":"Forgotten Altar","player_choice":"Shed Blood","floor":19,"damage_taken":0},{"event_name":"The Mausoleum","player_choice":"Yes","floor":20,"damage_taken":0},{"event_name":"Match and Keep!","player_choice":"2 cards matched","floor":22,"damage_taken":0},{"event_name":"The Joust","player_choice":"Bet on Murderer","floor":23,"damage_taken":0},{"event_name":"Tomb of Lord Red Mask","player_choice":"Ignored","floor":36,"damage_taken":0},{"event_name":"Winding Halls","player_choice":"Embrace Madness","floor":39,"damage_taken":0},{"event_name":"Mysterious Sphere","player_choice":"Ignore","floor":44,"damage_taken":0}],"boss_relics":[{"not_picked":["Astrolabe","White Beast Statue"],"picked":"Pandora\u0027s Box"},{"not_picked":["Question Card","Lizard Tail"],"picked":"Mark of Pain"}],"potions_floor_spawned":[1,5,7,14,16,21,25,29,35,46,48],"seed_played":"4045389873429861552","ascension_level":0,"is_trial":false}