{"gold_per_floor":[113,113,113,132,30,61,61,76,76,76,76,94,94,114,114,210,210,229,229,17,38,38,38,38,38,38,38,52,52,75,98,98,189,189,208,12,12,32,56,56,71,71,71,71,71,90,111,111,111,111],"floor_reached":51,"playtime":3696,"items_purged":[],"score":1124,"play_id":"0a6deab4-4a26-4738-af9b-5232f9f5776c","local_time":"20190209215845","is_ascension_mode":true,"campfire_choices":[{"data":"Zap","floor":7,"key":"SMITH"},{"data":"Sunder","floor":11,"key":"SMITH"},{"data":"Capacitor","floor":13,"key":"SMITH"},{"data":"Go for the Eyes","floor":15,"key":"SMITH"},{"data":"Defragment","floor":25,"key":"SMITH"},{"data":"Creative AI","floor":27,"key":"SMITH"},{"data":"Glacier","floor":29,"key":"SMITH"},{"data":"Coolheaded","floor":32,"key":"SMITH"},{"data":"Dark Shackles","floor":40,"key":"SMITH"},{"data":"Rainbow","floor":42,"key":"SMITH"},{"data":"Hologram","floor":49,"key":"SMITH"}],"neow_cost":"NONE","seed_source_timestamp":1551312520154601,"circlet_count":0,"master_deck":["AscendersBane","Defend_B","Defend_B","Defend_B","Zap+1","Dualcast","Steam","Auto Shields","Ball Lightning","Capacitor+1","Sunder+1","Conserve Battery","Go for the Eyes+1","Creative AI+1","Coolheaded+1","Glacier+1","Streamline","Defragment+1","Chill","Steam Power","Amplify","Blizzard+1","Lockon+1","White Noise+1","Barrage+1","Dark Shackles+1","Coolheaded","Rainbow+1","Conserve Battery+1","Hologram+1","Chill"],"relics":["Cracked Core","NeowsBlessing","Golden Idol","Bag of Preparation","Sundial","Coffee Dripper","Bronze Scales","Ornamental Fan","Astrolabe","Dodecahedron"],"potions_floor_usage":[16,24,33,33,36,47,50],"damage_taken":[{"damage":0,"enemies":"Jaw Worm","floor":1,"turns":1},{"damage":0,"enemies":"2 Louse","floor":4,"turns":1},{"damage":0,"enemies":"Gremlin Nob","floor":6,"turns":1},{"damage":0,"enemies":"Cultist","floor":8,"turns":2},{"damage":3,"enemies":"Blue Slaver","floor":12,"turns":3},{"damage":13,"enemies":"Gremlin Gang","floor":14,"turns":3},{"damage":24,"enemies":"Hexaghost","floor":16,"turns":10},{"damage":1,"enemies":"3 Byrds","floor":18,"turns":5},{"damage":7,"enemies":"Spheric Guardian","floor":21,"turns":4},{"damage":0,"enemies":"Slavers","floor":24,"turns":1},{"damage":6,"enemies":"Centurion and Healer","floor":28,"turns":8},{"damage":0,"enemies":"Cultist and Chosen","floor":30,"turns":5},{"damage":2,"enemies":"3 Cultists","floor":31,"turns":5},{"damage":20,"enemies":"Collector","floor":33,"turns":10},{"damage":18,"enemies":"3 Darklings","floor":35,"turns":7},{"damage":7,"enemies":"Orb Walker","floor":38,"turns":4},{"damage":2,"enemies":"3 Darklings","floor":39,"turns":7},{"damage":0,"enemies":"Spire Growth","floor":41,"turns":5},{"damage":18,"enemies":"Sphere and 2 Shapes","floor":46,"turns":4},{"damage":0,"enemies":"Maw","floor":47,"turns":7},{"damage":24,"enemies":"Awakened One","floor":50,"turns":17}],"seed_played":"-3742867051462597872","potions_obtained":[{"floor":1,"key":"Weak Potion"},{"floor":12,"key":"Energy Potion"},{"floor":18,"key":"SmokeBomb"},{"floor":28,"key":"PowerPotion"},{"floor":30,"key":"Regen Potion"},{"floor":35,"key":"Strength Potion"},{"floor":39,"key":"EssenceOfSteel"},{"floor":46,"key":"Regen Potion"}],"is_trial":false,"path_per_floor":["M","?","?","M","$","E","R","M","T","?","R","M","R","M","R","B",null,"M","?","$","M","?","$","E","R","T","R","M","R","M","M","R","B",null,"M","$","?","M","M","R","M","R","T","?","?","M","M","?","R","B",null],"character_chosen":"DEFECT","items_purchased":["Ball Lightning","Capacitor","Glacier","Bronze Scales","Dark Shackles","Fruit Juice"],"campfire_rested":0,"item_purchase_floors":[5,5,20,20,36,36],"current_hp_per_floor":[64,69,69,69,69,69,69,69,69,69,69,66,66,53,53,29,59,58,58,58,51,51,51,51,51,51,51,45,45,45,43,43,38,61,43,48,48,41,39,39,39,39,39,61,58,40,55,55,55,31],"gold":111,"neow_bonus":"THREE_ENEMY_KILL","is_prod":false,"is_daily":false,"chose_seed":false,"campfire_upgraded":11,"win_rate":0,"timestamp":1549717125,"path_taken":["M","?","?","M","$","E","R","M","T","?","R","M","R","M","R","BOSS","M","?","$","M","?","?","E","R","T","R","?","R","M","M","R","BOSS","M","$","?","M","?","R","?","R","T","?","?","M","M","?","R","BOSS"],"build_version":"2019-01-23","purchased_purges":0,"victory":true,"max_hp_per_floor":[71,76,69,69,69,69,69,69,69,69,69,69,69,69,69,69,69,69,69,69,69,69,69,69,69,69,69,69,69,69,69,69,69,69,69,74,74,74,74,74,74,74,74,61,58,58,58,58,58,58],"card_choices":[{"not_picked":["Static Discharge","Redo"],"picked":"Steam","floor":1},{"not_picked":["Barrage","Steam"],"picked":"Auto Shields","floor":4},{"not_picked":["Stack","Streamline","Blizzard"],"picked":"SKIP","floor":6},{"not_picked":["Stack","Streamline","Blizzard"],"picked":"SKIP","floor":6},{"not_picked":["Leap","Gash"],"picked":"Sunder","floor":8},{"not_picked":["Rebound","Stack"],"picked":"Conserve Battery","floor":12},{"not_picked":["Steam","Turbo"],"picked":"Go for the Eyes","floor":14},{"not_picked":["All For One","Machine Learning"],"picked":"Creative AI","floor":16},{"not_picked":["Leap","Barrage"],"picked":"Coolheaded","floor":18},{"not_picked":["Stack","Barrage","Gash"],"picked":"SKIP","floor":21},{"not_picked":["Steam","Fusion"],"picked":"Chill","floor":28},{"not_picked":["Undo","Go for the Eyes","Beam Cell+1"],"picked":"SKIP","floor":30},{"not_picked":["Auto Shields","Beam Cell+1"],"picked":"Steam Power","floor":31},{"not_picked":["Fission","Hyperbeam"],"picked":"Amplify","floor":33},{"not_picked":["Cold Snap+1","Beam Cell"],"picked":"Barrage+1","floor":35},{"not_picked":["Chaos","Ball Lightning+1"],"picked":"Coolheaded","floor":38},{"not_picked":["Heatsinks","Coolheaded"],"picked":"Rainbow","floor":39},{"not_picked":["Auto Shields","Barrage"],"picked":"Conserve Battery+1","floor":41},{"not_picked":["White Noise","Ball Lightning"],"picked":"Hologram","floor":46},{"not_picked":["Skim+1","Sweeping Beam+1"],"picked":"Chill","floor":47}],"player_experience":946655,"relics_obtained":[{"floor":6,"key":"Bag of Preparation"},{"floor":9,"key":"Sundial"},{"floor":26,"key":"Ornamental Fan"},{"floor":43,"key":"Dodecahedron"}],"event_choices":[{"damage_healed":0,"gold_gain":0,"player_choice":"Donut","damage_taken":0,"max_hp_gain":5,"max_hp_loss":0,"event_name":"Big Fish","floor":2,"gold_loss":0},{"damage_healed":0,"gold_gain":0,"player_choice":"Lose Max HP","damage_taken":0,"relics_obtained":["Golden Idol"],"max_hp_gain":0,"max_hp_loss":7,"event_name":"Golden Idol","floor":3,"gold_loss":0},{"damage_healed":0,"gold_gain":0,"player_choice":"Ignored","damage_taken":0,"max_hp_gain":0,"max_hp_loss":0,"event_name":"Liars Game","floor":10,"gold_loss":0},{"damage_healed":0,"gold_gain":0,"player_choice":"Ignored","damage_taken":0,"max_hp_gain":0,"max_hp_loss":0,"event_name":"Ghosts","floor":19,"gold_loss":0},{"damage_healed":0,"gold_gain":0,"cards_transformed":["Strike_B","Strike_B"],"player_choice":"Became Test Subject","damage_taken":0,"max_hp_gain":0,"max_hp_loss":0,"event_name":"Drug Dealer","floor":22,"gold_loss":0,"cards_obtained":["Streamline","Defragment"]},{"damage_healed":0,"gold_gain":0,"player_choice":"Leave","damage_taken":0,"max_hp_gain":0,"max_hp_loss":0,"event_name":"FaceTrader","floor":37,"gold_loss":0},{"damage_healed":61,"gold_gain":0,"player_choice":"Heal","damage_taken":0,"max_hp_gain":0,"max_hp_loss":13,"event_name":"The Moai Head","floor":44,"gold_loss":0},{"damage_healed":0,"gold_gain":0,"player_choice":"Max HP","damage_taken":0,"max_hp_gain":0,"max_hp_loss":3,"event_name":"Winding Halls","floor":45,"gold_loss":0},{"damage_healed":0,"gold_gain":0,"player_choice":"Ignored","damage_taken":0,"max_hp_gain":0,"max_hp_loss":0,"event_name":"Mysterious Sphere","floor":48,"gold_loss":0}],"is_beta":false,"boss_relics":[{"not_picked":["Orrery","Tiny House"],"picked":"Coffee Dripper"},{"not_picked":["Nuclear Battery","Busted Crown"],"picked":"Astrolabe"}],"items_purged_floors":[],"is_endless":false,"potions_floor_spawned":[1,12,18,24,28,30,35,39,46],"ascension_level":15}