{"path_per_floor":["M","M","?","$","T","E","R","E","T","M","R","M","M","?","R","B",null,"M","$","?","$","?","M","R","?","T","R","T","M","R","?","R"],"character_chosen":"DEFECT","items_purchased":["Go for the Eyes","Shovel"],"gold_per_floor":[114,129,79,27,102,132,132,162,187,202,202,217,232,232,232,357,357,376,1,1,1,0,0,0,0,25,25,25,44,44,44,44,44],"floor_reached":33,"campfire_rested":2,"playtime":1368,"current_hp_per_floor":[71,65,65,65,65,49,49,18,18,18,18,15,15,15,64,52,64,39,39,39,39,39,21,21,21,21,21,21,5,5,5,59,29],"items_purged":["Defend_B"],"gold":44,"score":249,"play_id":"51f4ab73-caa8-45c3-9ef2-2ba7adaf8b74","local_time":"20180510210908","daily_mods":["Heirloom","Time Dilation","Night Terrors"],"is_prod":false,"is_daily":true,"chose_seed":false,"is_ascension_mode":false,"campfire_upgraded":2,"timestamp":1525982948,"path_taken":["M","M","?","$","?","E","R","E","T","M","R","?","M","?","R","BOSS","M","$","?","?","?","?","R","?","T","R","?","M","R","?","R","BOSS"],"build_version":"2018-05-09","seed_source_timestamp":0,"purchased_purges":2,"victory":false,"master_deck":["Strike_B","Strike_B","Defend_B","Defend_B","Defend_B","Zap","Dualcast","Skim","Gash","Go for the Eyes","Hologram+1","Hologram+1","Loop","Reprogram","Heatsinks","Chaos","Reboot","Self Repair+1","Recycle+1","Static Discharge"],"max_hp_per_floor":[75,75,75,75,75,75,75,75,75,75,75,75,75,69,64,64,64,64,64,64,64,64,64,64,64,64,64,64,64,64,64,59,59],"relics":["Cracked Core","Bird Faced Urn","Molten Egg 2","Dream Catcher","Dead Branch","Oddly Smooth Stone","Golden Idol","Lizard Tail","Shovel","Kunai","Bronze Scales","Bag of Marbles","Question Card","Prayer Wheel"],"card_choices":[{"not_picked":["Conserve Battery","Chaos"],"picked":"Skim","floor":1},{"not_picked":["Aggregate","Turbo"],"picked":"Gash","floor":2},{"not_picked":["Stack","Reprogram"],"picked":"Hologram","floor":6},{"not_picked":["Barrage","Defragment"],"picked":"Hologram","floor":8},{"not_picked":["Redo","Turbo"],"picked":"Loop","floor":10},{"not_picked":["Axe Kick","Undo"],"picked":"Reprogram","floor":12},{"not_picked":["Coolheaded","Skim"],"picked":"Heatsinks","floor":13},{"not_picked":["Turbo","Reinforced Body"],"picked":"Chaos","floor":15},{"not_picked":["Hyperbeam","Meteor Strike"],"picked":"Reboot","floor":16},{"not_picked":["Recycle","Coolheaded"],"picked":"Self Repair","floor":23},{"not_picked":["Consume","Undo","Glacier"],"picked":"Recycle","floor":29},{"not_picked":["Tempest","Storm","Coolheaded"],"picked":"Static Discharge","floor":32}],"player_experience":125151,"potions_floor_usage":[6,8,18],"damage_taken":[{"damage":4,"enemies":"Small Slimes","floor":1,"turns":3},{"damage":6,"enemies":"2 Louse","floor":2,"turns":2},{"damage":16,"enemies":"Lagavulin","floor":6,"turns":6},{"damage":31,"enemies":"Gremlin Nob","floor":8,"turns":5},{"damage":0,"enemies":"Cultist","floor":10,"turns":3},{"damage":5,"enemies":"Lots of Slimes","floor":12,"turns":6},{"damage":0,"enemies":"2 Fungi Beasts","floor":13,"turns":3},{"damage":14,"enemies":"Slime Boss","floor":16,"turns":8},{"damage":36,"enemies":"Shell Parasite","floor":18,"turns":9},{"damage":20,"enemies":"2 Thieves","floor":23,"turns":4},{"damage":16,"enemies":"Snake Plant","floor":29,"turns":4},{"damage":90,"enemies":"Automaton","floor":33,"turns":7}],"event_choices":[{"event_name":"The Cleric","player_choice":"Card Removal","floor":3,"damage_taken":0},{"event_name":"Golden Idol","player_choice":"Lose Max HP","floor":14,"damage_taken":0},{"event_name":"Back to Basics","player_choice":"Elegance","floor":20,"damage_taken":0},{"event_name":"Masked Bandits","player_choice":"Paid Bandits 1 gold","floor":22,"damage_taken":0},{"event_name":"Drug Dealer","player_choice":"Ignored","floor":25,"damage_taken":0},{"event_name":"Addict","player_choice":"Ignored","floor":31,"damage_taken":0}],"boss_relics":[{"not_picked":["Runic Dome","Velvet Choker"],"picked":"Lizard Tail"}],"potions_floor_spawned":[2,6,16],"seed_played":"-3482756259922826176","killed_by":"Automaton","ascension_level":0,"is_trial":false}