{"gold_per_floor":[110,110,123,133,58,92,92,102,125,157,157,176,176,0,0,103,103,116,11,24,35,46,46,46],"floor_reached":24,"playtime":1246,"items_purged":["Strike_G","Strike_G"],"score":302,"play_id":"ea064f16-1b6c-4897-beee-8142efb680a3","local_time":"20190212204634","is_ascension_mode":true,"campfire_choices":[{"floor":7,"key":"REST"},{"floor":13,"key":"REST"},{"floor":15,"key":"REST"},{"floor":23,"key":"REST"}],"neow_cost":"NONE","seed_source_timestamp":24898612919351,"circlet_count":0,"master_deck":["Defend_G","Defend_G","Defend_G","Defend_G","Defend_G","Strike_G","Strike_G","Strike_G","Survivor","Neutralize","Bullet Time","Dash","Backflip","Slice","Infinite Blades","Neutralize","Caltrops","Noxious Fumes","After Image","Blade Dance","Accuracy","Skewer","Outmaneuver","Blur","Crippling Poison"],"relics":["Ring of the Snake","FaceOfCleric","Art of War","Lantern","Boot","Runic Pyramid"],"potions_floor_usage":[6,6,16,24,24],"damage_taken":[{"damage":0,"enemies":"2 Louse","floor":1,"turns":3},{"damage":0,"enemies":"Cultist","floor":3,"turns":4},{"damage":1,"enemies":"Jaw Worm","floor":4,"turns":6},{"damage":34,"enemies":"Lagavulin","floor":6,"turns":7},{"damage":10,"enemies":"Red Slaver","floor":8,"turns":4},{"damage":33,"enemies":"Gremlin Nob","floor":10,"turns":6},{"damage":0,"enemies":"2 Fungi Beasts","floor":12,"turns":4},{"damage":43,"enemies":"Slime Boss","floor":16,"turns":11},{"damage":15,"enemies":"2 Thieves","floor":18,"turns":5},{"damage":8,"enemies":"Spheric Guardian","floor":20,"turns":5},{"damage":18,"enemies":"3 Cultists","floor":21,"turns":6},{"damage":12,"enemies":"Snake Plant","floor":22,"turns":5},{"damage":40,"enemies":"Book of Stabbing","floor":24,"turns":5}],"seed_played":"-4252141380025156002","potions_obtained":[{"floor":1,"key":"Strength Potion"},{"floor":4,"key":"AttackPotion"},{"floor":10,"key":"PowerPotion"},{"floor":16,"key":"FearPotion"},{"floor":18,"key":"GhostInAJar"},{"floor":20,"key":"EssenceOfSteel"}],"is_trial":false,"path_per_floor":["M","?","M","M","$","E","R","M","T","E","?","M","R","$","R","B",null,"M","$","M","M","M","R","E"],"character_chosen":"THE_SILENT","items_purchased":["Noxious Fumes","Accuracy","Skewer"],"campfire_rested":4,"item_purchase_floors":[14,19,19],"current_hp_per_floor":[63,63,64,64,64,31,52,43,43,11,11,12,34,34,56,14,61,47,47,40,23,12,36,0],"gold":46,"neow_bonus":"ONE_RANDOM_RARE_CARD","is_prod":false,"is_daily":false,"chose_seed":false,"campfire_upgraded":0,"win_rate":0,"timestamp":1550000794,"path_taken":["M","?","M","M","$","E","R","?","T","E","?","?","R","$","R","BOSS","M","$","M","M","M","R","E"],"build_version":"2019-01-23","purchased_purges":2,"victory":false,"max_hp_per_floor":[70,70,71,72,72,73,73,74,74,75,75,76,76,76,76,77,77,78,78,79,80,81,81,81],"card_choices":[{"not_picked":["Tactician","Reflex"],"picked":"Dash","floor":1},{"not_picked":["Concentrate","Poisoned Stab"],"picked":"Backflip","floor":3},{"not_picked":["Bane","Distraction","Prepared"],"picked":"SKIP","floor":4},{"not_picked":["Dash","Underhanded Strike"],"picked":"Slice","floor":6},{"not_picked":["Sucker Punch","Dodge and Roll","Prepared"],"picked":"SKIP","floor":8},{"not_picked":["Dodge and Roll","Expertise"],"picked":"Infinite Blades","floor":10},{"not_picked":["Flechettes","Deflect"],"picked":"Caltrops","floor":12},{"not_picked":["Burst","Glass Knife"],"picked":"After Image","floor":16},{"not_picked":["Underhanded Strike","Flying Knee"],"picked":"Blade Dance","floor":18},{"not_picked":["Bane","Outmaneuver","Predator+1"],"picked":"SKIP","floor":20},{"not_picked":["Bane","Predator+1"],"picked":"Outmaneuver","floor":20},{"not_picked":["Predator","Cloak And Dagger"],"picked":"Blur","floor":21},{"not_picked":["Sucker Punch+1","Backflip"],"picked":"Crippling Poison","floor":22}],"player_experience":310522,"relics_obtained":[{"floor":6,"key":"Art of War"},{"floor":9,"key":"Lantern"},{"floor":10,"key":"Boot"}],"event_choices":[{"damage_healed":0,"gold_gain":0,"player_choice":"Trade","damage_taken":0,"relics_obtained":["FaceOfCleric"],"max_hp_gain":0,"max_hp_loss":0,"event_name":"FaceTrader","floor":2,"gold_loss":0},{"damage_healed":0,"gold_gain":0,"player_choice":"1 cards matched","damage_taken":0,"max_hp_gain":0,"max_hp_loss":0,"event_name":"Match and Keep!","floor":11,"gold_loss":0,"cards_obtained":["Neutralize"]}],"is_beta":false,"boss_relics":[{"not_picked":["Runic Dome","Velvet Choker"],"picked":"Runic Pyramid"}],"items_purged_floors":[5,14],"is_endless":false,"potions_floor_spawned":[1,4,10,16,18,20],"killed_by":"Book of Stabbing","ascension_level":9}