{"gold_per_floor":[111,122,1,15,15,15,48,48,73,103,103,103,113,31,31,135,135,119,119,119,119],"floor_reached":21,"playtime":844,"items_purged":["Strike_B"],"score":259,"play_id":"60133490-c687-4ec6-91b7-73ad36649095","local_time":"20190110042428","is_ascension_mode":true,"campfire_choices":[{"data":"Loop","floor":6,"key":"SMITH"},{"floor":8,"key":"REST"},{"floor":11,"key":"REST"},{"floor":15,"key":"REST"}],"neow_cost":"NONE","seed_source_timestamp":630063504009786,"circlet_count":0,"master_deck":["Strike_B","Strike_B","Defend_B","Defend_B","Defend_B","Defend_B","Zap","Dualcast","Creative AI","Loop+1","Steam","Cold Snap","Defragment","Hologram","Conserve Battery","Storm","Seek","Chill","Fusion"],"relics":["Cracked Core","Bag of Marbles","Juzu Bracelet","Pantograph","Ornamental Fan","Orrery"],"potions_floor_usage":[7,7,7,10],"damage_taken":[{"damage":1,"enemies":"Cultist","floor":1,"turns":5},{"damage":4,"enemies":"Small Slimes","floor":2,"turns":4},{"damage":7,"enemies":"2 Louse","floor":4,"turns":3},{"damage":20,"enemies":"Gremlin Nob","floor":7,"turns":5},{"damage":42,"enemies":"3 Sentries","floor":10,"turns":7},{"damage":9,"enemies":"Red Slaver","floor":13,"turns":6},{"damage":55,"enemies":"Hexaghost","floor":16,"turns":10},{"damage":28,"enemies":"2 Thieves","floor":18,"turns":4},{"damage":30,"enemies":"3 Byrds","floor":21,"turns":5}],"seed_played":"-6109074905061326663","potions_obtained":[{"floor":2,"key":"EntropicBrew"},{"floor":4,"key":"EssenceOfSteel"},{"floor":7,"key":"Ancient Potion"},{"floor":16,"key":"Energy Potion"},{"floor":18,"key":"Fire Potion"}],"is_trial":false,"path_per_floor":["M","M","$","M","?","R","E","R","T","E","R","?","M","$","R","B",null,"M","?","?","M"],"character_chosen":"DEFECT","items_purchased":["Steam","Storm"],"campfire_rested":3,"item_purchase_floors":[3,14],"current_hp_per_floor":[67,63,63,56,49,49,29,51,51,9,31,31,22,22,44,14,60,32,32,25,0],"gold":119,"neow_bonus":"ONE_RANDOM_RARE_CARD","is_prod":false,"is_daily":false,"chose_seed":false,"campfire_upgraded":1,"win_rate":0,"timestamp":1547094268,"path_taken":["M","?","$","M","?","R","E","R","T","E","R","?","M","$","R","BOSS","M","?","?","M"],"build_version":"2019-01-08","purchased_purges":1,"victory":false,"max_hp_per_floor":[75,75,75,75,75,75,75,75,75,75,75,75,75,75,75,75,75,75,75,75,75],"card_choices":[{"not_picked":["Leap","Redo"],"picked":"Loop","floor":1},{"not_picked":["Turbo","Rebound","Ball Lightning"],"picked":"SKIP","floor":2},{"not_picked":["Genetic Algorithm","Beam Cell"],"picked":"Cold Snap","floor":4},{"not_picked":["Reinforced Body","Go for the Eyes"],"picked":"Defragment","floor":7},{"not_picked":["FTL","Darkness"],"picked":"Hologram","floor":10},{"not_picked":["Lockon","Reprogram"],"picked":"Conserve Battery","floor":13},{"not_picked":["Creative AI","Echo Form"],"picked":"Seek","floor":16},{"not_picked":["Hologram","Turbo"],"picked":"Chill","floor":17},{"not_picked":["Steam Power","Auto Shields"],"picked":"Fusion","floor":17},{"not_picked":["Genetic Algorithm","Double Energy","Fusion+1"],"picked":"SKIP","floor":18}],"player_experience":394847,"relics_obtained":[{"floor":7,"key":"Bag of Marbles"},{"floor":9,"key":"Juzu Bracelet"},{"floor":10,"key":"Pantograph"},{"floor":12,"key":"Ornamental Fan"}],"event_choices":[{"cards_removed":["Strike_B"],"damage_healed":0,"gold_gain":0,"player_choice":"Card Removal","damage_taken":7,"max_hp_gain":0,"max_hp_loss":0,"event_name":"Golden Wing","floor":5,"gold_loss":0},{"damage_healed":0,"gold_gain":0,"player_choice":"Relic","damage_taken":0,"max_hp_gain":0,"max_hp_loss":0,"event_name":"Wheel of Change","floor":12,"gold_loss":0},{"damage_healed":0,"gold_gain":0,"player_choice":"Ignored","damage_taken":0,"max_hp_gain":0,"max_hp_loss":0,"event_name":"Vampires","floor":19,"gold_loss":0},{"damage_healed":0,"gold_gain":0,"player_choice":"Damaged","damage_taken":7,"max_hp_gain":0,"max_hp_loss":0,"event_name":"Wheel of Change","floor":20,"gold_loss":0}],"is_beta":true,"boss_relics":[{"not_picked":["Snecko Eye","Black Star"],"picked":"Orrery"}],"items_purged_floors":[3],"is_endless":false,"potions_floor_spawned":[2,4,7,16,18],"killed_by":"3 Byrds","ascension_level":8}