{"gold_per_floor":[114,114,64,64,77,132,144,144,170,189,202,202,221,296,296,395,395,413,338,65,83,95,129,129,160,160,160,180,180,279,145,145,145],"floor_reached":33,"playtime":550,"items_purged":["Defend_R","Defend_R"],"score":299,"play_id":"793d03ec-c01b-425f-82d0-100fc2e240ff","local_time":"20190202145448","is_ascension_mode":true,"campfire_choices":[{"data":"Bash","floor":8.0,"key":"SMITH"},{"floor":15.0,"key":"REST"},{"floor":24.0,"key":"REST"},{"floor":27.0,"key":"REST"},{"floor":29.0,"key":"REST"},{"floor":32.0,"key":"REST"}],"neow_cost":"NONE","seed_source_timestamp":44407304499262,"circlet_count":0,"master_deck":["Strike_R","Strike_R","Strike_R","Strike_R","Strike_R","Bash+1","Clash+1","Clash","Clash","Double Tap","Dual Wield"],"special_seed":0,"relics":["Sozu","Pen Nib","Tiny Chest","Regal Pillow","Fusion Hammer","PreservedInsect","Vajra","Molten Egg 2","Juzu Bracelet"],"potions_floor_usage":[],"damage_taken":[{"damage":1.0,"enemies":"2 Louse","floor":1.0,"turns":2.0},{"damage":0.0,"enemies":"Small Slimes","floor":5.0,"turns":3.0},{"damage":31.0,"enemies":"Lagavulin","floor":6.0,"turns":6.0},{"damage":0.0,"enemies":"Jaw Worm","floor":7.0,"turns":1.0},{"damage":0.0,"enemies":"Looter","floor":10.0,"turns":2.0},{"damage":8.0,"enemies":"Lots of Slimes","floor":11.0,"turns":3.0},{"damage":0.0,"enemies":"Large Slime","floor":13.0,"turns":2.0},{"damage":54.0,"enemies":"Hexaghost","floor":16.0,"turns":9.0},{"damage":9.0,"enemies":"Shell Parasite","floor":18.0,"turns":3.0},{"damage":5.0,"enemies":"Chosen","floor":21.0,"turns":2.0},{"damage":10.0,"enemies":"3 Cultists","floor":22.0,"turns":4.0},{"damage":16.0,"enemies":"Slavers","floor":23.0,"turns":3.0},{"damage":13.0,"enemies":"Gremlin Leader","floor":25.0,"turns":3.0},{"damage":5.0,"enemies":"Sentry and Sphere","floor":28.0,"turns":3.0},{"damage":93,"enemies":"Automaton","floor":33,"turns":6}],"seed_played":"8638261643408633193","potions_obtained":[],"is_trial":false,"path_per_floor":["M","?","?","$","M","E","M","R","T","M","M","?","M","?","R","B",null,"M","?","$","M","M","E","R","E","T","R","M","R","?","$","R","B"],"character_chosen":"IRONCLAD","items_purchased":["Clash","PreservedInsect","Dual Wield"],"campfire_rested":5,"item_purchase_floors":[20,20,31],"current_hp_per_floor":[79,72,72,72,72,41,41,41,41,41,33,33,33,22,61,7,80,71,71,71,66,56,40,79,66,66,80,75,80,80,80,80,0],"gold":145,"neow_bonus":"BOSS_RELIC","is_prod":false,"is_daily":false,"chose_seed":false,"campfire_upgraded":1,"win_rate":0,"timestamp":1549148088,"path_taken":["M","?","?","$","M","E","M","R","T","M","?","?","?","?","R","BOSS","M","?","$","M","M","E","R","E","T","R","M","R","?","$","R","BOSS"],"build_version":"2019-01-23","purchased_purges":2,"victory":false,"max_hp_per_floor":[80,80,80,80,80,80,80,80,80,80,80,80,80,80,80,80,80,80,80,80,80,80,80,80,80,80,80,80,80,80,80,80,80],"card_choices":[{"not_picked":["Combust","Warcry"],"picked":"Clash","floor":6.0},{"not_picked":["Perfected Strike","Headbutt","Flex"],"picked":"SKIP","floor":11.0},{"not_picked":["Pommel Strike","Shrug It Off","Heavy Blade"],"picked":"SKIP","floor":13.0},{"not_picked":["Heavy Blade","Clothesline"],"picked":"Clash","floor":18.0},{"not_picked":["Rampage","Pummel","Anger"],"picked":"SKIP","floor":22.0},{"not_picked":["Cleave","Warcry"],"picked":"Double Tap","floor":23.0},{"not_picked":["Sword Boomerang","Juggernaut","Heavy Blade"],"picked":"SKIP","floor":25.0},{"not_picked":["Entrench","Perfected Strike+1","Blood for Blood+1"],"picked":"SKIP","floor":28.0}],"player_experience":1104353,"relics_obtained":[{"floor":6.0,"key":"Tiny Chest"},{"floor":9.0,"key":"Regal Pillow"},{"floor":23.0,"key":"Vajra"},{"floor":25.0,"key":"Molten Egg 2"},{"floor":26.0,"key":"Juzu Bracelet"}],"event_choices":[{"damage_healed":0.0,"max_hp_gain":0.0,"max_hp_loss":0.0,"gold_gain":0.0,"event_name":"Scrap Ooze","player_choice":"Success","floor":2.0,"gold_loss":0.0,"damage_taken":7.0,"relics_obtained":["Pen Nib"]},{"cards_removed":["Defend_R"],"damage_healed":0.0,"max_hp_gain":0.0,"max_hp_loss":0.0,"gold_gain":0.0,"event_name":"The Cleric","player_choice":"Card Removal","floor":3.0,"gold_loss":50.0,"damage_taken":0.0},{"damage_healed":0.0,"max_hp_gain":0.0,"max_hp_loss":0.0,"gold_gain":0.0,"event_name":"Upgrade Shrine","player_choice":"Upgraded","floor":12.0,"gold_loss":0.0,"damage_taken":0.0,"cards_upgraded":["Clash"]},{"damage_healed":0.0,"max_hp_gain":0.0,"max_hp_loss":0.0,"gold_gain":75.0,"event_name":"World of Goop","player_choice":"Gather Gold","floor":14.0,"gold_loss":0.0,"damage_taken":11.0},{"cards_removed":["Defend_R"],"damage_healed":0.0,"max_hp_gain":0.0,"max_hp_loss":0.0,"gold_gain":0.0,"event_name":"Beggar","player_choice":"Gave Gold","floor":19.0,"gold_loss":75.0,"damage_taken":0.0},{"damage_healed":0.0,"max_hp_gain":0.0,"max_hp_loss":0.0,"gold_gain":99.0,"event_name":"Nest","player_choice":"Stole From Cult","floor":30.0,"gold_loss":0.0,"damage_taken":0.0}],"is_beta":true,"boss_relics":[{"not_picked":["Astrolabe","Calling Bell"],"picked":"Fusion Hammer"}],"items_purged_floors":[20,31],"is_endless":false,"potions_floor_spawned":[10,13,16,22,25,28],"killed_by":"Automaton","ascension_level":1}