{"path_per_floor":["M","M","$","M","M","E","?","R","T","M","T","$","?","M","R","B",null,"M","$","?","M","M","?","R","E","T"],"character_chosen":"IRONCLAD","items_purchased":["Finesse","Metallicize"],"gold_per_floor":[110,125,25,41,56,84,84,84,111,129,129,54,84,98,98,193,193,213,45,73,92,105,105,105,162,162,162],"floor_reached":27,"campfire_rested":0,"playtime":1199,"item_purchase_floors":[3,19],"current_hp_per_floor":[86,87,87,87,79,59,59,59,59,60,60,60,60,58,58,40,87,87,87,75,77,52,52,52,7,7,0],"items_purged":["Strike_R","Pride"],"gold":162,"score":280,"play_id":"33fd378f-72ca-4a0e-bb56-169bc7f5c13b","local_time":"20180619165306","is_prod":false,"is_daily":false,"chose_seed":false,"is_ascension_mode":true,"campfire_upgraded":3,"win_rate":0,"timestamp":1529423586,"campfire_choices":[{"data":"Uppercut","floor":8,"key":"SMITH"},{"data":"Warcry","floor":15,"key":"SMITH"},{"data":"Corruption","floor":24,"key":"SMITH"}],"path_taken":["M","M","$","M","M","E","?","R","T","M","?","$","?","M","R","BOSS","M","$","?","M","?","?","R","E","T","E"],"build_version":"2018-06-18","seed_source_timestamp":531343985311872,"purchased_purges":2,"circlet_count":0,"victory":false,"master_deck":["Strike_R","Strike_R+1","Strike_R","Strike_R","Defend_R","Defend_R","Defend_R","Defend_R+1","Bash","Disarm","Thunderclap","Finesse","Uppercut+1","Corruption+1","Dropkick+1","Dark Shackles","Impervious","Clothesline","Warcry+1","Double Tap","Regret","Parasite","Barricade","Metallicize","Armaments","Burning Pact+1","Havoc+1"],"max_hp_per_floor":[87,87,87,87,87,87,87,87,87,87,87,87,87,87,87,87,87,87,87,87,87,87,87,87,87,87,87],"relics":["Burning Blood","Strawberry","Happy Flower","Whetstone","Charon\u0027s Ashes","Dream Catcher","Calling Bell","Regal Pillow","Kunai","Thread and Needle","Red Mask","Tiny Chest","War Paint"],"card_choices":[{"not_picked":["Sever Soul","Havoc"],"picked":"Disarm","floor":1},{"not_picked":["Wild Strike","Iron Wave"],"picked":"Thunderclap","floor":2},{"not_picked":["Seeing Red","Armaments"],"picked":"Uppercut","floor":4},{"not_picked":["Anger","Havoc"],"picked":"Corruption","floor":5},{"not_picked":["Uppercut","Armaments"],"picked":"Dropkick","floor":6},{"not_picked":["Body Slam","Sword Boomerang"],"picked":"Clothesline","floor":10},{"not_picked":["Thunderclap","Iron Wave"],"picked":"Warcry","floor":14},{"not_picked":["Limit Break","Berserk"],"picked":"Double Tap","floor":16},{"not_picked":["Cleave","Sentinel+1"],"picked":"Barricade","floor":18},{"not_picked":["Thunderclap","Perfected Strike"],"picked":"Armaments","floor":21},{"not_picked":["Sword Boomerang+1","Armaments","Whirlwind"],"picked":"SKIP","floor":22},{"not_picked":["Headbutt","Pummel"],"picked":"Havoc+1","floor":25}],"player_experience":273008,"potions_floor_usage":[6,14,14,25,25],"damage_taken":[{"damage":7,"enemies":"Jaw Worm","floor":1,"turns":3},{"damage":3,"enemies":"Cultist","floor":2,"turns":4},{"damage":6,"enemies":"2 Louse","floor":4,"turns":3},{"damage":14,"enemies":"Exordium Wildlife","floor":5,"turns":5},{"damage":26,"enemies":"Lagavulin","floor":6,"turns":6},{"damage":5,"enemies":"2 Fungi Beasts","floor":10,"turns":3},{"damage":8,"enemies":"Exordium Thugs","floor":14,"turns":3},{"damage":24,"enemies":"Slime Boss","floor":16,"turns":12},{"damage":5,"enemies":"Spheric Guardian","floor":18,"turns":5},{"damage":18,"floor":20,"turns":6},{"damage":4,"enemies":"Chosen","floor":21,"turns":5},{"damage":31,"enemies":"3 Cultists","floor":22,"turns":7},{"damage":51,"enemies":"Slavers","floor":25,"turns":8},{"damage":10,"enemies":"Gremlin Leader","floor":27,"turns":2}],"relics_obtained":[{"floor":6,"key":"Happy Flower"},{"floor":9,"key":"Whetstone"},{"floor":11,"key":"Charon\u0027s Ashes"},{"floor":17,"key":"Regal Pillow"},{"floor":17,"key":"Kunai"},{"floor":17,"key":"Thread and Needle"},{"floor":20,"key":"Red Mask"},{"floor":25,"key":"Tiny Chest"},{"floor":26,"key":"War Paint"}],"event_choices":[{"event_name":"Match and Keep!","player_choice":"2 cards matched","floor":7,"damage_taken":0},{"event_name":"Dead Adventurer","player_choice":"Searched \u00273\u0027 times","floor":13,"damage_taken":0},{"event_name":"Masked Bandits","player_choice":"Fought over 45 gold","floor":20,"damage_taken":0},{"event_name":"The Library","player_choice":"Read","floor":23,"damage_taken":0}],"boss_relics":[{"not_picked":["Runic Dome","Fusion Hammer"],"picked":"Calling Bell"}],"items_purged_floors":[12,19],"is_endless":false,"potions_floor_spawned":[1,6,10,21,22],"seed_played":"3843987356668240169","killed_by":"Gremlin Leader","ascension_level":4,"potions_obtained":[{"floor":1,"key":"AttackPotion"},{"floor":6,"key":"PowerPotion"},{"floor":10,"key":"Explosive Potion"},{"floor":21,"key":"Dexterity Potion"},{"floor":22,"key":"GamblersBrew"}],"is_trial":false}