{"gold_per_floor":[215,141,153,167,179,179,198,198,198,229,153,214,240,272,272,369,369,382,382,382,10,23,23,23],"floor_reached":24,"playtime":1184,"items_purged":[],"score":204,"play_id":"02a253eb-33d4-4794-a735-f3607146f65b","local_time":"20190202174547","is_ascension_mode":false,"campfire_choices":[{"data":"Blood for Blood","floor":6,"key":"SMITH"},{"floor":8,"key":"REST"},{"floor":15,"key":"REST"},{"floor":23,"key":"REST"}],"neow_cost":"NONE","seed_source_timestamp":1572166795795,"circlet_count":0,"master_deck":["Strike_R","Strike_R","Strike_R","Strike_R","Strike_R","Defend_R","Defend_R","Defend_R","Defend_R","Bash","Pommel Strike","Blood for Blood+1","Shrug It Off","Cleave","Warcry","Armaments","Juggernaut","Pummel","True Grit","Impervious","Uppercut","RitualDagger","Violence","Juggernaut"],"relics":["Black Blood","Anchor","Omamori","Pen Nib","Pantograph","DollysMirror"],"potions_floor_usage":[],"damage_taken":[{"damage":5,"enemies":"Jaw Worm","floor":1,"turns":5},{"damage":17,"enemies":"Small Slimes","floor":3,"turns":5},{"damage":7,"enemies":"2 Louse","floor":4,"turns":3},{"damage":8,"enemies":"Blue Slaver","floor":5,"turns":5},{"damage":15,"enemies":"Large Slime","floor":7,"turns":7},{"damage":34,"enemies":"Lagavulin","floor":10,"turns":8},{"damage":28,"enemies":"Gremlin Nob","floor":14,"turns":4},{"damage":60,"enemies":"Slime Boss","floor":16,"turns":13},{"damage":19,"enemies":"3 Byrds","floor":18,"turns":5},{"damage":16,"enemies":"Chosen","floor":22,"turns":6},{"damage":80,"enemies":"Book of Stabbing","floor":24,"turns":7}],"seed_played":"-1276581065162876878","potions_obtained":[{"floor":1,"key":"Weak Potion"},{"floor":3,"key":"FearPotion"},{"floor":4,"key":"Strength Potion"}],"is_trial":false,"path_per_floor":["M","$","M","M","M","R","M","R","T","E","$","?","T","E","R","B",null,"M","?","?","$","M","R","E"],"character_chosen":"IRONCLAD","items_purchased":["Blood for Blood","Pummel","Violence","DollysMirror"],"campfire_rested":3,"item_purchase_floors":[2,11,21,21],"current_hp_per_floor":[80,80,69,68,66,66,57,80,80,52,52,52,52,30,54,25,80,71,65,65,65,59,80,0],"gold":23,"neow_bonus":"HUNDRED_GOLD","is_prod":false,"is_daily":false,"chose_seed":false,"campfire_upgraded":1,"win_rate":0.0,"timestamp":1549151147,"path_taken":["M","$","M","M","M","R","M","R","T","E","$","?","?","E","R","BOSS","M","?","?","$","M","R","E"],"build_version":"2019-01-23","purchased_purges":0,"victory":false,"max_hp_per_floor":[80,80,80,80,80,80,80,80,80,80,80,80,80,80,80,80,80,80,80,80,80,80,80,80],"card_choices":[{"not_picked":["Sentinel","Reckless Charge"],"picked":"Pommel Strike","floor":1},{"not_picked":["Cleave","Anger"],"picked":"Shrug It Off","floor":3},{"not_picked":["Thunderclap","Twin Strike"],"picked":"Cleave","floor":4},{"not_picked":["Sword Boomerang","Clash"],"picked":"Warcry","floor":5},{"not_picked":["Clothesline","Pummel"],"picked":"Armaments","floor":7},{"not_picked":["Searing Blow","Flex"],"picked":"Juggernaut","floor":10},{"not_picked":["Limit Break","Pummel"],"picked":"True Grit","floor":14},{"not_picked":["Feed","Limit Break"],"picked":"Impervious","floor":16},{"not_picked":["Anger","Hemokinesis"],"picked":"Uppercut","floor":18},{"not_picked":["Flex","Pommel Strike","Searing Blow"],"picked":"SKIP","floor":22}],"player_experience":75379,"relics_obtained":[{"floor":9,"key":"Anchor"},{"floor":10,"key":"Omamori"},{"floor":13,"key":"Pen Nib"},{"floor":14,"key":"Pantograph"}],"event_choices":[{"damage_healed":0,"gold_gain":61,"player_choice":"Gained Gold","damage_taken":0,"max_hp_gain":0,"max_hp_loss":0,"event_name":"Golden Wing","floor":12,"gold_loss":0},{"damage_healed":0,"gold_gain":0,"player_choice":"Joined the Cult","damage_taken":6,"max_hp_gain":0,"max_hp_loss":0,"event_name":"Nest","floor":19,"gold_loss":0,"cards_obtained":["RitualDagger"]},{"damage_healed":0,"gold_gain":0,"player_choice":"Smashed Altar","damage_taken":0,"max_hp_gain":0,"max_hp_loss":0,"event_name":"Forgotten Altar","floor":20,"gold_loss":0,"cards_obtained":["Decay"]}],"is_beta":false,"boss_relics":[{"not_picked":["Snecko Eye","Empty Cage"],"picked":"Black Blood"}],"items_purged_floors":[],"is_endless":false,"potions_floor_spawned":[1,3,4,16,18],"killed_by":"Book of Stabbing","ascension_level":0}