{"gold_per_floor":[144,189,39,39,114,204,35,35,35,125,215,275,275,1,1,301,301,346,346,391,110,155,275,275,365,365,365,455,455,79,79,79,379,379,424,103,103,148,148,238,328,328,328,328,418,508,63,63,63,63],"floor_reached":51,"playtime":4268,"items_purged":["Grand Finale","Night Terror","Doubt"],"score":1229,"play_id":"e41161bb-dc28-4541-9879-6f97f40961f7","local_time":"20190212013932","daily_mods":["Shiny","Flight","Midas"],"is_ascension_mode":false,"campfire_choices":[{"floor":8.0,"key":"REST"},{"floor":15.0,"key":"REST"},{"floor":24.0,"key":"REST"},{"floor":27.0,"key":"REST"},{"data":"1","floor":32,"key":"LIFT"},{"floor":42,"key":"DIG"},{"data":"2","floor":44,"key":"LIFT"},{"data":"3","floor":49,"key":"LIFT"}],"neow_cost":"","seed_source_timestamp":0,"circlet_count":0,"master_deck":["Venomology","Corpse Explosion","Malaise","Phantasmal Killer","Die Die Die","Adrenaline","Envenom","Doppelganger","Burst+1","Wraith Form v2+1","Tools of the Trade","Unload+1","After Image","Bullet Time","Storm of Steel","Glass Knife","A Thousand Cuts","Finisher+1","Dash+1","Accuracy","Acrobatics","Accuracy","After Image+1","Cloak And Dagger+1","Acrobatics","Bullet Time","Infinite Blades","Infinite Blades","Blade Dance","Cloak And Dagger+1","After Image+1","Accuracy+1","After Image+1","Injury","Infinite Blades+1","Catalyst+1","Blade Dance+1","Backstab+1","Infinite Blades+1","Well Laid Plans+1","Metamorphosis+1"],"special_seed":17939,"relics":["Ring of the Snake","Snake Skull","The Specimen","Singing Bowl","Girya","Bottled Tornado","Odd Mushroom","Orichalcum","Black Star","War Paint","Question Card","Tiny Chest","Frozen Egg 2","Pen Nib","PreservedInsect","Omamori","Ornamental Fan","Meat on the Bone","Anchor","Blood Vial","Thread and Needle","Calling Bell","Happy Flower","Toxic Egg 2","Calipers","Bottled Lightning","Shovel","Juzu Bracelet","Oddly Smooth Stone","Potion Belt","Bottled Flame","Mango","Pear","Whetstone","MawBank","Paper Crane","Dodecahedron"],"potions_floor_usage":[28,33,33,33,41,50,50,50,50,50],"damage_taken":[{"damage":6.0,"enemies":"Cultist","floor":1.0,"turns":3.0},{"damage":0.0,"enemies":"Small Slimes","floor":2.0,"turns":2.0},{"damage":7.0,"enemies":"3 Sentries","floor":6.0,"turns":2.0},{"damage":0.0,"enemies":"Gremlin Nob","floor":10.0,"turns":2.0},{"damage":9.0,"enemies":"3 Sentries","floor":11.0,"turns":5.0},{"damage":2.0,"enemies":"The Mushroom Lair","floor":12.0,"turns":2.0},{"damage":0.0,"enemies":"Slime Boss","floor":16.0,"turns":9.0},{"damage":0.0,"enemies":"Chosen","floor":18.0,"turns":3.0},{"damage":6.0,"enemies":"3 Byrds","floor":20.0,"turns":4.0},{"damage":36.0,"enemies":"Snake Plant","floor":22.0,"turns":4.0},{"damage":9.0,"enemies":"Gremlin Leader","floor":23.0,"turns":5.0},{"damage":18.0,"enemies":"Slavers","floor":25.0,"turns":5.0},{"damage":15,"enemies":"Gremlin Leader","floor":28,"turns":5},{"damage":4,"enemies":"Automaton","floor":33,"turns":6},{"damage":0,"enemies":"Orb Walker","floor":35,"turns":4},{"damage":0,"enemies":"3 Shapes","floor":38,"turns":3},{"damage":0,"enemies":"Reptomancer","floor":40,"turns":4},{"damage":0,"enemies":"Giant Head","floor":41,"turns":5},{"damage":0,"enemies":"Nemesis","floor":45,"turns":3},{"damage":0,"enemies":"Reptomancer","floor":46,"turns":3},{"damage":0,"enemies":"Time Eater","floor":50,"turns":6}],"seed_played":"1988086906776939641","potions_obtained":[{"floor":10.0,"key":"Swift Potion"},{"floor":12.0,"key":"Energy Potion"},{"floor":16.0,"key":"Swift Potion"},{"floor":19.0,"key":"FairyPotion"},{"floor":22.0,"key":"AttackPotion"},{"floor":25.0,"key":"FearPotion"},{"floor":35,"key":"Dexterity Potion"},{"floor":40,"key":"FearPotion"}],"is_trial":false,"path_per_floor":["M","M","$","?","?","E","$","R","T","E","E","?","?","$","R","B",null,"M","?","M","$","M","E","R","E","T","R","E","?","$","?","R","B",null,"M","$","?","M","?","E","E","R","T","R","E","E","$","?","R","B",null],"character_chosen":"THE_SILENT","items_purchased":["Snake Skull","Accuracy","Acrobatics","Acrobatics","Orichalcum","War Paint","Infinite Blades","Blade Dance","Anchor","Blood Vial","Accuracy+1","Bottled Lightning","Infinite Blades+1","Dodecahedron","Well Laid Plans+1"],"campfire_rested":4,"item_purchase_floors":[3,7,7,14,14,21,21,21,30,30,30,36,36,47,47],"current_hp_per_floor":[64,64,64,50,39,32,32,53,53,53,44,42,42,42,63,63,70,72,72,66,66,42,35,57,39,39,61,48,48,48,48,48,46,76,78,78,78,80,76,76,76,76,90,90,100,100,100,100,100,100],"gold":63,"neow_bonus":"","is_prod":false,"is_daily":true,"chose_seed":false,"campfire_upgraded":0,"win_rate":0,"timestamp":1549957172,"path_taken":["M","M","$","?","?","E","$","R","T","E","E","?","?","$","R","BOSS","M","?","?","$","M","E","R","E","T","R","E","?","?","?","R","BOSS","M","$","?","?","?","E","E","R","T","R","E","E","$","?","R","BOSS"],"build_version":"2019-01-23","purchased_purges":3,"victory":true,"max_hp_per_floor":[70,70,70,70,70,70,70,70,70,70,70,70,70,70,70,70,70,72,72,72,72,72,74,74,74,74,74,76,76,76,76,76,76,76,78,78,78,80,76,76,76,76,90,90,100,100,100,100,100,100],"card_choices":[{"not_picked":["Footwork","Backflip"],"picked":"Finisher","floor":1.0},{"not_picked":["Prepared","Well Laid Plans","Bane"],"picked":"SKIP","floor":2.0},{"not_picked":["Predator","Escape Plan"],"picked":"Dash","floor":6.0},{"not_picked":["Outmaneuver","Bane"],"picked":"Accuracy","floor":10.0},{"not_picked":["Skewer","Poisoned Stab"],"picked":"After Image","floor":11.0},{"not_picked":["Slice","Dagger Spray"],"picked":"Cloak And Dagger","floor":12.0},{"not_picked":["A Thousand Cuts","Doppelganger"],"picked":"Bullet Time","floor":16.0},{"not_picked":["Poisoned Stab","Expertise","Crippling Poison"],"picked":"Singing Bowl","floor":18.0},{"not_picked":["Concentrate+1","Deflect"],"picked":"Infinite Blades","floor":20.0},{"not_picked":["Slice","Prepared+1"],"picked":"Cloak And Dagger+1","floor":22.0},{"not_picked":["Sucker Punch","Slice","Backflip"],"picked":"Singing Bowl","floor":23.0},{"not_picked":["Choke","Heel Hook+1","Blade Dance"],"picked":"After Image","floor":25.0},{"not_picked":["Flying Knee","Slice","Poisoned Stab","Terror"],"picked":"Singing Bowl","floor":28},{"not_picked":["Die Die Die","Tools of the Trade+1","Phantasmal Killer"],"picked":"After Image+1","floor":33},{"not_picked":["Quick Slash","Slice","Dagger Spray+1","Blur+1"],"picked":"Singing Bowl","floor":35},{"not_picked":["Blur+1","Acrobatics+1","PiercingWail+1","Poisoned Stab+1"],"picked":"Singing Bowl","floor":38},{"not_picked":["Dagger Spray+1","Dodge and Roll+1","Choke+1"],"picked":"Catalyst+1","floor":40},{"not_picked":["Eviscerate+1","Flying Knee","Prepared+1"],"picked":"Blade Dance+1","floor":41},{"not_picked":["Deflect+1","Footwork+1","Backflip+1"],"picked":"Backstab+1","floor":45},{"not_picked":["Backstab","Corpse Explosion+1","Crippling Poison+1"],"picked":"Infinite Blades+1","floor":46},{"not_picked":["Madness+1","Swift Strike","Purity+1"],"picked":"Metamorphosis+1","floor":48}],"player_experience":54784,"relics_obtained":[{"floor":6.0,"key":"The Specimen"},{"floor":9.0,"key":"Singing Bowl"},{"floor":10.0,"key":"Girya"},{"floor":11.0,"key":"Bottled Tornado"},{"floor":12.0,"key":"Odd Mushroom"},{"floor":23.0,"key":"Question Card"},{"floor":23.0,"key":"Tiny Chest"},{"floor":25.0,"key":"Frozen Egg 2"},{"floor":25.0,"key":"Pen Nib"},{"floor":26.0,"key":"PreservedInsect"},{"floor":28,"key":"Omamori"},{"floor":28,"key":"Ornamental Fan"},{"floor":34,"key":"Happy Flower"},{"floor":34,"key":"Toxic Egg 2"},{"floor":34,"key":"Calipers"},{"floor":40,"key":"Shovel"},{"floor":40,"key":"Juzu Bracelet"},{"floor":41,"key":"Oddly Smooth Stone"},{"floor":41,"key":"Potion Belt"},{"floor":42,"key":"Bottled Flame"},{"floor":43,"key":"Mango"},{"floor":45,"key":"Pear"},{"floor":45,"key":"Whetstone"},{"floor":46,"key":"MawBank"},{"floor":46,"key":"Paper Crane"}],"event_choices":[{"damage_healed":0.0,"max_hp_gain":0.0,"max_hp_loss":0.0,"gold_gain":0.0,"event_name":"Shining Light","player_choice":"Entered Light","floor":4.0,"gold_loss":0.0,"damage_taken":14.0,"cards_upgraded":["Finisher","Wraith Form v2"]},{"damage_healed":0.0,"max_hp_gain":0.0,"max_hp_loss":0.0,"gold_gain":75.0,"event_name":"World of Goop","player_choice":"Gather Gold","floor":5.0,"gold_loss":0.0,"damage_taken":11.0},{"damage_healed":0.0,"max_hp_gain":0.0,"max_hp_loss":0.0,"gold_gain":0.0,"event_name":"Mushrooms","player_choice":"Fought Mushrooms","floor":12.0,"gold_loss":0.0,"damage_taken":0.0},{"damage_healed":0.0,"max_hp_gain":0.0,"max_hp_loss":0.0,"gold_gain":0.0,"event_name":"Living Wall","player_choice":"Grow","floor":13.0,"gold_loss":0.0,"damage_taken":0.0,"cards_upgraded":["After Image"]},{"damage_healed":0.0,"max_hp_gain":0.0,"max_hp_loss":0.0,"gold_gain":0.0,"event_name":"Lab","player_choice":"Got Potions","floor":19.0,"gold_loss":0.0,"damage_taken":0.0},{"damage_healed":0,"gold_gain":0,"player_choice":"Opened","damage_taken":0,"relics_obtained":["Meat on the Bone"],"max_hp_gain":0,"max_hp_loss":0,"event_name":"The Mausoleum","floor":29,"gold_loss":0},{"damage_healed":0,"gold_gain":0,"player_choice":"Stole Relic","damage_taken":0,"relics_obtained":["Thread and Needle"],"max_hp_gain":0,"max_hp_loss":0,"event_name":"Addict","floor":31,"gold_loss":0,"cards_obtained":["Shame"]},{"damage_healed":0,"gold_gain":0,"player_choice":"Ignored","damage_taken":0,"max_hp_gain":0,"max_hp_loss":0,"event_name":"SecretPortal","floor":37,"gold_loss":0},{"damage_healed":0,"gold_gain":0,"player_choice":"Max HP","damage_taken":0,"max_hp_gain":0,"max_hp_loss":4,"event_name":"Winding Halls","floor":39,"gold_loss":0},{"damage_healed":0,"gold_gain":0,"player_choice":"Memory 1","damage_taken":0,"max_hp_gain":0,"max_hp_loss":0,"event_name":"SensoryStone","floor":48,"gold_loss":0}],"is_beta":false,"boss_relics":[{"not_picked":["Ectoplasm","Empty Cage"],"picked":"Black Star"},{"not_picked":["Runic Dome","White Beast Statue"],"picked":"Calling Bell"}],"items_purged_floors":[7,14,47],"is_endless":false,"potions_floor_spawned":[10,12,16,20,22,25,35,40],"ascension_level":0}