{"gold_per_floor":[116,116,133,113,127,127,137,137,137,151,180,180,2,17,17,115,115,126,30,46,46,46,46,56,56,56,56],"floor_reached":27,"playtime":2408,"items_purged":[],"score":213,"play_id":"961b85df-4d77-4fb4-93fd-30bb3698d5ac","local_time":"20190126235951","is_ascension_mode":false,"campfire_choices":[{"data":"Perfected Strike","floor":6.0,"key":"SMITH"},{"data":"Inflame","floor":8.0,"key":"SMITH"},{"floor":12,"key":"REST"},{"data":"Pommel Strike","floor":15,"key":"SMITH"},{"floor":23,"key":"REST"}],"neow_cost":"NONE","seed_source_timestamp":0,"circlet_count":0,"master_deck":["Strike_R","Strike_R","Strike_R","Strike_R","Strike_R","Defend_R","Defend_R","Defend_R","Bash","Impervious","Inflame+1","Offering","Perfected Strike+1","Infernal Blade","Corruption","Pommel Strike+1","Iron Wave","Apotheosis","Body Slam","Barricade","Perfected Strike","Dramatic Entrance","Shrug It Off","Decay","RitualDagger","Whirlwind"],"special_seed":0,"relics":["Burning Blood","Bottled Lightning","Pen Nib","Fusion Hammer","Nilry\u0027s Codex","Oddly Smooth Stone"],"potions_floor_usage":[],"damage_taken":[{"damage":13.0,"enemies":"Jaw Worm","floor":1.0,"turns":6.0},{"damage":0.0,"enemies":"2 Louse","floor":3.0,"turns":5.0},{"damage":6.0,"enemies":"Cultist","floor":5.0,"turns":4.0},{"damage":5.0,"enemies":"Looter","floor":7.0,"turns":3.0},{"damage":0.0,"enemies":"Large Slime","floor":10.0,"turns":5.0},{"damage":30,"enemies":"3 Sentries","floor":11,"turns":6},{"damage":12,"enemies":"3 Louse","floor":14,"turns":3},{"damage":44,"enemies":"Hexaghost","floor":16,"turns":9},{"damage":21,"enemies":"2 Thieves","floor":18,"turns":4},{"damage":20,"enemies":"Chosen","floor":20,"turns":4},{"damage":55,"enemies":"3 Cultists","floor":24,"turns":7},{"damage":4,"enemies":"Chosen and Byrds","floor":27,"turns":2}],"seed_played":"3961005858276444322","potions_obtained":[{"floor":4.0,"key":"Swift Potion"},{"floor":7.0,"key":"SteroidPotion"},{"floor":10.0,"key":"Poison Potion"}],"is_trial":false,"path_per_floor":["M","?","M","?","M","R","M","R","T","M","E","R","$","M","R","B",null,"M","$","M","?","?","R","M","?","T","M"],"character_chosen":"IRONCLAD","items_purchased":["Apotheosis","Dramatic Entrance"],"campfire_rested":2,"item_purchase_floors":[13,19],"current_hp_per_floor":[73,73,79,79,79,79,80,80,80,80,56,80,80,74,74,36,80,65,65,51,51,45,69,20,4,4,0],"gold":56,"neow_bonus":"ONE_RANDOM_RARE_CARD","is_prod":false,"is_daily":false,"chose_seed":false,"campfire_upgraded":3,"win_rate":0.0,"timestamp":1548568791,"path_taken":["M","?","M","?","M","R","M","R","T","M","E","R","$","M","R","BOSS","M","$","M","?","?","R","M","?","T","M"],"build_version":"2019-01-23","purchased_purges":0,"victory":false,"max_hp_per_floor":[80,80,80,80,80,80,80,80,80,80,80,80,80,80,80,80,80,80,80,80,80,80,80,80,80,80,80],"card_choices":[{"not_picked":["Warcry","Body Slam"],"picked":"Inflame","floor":1.0},{"not_picked":["Shrug It Off","Sword Boomerang"],"picked":"Perfected Strike","floor":3.0},{"not_picked":["Body Slam","Twin Strike"],"picked":"Infernal Blade","floor":5.0},{"not_picked":["Shrug It Off","Clash"],"picked":"Corruption","floor":7.0},{"not_picked":["Thunderclap","Flex"],"picked":"Pommel Strike","floor":10.0},{"not_picked":["Dropkick","Clash"],"picked":"Iron Wave","floor":11},{"not_picked":["Ghostly Armor","Sever Soul"],"picked":"Body Slam","floor":14},{"not_picked":["Bludgeon","Juggernaut"],"picked":"Barricade","floor":16},{"not_picked":["Warcry+1","Clash"],"picked":"Perfected Strike","floor":18},{"not_picked":["Clothesline","Headbutt"],"picked":"Shrug It Off","floor":20},{"not_picked":["Dropkick+1","True Grit+1"],"picked":"Whirlwind","floor":24}],"player_experience":4975,"relics_obtained":[{"floor":9.0,"key":"Bottled Lightning"},{"floor":11,"key":"Pen Nib"},{"floor":25,"key":"Nilry\u0027s Codex"},{"floor":26,"key":"Oddly Smooth Stone"}],"event_choices":[{"damage_healed":0.0,"max_hp_gain":0.0,"max_hp_loss":0.0,"gold_gain":0.0,"cards_transformed":["Defend_R"],"event_name":"Living Wall","player_choice":"Change","floor":2.0,"gold_loss":0.0,"damage_taken":0.0,"cards_obtained":["Offering"]},{"damage_healed":0.0,"max_hp_gain":0.0,"max_hp_loss":0.0,"gold_gain":0.0,"event_name":"The Woman in Blue","player_choice":"Bought 1 Potion","floor":4.0,"gold_loss":0.0,"damage_taken":0.0},{"damage_healed":0,"gold_gain":0,"player_choice":"Smashed Altar","damage_taken":0,"max_hp_gain":0,"max_hp_loss":0,"event_name":"Forgotten Altar","floor":21,"gold_loss":0,"cards_obtained":["Decay"]},{"damage_healed":0,"gold_gain":0,"player_choice":"Joined the Cult","damage_taken":6,"max_hp_gain":0,"max_hp_loss":0,"event_name":"Nest","floor":22,"gold_loss":0,"cards_obtained":["RitualDagger"]},{"damage_healed":0,"gold_gain":0,"player_choice":"Obtained Book","damage_taken":16,"max_hp_gain":0,"max_hp_loss":0,"event_name":"Cursed Tome","floor":25,"gold_loss":0}],"is_beta":false,"boss_relics":[{"not_picked":["Busted Crown","Runic Dome"],"picked":"Fusion Hammer"}],"items_purged_floors":[],"is_endless":false,"potions_floor_spawned":[7,10,14,20],"killed_by":"Chosen and Byrds","ascension_level":0}