{"gold_per_floor":[110,123,73,84,84,109,109,109,189,189,202,212,222,234,234,334,334,353,372,372,384,384,384,419,432,502,502,518,518,518,537,537,640,640,652,652,652,662,257,257,287,287,287,313,67,78,78,97,97,97],"floor_reached":51,"playtime":2948,"items_purged":["Strike_G","Strike_G"],"score":1005,"play_id":"c11f4c1b-bf58-4278-92e2-3607e82e01de","local_time":"20190107231346","is_ascension_mode":true,"campfire_choices":[{"data":"After Image","floor":7,"key":"SMITH"},{"data":"Burst","floor":10,"key":"SMITH"},{"data":"Accuracy","floor":15,"key":"SMITH"},{"data":"Blade Dance","floor":23,"key":"SMITH"},{"data":"Crippling Poison","floor":27,"key":"SMITH"},{"data":"Blade Dance","floor":30,"key":"SMITH"},{"floor":32,"key":"REST"},{"data":"A Thousand Cuts","floor":40,"key":"SMITH"},{"data":"Well Laid Plans","floor":42,"key":"SMITH"},{"floor":49,"key":"REST"}],"neow_cost":"NONE","seed_source_timestamp":436492690918607,"circlet_count":0,"master_deck":["Defend_G","Defend_G","Defend_G","Defend_G","Strike_G","Strike_G+1","Strike_G","Survivor+1","Neutralize","After Image+1","Blade Dance+1","Backflip","Accuracy+1","Burst+1","Infinite Blades","Blade Dance+1","Adrenaline","Footwork+1","Escape Plan+1","Adrenaline","Crippling Poison+1","Escape Plan+1","A Thousand Cuts+1","Well Laid Plans+1","Blur+1","Flash of Steel","Flash of Steel","Impatience"],"relics":["Ring of the Serpent","Blood Vial","Question Card","Sozu","Potion Belt","Mummified Hand","Sundial","Bottled Lightning","Letter Opener","Ninja Scroll","Bag of Preparation","Art of War"],"potions_floor_usage":[6,11,12,12,16],"damage_taken":[{"damage":0,"enemies":"Small Slimes","floor":1,"turns":6},{"damage":3,"enemies":"2 Louse","floor":2,"turns":3},{"damage":0,"enemies":"Cultist","floor":4,"turns":4},{"damage":0,"enemies":"Gremlin Nob","floor":6,"turns":3},{"damage":5,"enemies":"Exordium Thugs","floor":11,"turns":4},{"damage":13,"enemies":"Lots of Slimes","floor":12,"turns":6},{"damage":4,"enemies":"3 Louse","floor":13,"turns":4},{"damage":0,"enemies":"2 Fungi Beasts","floor":14,"turns":4},{"damage":29,"enemies":"Slime Boss","floor":16,"turns":7},{"damage":0,"enemies":"Spheric Guardian","floor":18,"turns":1},{"damage":11,"enemies":"Shell Parasite","floor":19,"turns":3},{"damage":0,"enemies":"Centurion and Healer","floor":21,"turns":6},{"damage":8,"enemies":"Gremlin Leader","floor":24,"turns":9},{"damage":0,"enemies":"Shelled Parasite and Fungi","floor":25,"turns":5},{"damage":0,"enemies":"Cultist and Chosen","floor":28,"turns":6},{"damage":18,"enemies":"Chosen and Byrds","floor":31,"turns":7},{"damage":23,"enemies":"Collector","floor":33,"turns":13},{"damage":15,"enemies":"3 Darklings","floor":35,"turns":4},{"damage":0,"enemies":"3 Shapes","floor":38,"turns":2},{"damage":2,"enemies":"Giant Head","floor":41,"turns":5},{"damage":0,"enemies":"Nemesis","floor":44,"turns":5},{"damage":0,"enemies":"Spire Growth","floor":46,"turns":2},{"damage":0,"enemies":"Transient","floor":48,"turns":5},{"damage":5,"enemies":"Awakened One","floor":50,"turns":9}],"seed_played":"-6647897563090818381","potions_obtained":[{"floor":1,"key":"AttackPotion"},{"floor":6,"key":"Strength Potion"},{"floor":8,"key":"EntropicBrew"},{"floor":8,"key":"Ancient Potion"},{"floor":13,"key":"Energy Potion"}],"is_trial":false,"path_per_floor":["M","M","?","M","?","E","R","?","T","R","M","M","M","M","R","B",null,"M","M","?","M","?","R","E","M","T","R","M","?","R","M","R","B",null,"M","?","?","M","$","R","E","R","T","E","$","M","?","M","R","B",null],"character_chosen":"THE_SILENT","items_purchased":["Bottled Lightning","Well Laid Plans","Art of War"],"campfire_rested":2,"item_purchase_floors":[39,39,45],"current_hp_per_floor":[63,60,60,60,46,46,46,46,46,46,43,32,30,32,32,20,58,60,51,51,53,53,53,47,49,49,49,51,51,51,35,56,35,61,48,48,48,50,50,50,50,50,50,52,52,54,44,46,65,61],"gold":97,"neow_bonus":"ONE_RANDOM_RARE_CARD","is_prod":false,"is_daily":false,"chose_seed":false,"campfire_upgraded":8,"win_rate":0,"timestamp":1546902826,"path_taken":["M","M","?","M","?","E","R","?","T","R","M","M","?","M","R","BOSS","M","M","?","?","?","R","E","M","T","R","?","?","R","M","R","BOSS","M","?","?","M","$","R","E","R","T","E","$","M","?","M","R","BOSS"],"build_version":"2019-01-03v4","purchased_purges":2,"victory":true,"max_hp_per_floor":[70,70,70,70,70,70,70,70,70,70,70,70,70,70,70,70,70,70,70,70,70,70,70,70,70,70,70,70,70,70,70,70,70,70,70,70,66,66,66,66,66,66,66,66,66,66,66,66,66,66],"card_choices":[{"not_picked":["Tactician","Crippling Poison"],"picked":"Blade Dance","floor":1},{"not_picked":["Catalyst","Riddle With Holes"],"picked":"Backflip","floor":2},{"not_picked":["Cloak And Dagger","Choke"],"picked":"Accuracy","floor":4},{"not_picked":["Deadly Poison","Calculated Gamble"],"picked":"Burst","floor":6},{"not_picked":["Eviscerate","Acrobatics","Concentrate","Dodge and Roll"],"picked":"SKIP","floor":11},{"not_picked":["Poisoned Stab","Flying Knee","Expertise"],"picked":"Infinite Blades","floor":12},{"not_picked":["Slice","Dodge and Roll","Backstab"],"picked":"Blade Dance","floor":13},{"not_picked":["Outmaneuver","Dagger Spray","Caltrops"],"picked":"Adrenaline","floor":14},{"not_picked":["Backflip","Underhanded Strike","Predator","Dagger Throw+1"],"picked":"SKIP","floor":18},{"not_picked":["Noxious Fumes+1","Dagger Throw","Backflip"],"picked":"Footwork+1","floor":19},{"not_picked":["Slice+1","PiercingWail","Dagger Throw+1"],"picked":"Escape Plan+1","floor":21},{"not_picked":["Dagger Throw","Wraith Form v2","Deflect","PiercingWail"],"picked":"SKIP","floor":24},{"not_picked":["Bane","Setup","Outmaneuver"],"picked":"Crippling Poison","floor":25},{"not_picked":["Reflex+1","Backflip+1","Dash+1"],"picked":"Escape Plan+1","floor":28},{"not_picked":["Blade Dance","Dodge and Roll","Backflip","Bane+1"],"picked":"SKIP","floor":31},{"not_picked":["Glass Knife","Corpse Explosion","Venomology"],"picked":"A Thousand Cuts","floor":33},{"not_picked":["Choke","Blade Dance","PiercingWail","Underhanded Strike+1"],"picked":"SKIP","floor":35},{"not_picked":["Outmaneuver+1","Dash","Sucker Punch","Deflect+1"],"picked":"SKIP","floor":38},{"not_picked":["Dodge and Roll+1","Choke","Slice+1"],"picked":"Blur+1","floor":41},{"not_picked":["Bane+1","Wraith Form v2","All Out Attack+1","Masterful Stab"],"picked":"SKIP","floor":44},{"not_picked":["Eviscerate","Riddle With Holes","Flying Knee+1","Dodge and Roll"],"picked":"SKIP","floor":46},{"not_picked":["Forethought","Swift Strike","PanicButton"],"picked":"Flash of Steel","floor":47},{"not_picked":["Jack Of All Trades","Magnetism","HandOfGreed"],"picked":"Flash of Steel","floor":47},{"not_picked":["Violence","Swift Strike","The Bomb"],"picked":"Impatience","floor":47},{"not_picked":["Expertise","Slice","Bouncing Flask+1","Backflip+1"],"picked":"SKIP","floor":48}],"player_experience":379565,"relics_obtained":[{"floor":6,"key":"Blood Vial"},{"floor":9,"key":"Question Card"},{"floor":24,"key":"Mummified Hand"},{"floor":26,"key":"Sundial"},{"floor":41,"key":"Letter Opener"},{"floor":43,"key":"Ninja Scroll"},{"floor":44,"key":"Bag of Preparation"}],"event_choices":[{"cards_removed":["Defend_G"],"damage_healed":0,"gold_gain":0,"player_choice":"Card Removal","damage_taken":0,"max_hp_gain":0,"max_hp_loss":0,"event_name":"The Cleric","floor":3,"gold_loss":50},{"damage_healed":0,"gold_gain":0,"player_choice":"Entered Light","damage_taken":14,"max_hp_gain":0,"max_hp_loss":0,"event_name":"Shining Light","floor":5,"gold_loss":0,"cards_upgraded":["Survivor","Strike_G"]},{"damage_healed":0,"gold_gain":0,"player_choice":"Got Potions","damage_taken":0,"max_hp_gain":0,"max_hp_loss":0,"event_name":"Lab","floor":8,"gold_loss":0},{"damage_healed":0,"gold_gain":0,"player_choice":"Gave Potion","damage_taken":0,"relics_obtained":["Potion Belt"],"max_hp_gain":0,"max_hp_loss":0,"event_name":"WeMeetAgain","floor":20,"gold_loss":0},{"damage_healed":0,"gold_gain":0,"player_choice":"Copied","damage_taken":0,"max_hp_gain":0,"max_hp_loss":0,"event_name":"Duplicator","floor":22,"gold_loss":0,"cards_obtained":["Adrenaline"]},{"damage_healed":0,"gold_gain":0,"player_choice":"Ignored","damage_taken":0,"max_hp_gain":0,"max_hp_loss":0,"event_name":"Vampires","floor":29,"gold_loss":0},{"damage_healed":0,"gold_gain":0,"player_choice":"Ignored","damage_taken":0,"max_hp_gain":0,"max_hp_loss":0,"event_name":"Tomb of Lord Red Mask","floor":36,"gold_loss":0},{"damage_healed":0,"gold_gain":0,"player_choice":"Max HP","damage_taken":0,"max_hp_gain":0,"max_hp_loss":4,"event_name":"Winding Halls","floor":37,"gold_loss":0},{"damage_healed":0,"gold_gain":0,"player_choice":"Memory 3","damage_taken":10,"max_hp_gain":0,"max_hp_loss":0,"event_name":"SensoryStone","floor":47,"gold_loss":0}],"is_beta":true,"boss_relics":[{"not_picked":["Runic Dome","Astrolabe"],"picked":"Sozu"},{"not_picked":["Fusion Hammer","Coffee Dripper"],"picked":"Ring of the Serpent"}],"items_purged_floors":[39,45],"is_endless":false,"potions_floor_spawned":[1,6,13,19,21,28,31,38,46,48],"ascension_level":6}