{"gold_per_floor":[111,286,286,304,254,279,279,279,279,293,328,347,347,363,363,468,468,481,501,517,467,48,80,80,106,130,45,45],"floor_reached":28,"playtime":1972,"items_purged":[],"score":359,"play_id":"eddc47ff-acdf-4cbd-884b-b358b4a79942","local_time":"20190211180122","is_ascension_mode":true,"campfire_choices":[{"floor":7,"key":"REST"},{"floor":13,"key":"REST"},{"data":"Footwork","floor":15,"key":"SMITH"},{"floor":24,"key":"REST"}],"neow_cost":"TEN_PERCENT_HP_LOSS","seed_source_timestamp":102321635652903,"circlet_count":0,"master_deck":["Defend_G+1","Defend_G","Defend_G+1","Defend_G","Strike_G","Strike_G","Strike_G","Survivor","Neutralize","Wraith Form v2","Footwork+1","Cloak And Dagger","Predator","Dash","Neutralize","Backflip","Deadly Poison","Deadly Poison","Unload","Crippling Poison","Finisher+1","Footwork+1","Well Laid Plans","Noxious Fumes"],"relics":["Ring of the Snake","War Paint","Regal Pillow","Dodecahedron","Busted Crown","DollysMirror","Bronze Scales","Juzu Bracelet","Snake Skull","Pen Nib","Potion Belt"],"potions_floor_usage":[11,20,23,23],"damage_taken":[{"damage":0,"enemies":"2 Louse","floor":1,"turns":3},{"damage":5,"enemies":"Jaw Worm","floor":4,"turns":7},{"damage":26,"enemies":"3 Sentries","floor":6,"turns":12},{"damage":0,"enemies":"Small Slimes","floor":10,"turns":3},{"damage":6,"enemies":"Lagavulin","floor":11,"turns":7},{"damage":9,"enemies":"Gremlin Gang","floor":12,"turns":6},{"damage":0,"enemies":"Exordium Wildlife","floor":14,"turns":4},{"damage":24,"enemies":"Hexaghost","floor":16,"turns":11},{"damage":0,"enemies":"Chosen","floor":18,"turns":7},{"damage":4,"enemies":"3 Byrds","floor":19,"turns":5},{"damage":15,"enemies":"Snake Plant","floor":20,"turns":3},{"damage":29,"enemies":"Slavers","floor":23,"turns":5},{"damage":45,"enemies":"Gremlin Leader","floor":25,"turns":9},{"damage":9,"enemies":"3 Cultists","floor":28,"turns":3}],"seed_played":"3207108993108094216","potions_obtained":[{"floor":10,"key":"Fire Potion"},{"floor":11,"key":"Dexterity Potion"},{"floor":16,"key":"PowerPotion"},{"floor":19,"key":"Regen Potion"},{"floor":20,"key":"AttackPotion"}],"is_trial":false,"path_per_floor":["M","?","?","M","?","E","R","?","T","M","E","M","R","M","R","B",null,"M","M","M","?","$","E","R","E","T","?","M"],"character_chosen":"THE_SILENT","items_purchased":["DollysMirror","Bronze Scales","Well Laid Plans"],"campfire_rested":3,"item_purchase_floors":[22,22,22],"current_hp_per_floor":[63,63,56,51,51,25,43,43,43,43,37,28,61,61,61,37,57,57,53,50,50,50,21,54,9,9,9,0],"gold":45,"neow_bonus":"TRANSFORM_TWO_CARDS","is_prod":false,"is_daily":false,"chose_seed":false,"campfire_upgraded":1,"win_rate":0,"timestamp":1549904482,"path_taken":["M","?","?","M","?","E","R","?","T","M","E","M","R","M","R","BOSS","M","?","M","?","$","E","R","E","T","?","M"],"build_version":"2019-01-23","purchased_purges":0,"victory":false,"max_hp_per_floor":[63,63,63,63,63,63,63,63,63,63,63,63,63,63,63,63,63,63,63,63,63,63,63,63,63,63,63,63],"card_choices":[{"not_picked":["Slice","Blade Dance"],"picked":"Cloak And Dagger","floor":1},{"not_picked":["Outmaneuver","Bane"],"picked":"Predator","floor":4},{"not_picked":["Acrobatics","Catalyst"],"picked":"Dash","floor":6},{"not_picked":["Tactician","Eviscerate"],"picked":"Backflip","floor":10},{"not_picked":["Dagger Throw","Grand Finale"],"picked":"Deadly Poison","floor":11},{"not_picked":["Outmaneuver","Dagger Spray"],"picked":"Deadly Poison","floor":12},{"not_picked":["Flying Knee","Deflect","Slice"],"picked":"SKIP","floor":14},{"not_picked":["Phantasmal Killer","Bullet Time"],"picked":"Unload","floor":16},{"not_picked":[],"picked":"Crippling Poison","floor":18},{"not_picked":[],"picked":"Finisher+1","floor":19},{"not_picked":["Reflex+1"],"picked":"SKIP","floor":20},{"not_picked":["Underhanded Strike"],"picked":"SKIP","floor":23},{"not_picked":[],"picked":"Noxious Fumes","floor":25}],"player_experience":288849,"relics_obtained":[{"floor":6,"key":"War Paint"},{"floor":9,"key":"Regal Pillow"},{"floor":11,"key":"Dodecahedron"},{"floor":23,"key":"Juzu Bracelet"},{"floor":25,"key":"Snake Skull"},{"floor":26,"key":"Pen Nib"}],"event_choices":[{"damage_healed":0,"gold_gain":175,"player_choice":"AGREE","damage_taken":0,"max_hp_gain":0,"max_hp_loss":0,"event_name":"Liars Game","floor":2,"gold_loss":0,"cards_obtained":["Doubt"]},{"cards_removed":["Doubt"],"damage_healed":0,"gold_gain":0,"player_choice":"Card Removal","damage_taken":7,"max_hp_gain":0,"max_hp_loss":0,"event_name":"Golden Wing","floor":3,"gold_loss":0},{"cards_removed":["Strike_G"],"damage_healed":0,"gold_gain":0,"player_choice":"Card Removal","damage_taken":0,"max_hp_gain":0,"max_hp_loss":0,"event_name":"The Cleric","floor":5,"gold_loss":50},{"damage_healed":0,"gold_gain":0,"player_choice":"1 cards matched","damage_taken":0,"max_hp_gain":0,"max_hp_loss":0,"event_name":"Match and Keep!","floor":8,"gold_loss":0,"cards_obtained":["Neutralize"]},{"damage_healed":0,"gold_gain":0,"player_choice":"Bet on Owner","damage_taken":0,"max_hp_gain":0,"max_hp_loss":0,"event_name":"The Joust","floor":21,"gold_loss":50},{"damage_healed":0,"gold_gain":0,"player_choice":"Obtained Relic","damage_taken":0,"relics_obtained":["Potion Belt"],"max_hp_gain":0,"max_hp_loss":0,"event_name":"Addict","floor":27,"gold_loss":85}],"is_beta":false,"boss_relics":[{"not_picked":["Ectoplasm","White Beast Statue"],"picked":"Busted Crown"}],"items_purged_floors":[],"is_endless":false,"potions_floor_spawned":[10,11,16,19,20],"killed_by":"3 Cultists","ascension_level":7}