{"gold_per_floor":[19,19,34,111,122,122,138,138,138,63,63,63,75,150,150,150],"floor_reached":16,"playtime":430,"items_purged":["Strike_B"],"score":90,"play_id":"ef6699c1-ead7-4ecb-a90c-986b50dfb256","local_time":"20190128062527","is_ascension_mode":false,"campfire_choices":[{"data":"Hologram","floor":6,"key":"SMITH"},{"data":"Zap","floor":8,"key":"SMITH"},{"data":"Conserve Battery","floor":11,"key":"SMITH"},{"data":"Defend_B","floor":15,"key":"SMITH"}],"neow_cost":"NO_GOLD","seed_source_timestamp":1520124227925347,"circlet_count":0,"master_deck":["Strike_B","Strike_B","Strike_B","Defend_B","Defend_B","Defend_B","Defend_B+1","Zap+1","Dualcast+1","Meteor Strike","BootSequence+1","Hologram+1","Conserve Battery+1"],"relics":["Cracked Core","War Paint"],"potions_floor_usage":[16],"damage_taken":[{"damage":1,"enemies":"Jaw Worm","floor":1,"turns":3},{"damage":6,"enemies":"Cultist","floor":3,"turns":4},{"damage":0,"enemies":"2 Louse","floor":5,"turns":2},{"damage":7,"enemies":"2 Fungi Beasts","floor":7,"turns":4},{"damage":1,"enemies":"Exordium Wildlife","floor":13,"turns":5},{"damage":58,"enemies":"Hexaghost","floor":16,"turns":14}],"seed_played":"4622003978717776274","potions_obtained":[{"floor":2,"key":"FairyPotion"},{"floor":2,"key":"Ancient Potion"},{"floor":2,"key":"EssenceOfSteel"}],"is_trial":false,"path_per_floor":["M","?","M","?","M","R","M","R","T","$","R","?","M","?","R","B"],"character_chosen":"DEFECT","items_purchased":[],"campfire_rested":0,"item_purchase_floors":[],"current_hp_per_floor":[74,74,68,68,68,68,61,61,61,61,61,61,60,49,49,0],"gold":150,"neow_bonus":"THREE_RARE_CARDS","is_prod":false,"is_daily":false,"chose_seed":false,"campfire_upgraded":4,"win_rate":0,"timestamp":1548656727,"path_taken":["M","?","?","?","M","R","M","R","T","$","R","?","M","?","R","BOSS"],"build_version":"2019-01-23","purchased_purges":1,"victory":false,"max_hp_per_floor":[75,75,75,75,75,75,75,75,75,75,75,75,75,75,75,75],"card_choices":[{"not_picked":["Reboot","Fission"],"picked":"Meteor Strike","floor":0},{"not_picked":["Leap","Chill"],"picked":"BootSequence","floor":1},{"not_picked":["Turbo","Gash"],"picked":"Hologram","floor":3},{"not_picked":["Streamline","Core Surge"],"picked":"Conserve Battery","floor":5},{"not_picked":["Beam Cell","Sweeping Beam","Ball Lightning"],"picked":"SKIP","floor":7},{"not_picked":["Sweeping Beam","Gash","Beam Cell"],"picked":"SKIP","floor":13}],"player_experience":501052,"relics_obtained":[{"floor":9,"key":"War Paint"}],"event_choices":[{"damage_healed":0,"gold_gain":0,"player_choice":"Got Potions","damage_taken":0,"max_hp_gain":0,"max_hp_loss":0,"event_name":"Lab","floor":2,"gold_loss":0},{"damage_healed":0,"gold_gain":77,"player_choice":"Gained Gold","damage_taken":0,"max_hp_gain":0,"max_hp_loss":0,"event_name":"Golden Wing","floor":4,"gold_loss":0},{"damage_healed":0,"gold_gain":0,"player_choice":"Ignored","damage_taken":0,"max_hp_gain":0,"max_hp_loss":0,"event_name":"Liars Game","floor":12,"gold_loss":0},{"damage_healed":0,"gold_gain":75,"player_choice":"Gather Gold","damage_taken":11,"max_hp_gain":0,"max_hp_loss":0,"event_name":"World of Goop","floor":14,"gold_loss":0}],"is_beta":true,"boss_relics":[],"items_purged_floors":[10],"is_endless":false,"potions_floor_spawned":[3,7],"killed_by":"Hexaghost","ascension_level":0}