{"path_per_floor":["M","?","?","?","M","E","$","R","T","M","M","E","M","M","R","B",null,"M","M","$","M"],"character_chosen":"DEFECT","items_purchased":["Secret Weapon","Ball Lightning"],"gold_per_floor":[13,0,0,0,14,43,43,43,43,63,81,109,126,145,145,245,245,235,250,10,25,25],"floor_reached":22,"campfire_rested":2,"playtime":952,"current_hp_per_floor":[80,80,80,62,59,20,20,46,46,45,45,30,29,38,64,33,75,64,31,31,4,0],"items_purged":[],"gold":25,"score":267,"play_id":"5fb78d19-92a3-4a8a-a1a9-a6f667c04690","local_time":"20180512235930","is_prod":false,"is_daily":false,"chose_seed":false,"is_ascension_mode":true,"campfire_upgraded":0,"timestamp":1526194770,"path_taken":["M","?","?","?","M","E","?","R","T","M","M","E","?","M","R","BOSS","M","M","$","M","?"],"build_version":"2018-05-12v2","seed_source_timestamp":51219983709667,"purchased_purges":0,"victory":false,"master_deck":["Strike_B","Strike_B+1","Strike_B+1","Defend_B","Defend_B","Defend_B","Defend_B","Zap","Dualcast","Go for the Eyes","Axe Kick","Scrape","BootSequence","Secret Weapon","Ball Lightning"],"max_hp_per_floor":[89,89,89,89,89,89,89,89,89,89,89,89,89,89,89,89,89,89,89,89,89,89],"relics":["Cracked Core","Mango","Dead Branch","Frozen Egg 2","Bird Faced Urn","White Beast Statue"],"card_choices":[{"not_picked":["Stack","Turbo"],"picked":"Go for the Eyes","floor":1},{"not_picked":["Consume","Genetic Algorithm","Rebound"],"picked":"SKIP","floor":5},{"not_picked":["Cold Snap","Reprogram","Stack"],"picked":"SKIP","floor":6},{"not_picked":["Stack","Storm+1","Chaos"],"picked":"SKIP","floor":10},{"not_picked":["Leap","Capacitor+1"],"picked":"Axe Kick","floor":11},{"not_picked":["Recycle","Turbo"],"picked":"Scrape","floor":12},{"not_picked":["Leap","Chill"],"picked":"BootSequence","floor":13},{"not_picked":["Echo Form+1","Sweeping Beam","Streamline"],"picked":"SKIP","floor":14},{"not_picked":["Capacitor+1","Rebound","Stack"],"picked":"SKIP","floor":18},{"not_picked":["Stack+1","Storm+1","Rebound"],"picked":"SKIP","floor":19},{"not_picked":["Rebound+1","Chaos","Blizzard"],"picked":"SKIP","floor":21}],"player_experience":231151,"potions_floor_usage":[11,16,16,21,22],"damage_taken":[{"damage":2,"enemies":"Jaw Worm","floor":1,"turns":4},{"damage":3,"enemies":"2 Louse","floor":5,"turns":2},{"damage":39,"enemies":"3 Sentries","floor":6,"turns":10},{"damage":1,"enemies":"Small Slimes","floor":10,"turns":3},{"damage":0,"enemies":"Red Slaver","floor":11,"turns":4},{"damage":15,"enemies":"Lagavulin","floor":12,"turns":6},{"damage":1,"enemies":"Large Slime","floor":13,"turns":5},{"damage":0,"enemies":"2 Fungi Beasts","floor":14,"turns":3},{"damage":31,"enemies":"Slime Boss","floor":16,"turns":10},{"damage":11,"enemies":"2 Thieves","floor":18,"turns":4},{"damage":35,"enemies":"Chosen","floor":19,"turns":6},{"damage":29,"enemies":"Centurion and Healer","floor":21,"turns":6},{"damage":32,"enemies":"Snecko","floor":22,"turns":5}],"event_choices":[{"event_name":"World of Goop","player_choice":"Left","floor":2,"damage_taken":0},{"event_name":"Bonfire Elementals","player_choice":"BASIC","floor":3,"damage_taken":0},{"event_name":"Shining Light","player_choice":"Entered Light","floor":4,"damage_taken":0}],"boss_relics":[{"not_picked":["Inserter","Astrolabe"],"picked":"White Beast Statue"}],"potions_floor_spawned":[10,11,12,18,19,21],"seed_played":"2643928104531280707","killed_by":"Snecko","ascension_level":7,"is_trial":false}