{"gold_per_floor":[110,126,126,56,56,56,89,103,130,140,158,173,123,137,137,241,241,252,267,267,287,287,287,320,74,74,74],"floor_reached":27,"playtime":958,"items_purged":["Writhe"],"score":235,"play_id":"3ea7dd21-8cf1-4564-aae1-dca21f6fdeff","local_time":"20181119194436","is_ascension_mode":false,"campfire_choices":[{"data":"Rupture","floor":6,"key":"SMITH"},{"floor":15,"key":"REST"},{"floor":23,"key":"REST"}],"neow_cost":"CURSE","seed_source_timestamp":173800368639605,"circlet_count":0,"master_deck":["Strike_R","Strike_R","Strike_R","Strike_R","Defend_R","Defend_R","Defend_R","Bash","Blood for Blood","Rupture+1","Pummel","Hemokinesis","Exhume","Wild Strike","Inflame","Brutality","Flame Barrier","Pummel","Shockwave","Flame Barrier","Feel No Pain"],"relics":["Black Blood","Gremlin Horn","Vajra","Centennial Puzzle","Smiling Mask","PrismaticShard","Pear"],"potions_floor_usage":[11,16,19,24,24,24],"damage_taken":[{"damage":9,"enemies":"Cultist","floor":1,"turns":5},{"damage":7,"enemies":"Small Slimes","floor":2,"turns":3},{"damage":36,"enemies":"Lagavulin","floor":7,"turns":6},{"damage":0,"enemies":"2 Louse","floor":8,"turns":2},{"damage":12,"enemies":"Blue Slaver","floor":10,"turns":2},{"damage":4,"enemies":"2 Fungi Beasts","floor":11,"turns":2},{"damage":15,"enemies":"Looter","floor":12,"turns":3},{"damage":14,"enemies":"Exordium Wildlife","floor":14,"turns":3},{"damage":36,"enemies":"Slime Boss","floor":16,"turns":8},{"damage":9,"enemies":"3 Byrds","floor":18,"turns":3},{"damage":18,"enemies":"2 Thieves","floor":19,"turns":4},{"damage":30,"enemies":"Centurion and Healer","floor":21,"turns":6},{"damage":67,"enemies":"Slavers","floor":24,"turns":6},{"damage":31,"enemies":"Snake Plant","floor":27,"turns":4}],"seed_played":"-6731563910637991123","potions_obtained":[{"floor":7,"key":"GamblersBrew"},{"floor":8,"key":"Block Potion"},{"floor":11,"key":"EssenceOfSteel"},{"floor":12,"key":"Dexterity Potion"},{"floor":16,"key":"FearPotion"},{"floor":18,"key":"PowerPotion"},{"floor":21,"key":"Dexterity Potion"}],"is_trial":false,"path_per_floor":["M","M","T","$","?","R","E","M","T","M","M","M","?","M","R","B",null,"M","M","?","M","?","R","E","$","T","M"],"character_chosen":"IRONCLAD","items_purchased":["Hemokinesis","PrismaticShard"],"campfire_rested":2,"item_purchase_floors":[4,25],"current_hp_per_floor":[77,76,76,76,76,76,46,52,52,46,48,39,39,31,55,25,80,80,72,72,52,52,76,19,19,29,0],"gold":74,"neow_bonus":"TRANSFORM_TWO_CARDS","is_prod":false,"is_daily":false,"chose_seed":false,"campfire_upgraded":1,"win_rate":0,"timestamp":1542656676,"path_taken":["M","?","?","$","?","R","E","M","T","M","?","M","?","M","R","BOSS","M","M","?","M","?","R","E","?","T","M"],"build_version":"2018-11-15","purchased_purges":1,"victory":false,"max_hp_per_floor":[80,80,80,80,80,80,80,80,80,80,80,80,80,80,80,80,80,80,80,80,80,80,80,80,80,90,90],"card_choices":[{"not_picked":["Perfected Strike","True Grit","Shrug It Off"],"picked":"SKIP","floor":1},{"not_picked":["Thunderclap","Infernal Blade"],"picked":"Pummel","floor":2},{"not_picked":["Iron Wave","Havoc"],"picked":"Inflame","floor":7},{"not_picked":["Thunderclap","Second Wind","True Grit"],"picked":"SKIP","floor":8},{"not_picked":["Corruption","Infernal Blade"],"picked":"Brutality","floor":10},{"not_picked":["Cleave","Power Through","True Grit"],"picked":"SKIP","floor":11},{"not_picked":["Power Through","Infernal Blade"],"picked":"Flame Barrier","floor":12},{"not_picked":["Heavy Blade","Iron Wave"],"picked":"Pummel","floor":14},{"not_picked":["Hemokinesis+1","Armaments","Flame Barrier"],"picked":"SKIP","floor":18},{"not_picked":["Flame Barrier","Power Through"],"picked":"Shockwave","floor":19},{"not_picked":["Anger","Feel No Pain"],"picked":"Flame Barrier","floor":21},{"not_picked":["Armaments","Hemokinesis"],"picked":"Feel No Pain","floor":24}],"player_experience":323655,"relics_obtained":[{"floor":7,"key":"Gremlin Horn"},{"floor":9,"key":"Vajra"},{"floor":24,"key":"Smiling Mask"},{"floor":26,"key":"Pear"}],"event_choices":[{"damage_healed":0,"gold_gain":0,"player_choice":"2 cards matched","damage_taken":0,"max_hp_gain":0,"max_hp_loss":0,"event_name":"Match and Keep!","floor":5,"gold_loss":0,"cards_obtained":["Exhume","Wild Strike"]},{"cards_removed":["Decay"],"damage_healed":0,"gold_gain":0,"player_choice":"Card Removal","damage_taken":0,"max_hp_gain":0,"max_hp_loss":0,"event_name":"The Cleric","floor":13,"gold_loss":50},{"damage_healed":0,"gold_gain":0,"player_choice":"Opened","damage_taken":0,"relics_obtained":["Centennial Puzzle"],"max_hp_gain":0,"max_hp_loss":0,"event_name":"The Mausoleum","floor":20,"gold_loss":0,"cards_obtained":["Writhe"]},{"damage_healed":0,"gold_gain":0,"player_choice":"Ignored","damage_taken":0,"max_hp_gain":0,"max_hp_loss":0,"event_name":"Vampires","floor":22,"gold_loss":0}],"is_beta":true,"boss_relics":[{"not_picked":["Busted Crown","Pandora\u0027s Box"],"picked":"Black Blood"}],"items_purged_floors":[25],"is_endless":false,"potions_floor_spawned":[7,8,11,12,16,18,21],"killed_by":"Snake Plant","ascension_level":0}