{"gold_per_floor":[118,293,312,43,61,61,86,102,102,4,4,4],"floor_reached":12,"playtime":359,"items_purged":["Doubt"],"score":129,"play_id":"3faf5e3b-8a46-4529-86dc-99bcf7106e0f","local_time":"20190207034723","is_ascension_mode":true,"campfire_choices":[{"data":"Magnetism","floor":6,"key":"SMITH"},{"floor":11,"key":"REST"}],"neow_cost":"PERCENT_DAMAGE","seed_source_timestamp":24975683550752,"circlet_count":0,"master_deck":["AscendersBane","Strike_B","Strike_B","Strike_B","Strike_B","Defend_B","Defend_B","Defend_B","Defend_B","Zap","Dualcast","Panacea","The Bomb","Defragment","Hologram","Magnetism+1","All For One","Dark Shackles"],"relics":["Cracked Core","Anchor","Blue Candle"],"potions_floor_usage":[12],"damage_taken":[{"damage":0,"enemies":"2 Louse","floor":1,"turns":2},{"damage":10,"enemies":"Jaw Worm","floor":3,"turns":5},{"damage":6,"enemies":"Cultist","floor":5,"turns":4},{"damage":16,"enemies":"Lagavulin","floor":7,"turns":6},{"damage":16,"enemies":"2 Fungi Beasts","floor":8,"turns":4},{"damage":8,"enemies":"Gremlin Nob","floor":12,"turns":3}],"seed_played":"7785480539232007027","potions_obtained":[{"floor":3,"key":"FairyPotion"},{"floor":5,"key":"Dexterity Potion"}],"is_trial":false,"path_per_floor":["M","?","M","$","M","R","E","M","T","$","R","E"],"character_chosen":"DEFECT","items_purchased":["Magnetism","Dark Shackles"],"campfire_rested":1,"item_purchase_floors":[4,10],"current_hp_per_floor":[50,50,40,40,34,34,18,2,2,2,24,16],"gold":4,"neow_bonus":"RANDOM_COLORLESS_2","is_prod":false,"is_daily":false,"chose_seed":false,"campfire_upgraded":1,"win_rate":0,"timestamp":1549511243,"path_taken":["M","?","M","$","M","R","E","M","T","$","R","E"],"build_version":"2019-01-23","purchased_purges":1,"victory":false,"max_hp_per_floor":[75,75,75,75,75,75,75,75,75,75,75,75],"card_choices":[{"not_picked":["Leap","Rebound"],"picked":"Defragment","floor":1},{"not_picked":["FTL","Recycle"],"picked":"Hologram","floor":3},{"not_picked":["Barrage","Stack","Beam Cell"],"picked":"SKIP","floor":5},{"not_picked":["Sweeping Beam","Streamline"],"picked":"All For One","floor":7},{"not_picked":["Fusion","Turbo","Barrage"],"picked":"SKIP","floor":8}],"player_experience":576623,"relics_obtained":[{"floor":7,"key":"Anchor"},{"floor":9,"key":"Blue Candle"}],"event_choices":[{"damage_healed":0,"gold_gain":175,"player_choice":"AGREE","damage_taken":0,"max_hp_gain":0,"max_hp_loss":0,"event_name":"Liars Game","floor":2,"gold_loss":0,"cards_obtained":["Doubt"]}],"is_beta":true,"boss_relics":[],"items_purged_floors":[4],"is_endless":false,"potions_floor_spawned":[3,5,8],"killed_by":"Gremlin Nob","ascension_level":13}