{"gold_per_floor":[113,125,125,138,63,63,86,261,284,300,11,11,28,53,53,158,158,175,195,2,2,2,2,34,54,77,77,94,44,44,10,10,10],"floor_reached":33,"playtime":1056,"items_purged":["Decay","Doubt"],"score":368,"play_id":"eb4d8404-32de-4b57-beab-413b1066583f","local_time":"20190122045804","is_ascension_mode":true,"campfire_choices":[{"data":"Loop","floor":6,"key":"SMITH"},{"data":"Consume","floor":12,"key":"SMITH"},{"floor":15,"key":"REST"},{"floor":23,"key":"REST"},{"floor":27,"key":"REST"},{"data":"Chaos","floor":30,"key":"SMITH"},{"floor":32,"key":"REST"}],"neow_cost":"CURSE","seed_source_timestamp":995850021791802,"circlet_count":0,"master_deck":["Strike_B","Strike_B","Defend_B","Defend_B","Defend_B","Defend_B+1","Zap+1","Dualcast","Consume+1","Loop+1","Capacitor","Metamorphosis+1","BootSequence","Echo Form","Capacitor","Cold Snap+1","Go for the Eyes","Zap","Chaos+1","Redo+1","FTL"],"relics":["Cracked Core","Emotion Chip","DataDisk","Omamori","Pen Nib","Empty Cage","War Paint","Ancient Tea Set","Potion Belt"],"potions_floor_usage":[14,14,14,24,24,25],"damage_taken":[{"damage":6,"enemies":"Small Slimes","floor":1,"turns":3},{"damage":3,"enemies":"Cultist","floor":2,"turns":3},{"damage":6,"enemies":"Jaw Worm","floor":4,"turns":3},{"damage":18,"enemies":"Lots of Slimes","floor":10,"turns":3},{"damage":8,"enemies":"Blue Slaver","floor":13,"turns":3},{"damage":16,"enemies":"Gremlin Nob","floor":14,"turns":4},{"damage":17,"enemies":"Hexaghost","floor":16,"turns":6},{"damage":1,"enemies":"Spheric Guardian","floor":18,"turns":3},{"damage":43,"enemies":"Chosen","floor":19,"turns":7},{"damage":15,"enemies":"Gremlin Leader","floor":24,"turns":5},{"damage":2,"enemies":"Snecko","floor":25,"turns":6},{"damage":23,"enemies":"Cultist and Chosen","floor":28,"turns":5},{"damage":45,"enemies":"Automaton","floor":33,"turns":6}],"seed_played":"4442982728532642106","potions_obtained":[{"floor":1,"key":"Strength Potion"},{"floor":10,"key":"GamblersBrew"},{"floor":13,"key":"Swift Potion"},{"floor":16,"key":"Energy Potion"},{"floor":18,"key":"LiquidBronze"},{"floor":24,"key":"PowerPotion"},{"floor":25,"key":"Ancient Potion"}],"is_trial":false,"path_per_floor":["?","M","T","?","?","M","?"],"character_chosen":"DEFECT","items_purchased":["Metamorphosis","War Paint","Go for the Eyes","FTL"],"campfire_rested":4,"item_purchase_floors":[11,20,20,31],"current_hp_per_floor":[62,59,59,53,53,53,53,53,53,35,35,35,27,11,33,16,60,59,16,16,16,16,38,23,21,21,43,20,20,20,20,42,0],"gold":10,"neow_bonus":"ONE_RARE_RELIC","is_prod":false,"is_daily":false,"chose_seed":false,"campfire_upgraded":3,"win_rate":0,"timestamp":1548133084,"path_taken":["M","M","?","?","$","R","?","?","T","M","$","R","M","E","R","BOSS","M","M","$","?","$","R","E","?","T","R","M","?","R","$","R","BOSS"],"build_version":"2019-01-20","purchased_purges":2,"victory":false,"max_hp_per_floor":[75,75,75,75,75,75,75,75,75,75,75,75,75,75,75,75,75,75,75,75,75,75,75,75,75,75,75,75,75,75,75,75,75],"card_choices":[{"not_picked":["Auto Shields","Storm"],"picked":"Consume","floor":1},{"not_picked":["FTL","Turbo","Conserve Battery"],"picked":"SKIP","floor":2},{"not_picked":["Sweeping Beam","Streamline"],"picked":"Loop","floor":4},{"not_picked":["Steam","Biased Cognition"],"picked":"Capacitor","floor":10},{"not_picked":["Redo","Tempest"],"picked":"BootSequence","floor":13},{"not_picked":["Sunder","Sweeping Beam","Reprogram"],"picked":"SKIP","floor":14},{"not_picked":["Buffer","Biased Cognition"],"picked":"Echo Form","floor":16},{"not_picked":["Sweeping Beam","Stack+1"],"picked":"Capacitor","floor":18},{"not_picked":["Streamline","Turbo"],"picked":"Cold Snap+1","floor":19},{"not_picked":["Leap","Beam Cell+1","Steam+1"],"picked":"SKIP","floor":24},{"not_picked":["Barrage","Gash"],"picked":"Chaos","floor":25},{"not_picked":["Self Repair+1","Static Discharge"],"picked":"Redo+1","floor":28}],"player_experience":447295,"relics_obtained":[{"floor":7,"key":"DataDisk"},{"floor":9,"key":"Omamori"},{"floor":14,"key":"Pen Nib"},{"floor":24,"key":"Ancient Tea Set"},{"floor":26,"key":"Potion Belt"}],"event_choices":[{"damage_healed":0,"gold_gain":0,"player_choice":"Forge","damage_taken":0,"max_hp_gain":0,"max_hp_loss":0,"event_name":"Accursed Blacksmith","floor":3,"gold_loss":0,"cards_upgraded":["Zap"]},{"damage_healed":0,"gold_gain":175,"player_choice":"AGREE","damage_taken":0,"max_hp_gain":0,"max_hp_loss":0,"event_name":"Liars Game","floor":8,"gold_loss":0,"cards_obtained":["Doubt"]},{"damage_healed":0,"gold_gain":0,"player_choice":"1 cards matched","damage_taken":0,"max_hp_gain":0,"max_hp_loss":0,"event_name":"Match and Keep!","floor":21,"gold_loss":0,"cards_obtained":["Zap"]},{"damage_healed":0,"gold_gain":0,"player_choice":"Bet on Murderer","damage_taken":0,"max_hp_gain":0,"max_hp_loss":0,"event_name":"The Joust","floor":29,"gold_loss":50}],"is_beta":true,"boss_relics":[{"not_picked":["Orrery","Snecko Eye"],"picked":"Empty Cage"}],"items_purged_floors":[5,11],"is_endless":false,"potions_floor_spawned":[1,10,13,16,18,24,25],"killed_by":"Automaton","ascension_level":8}