{"gold_per_floor":[10,10,10,22,37,68,68,96,142,158,185,200,40,56,56,56],"floor_reached":16,"playtime":682,"items_purged":[],"score":140,"play_id":"75ce43bb-f548-4e99-8e31-ec802d345472","local_time":"20190202151212","is_ascension_mode":true,"campfire_choices":[{"data":"Armaments","floor":7,"key":"SMITH"},{"data":"Barricade","floor":15,"key":"SMITH"}],"neow_cost":"NO_GOLD","seed_source_timestamp":790789377834,"circlet_count":0,"master_deck":["Strike_R+1","Strike_R+1","Strike_R","Strike_R","Defend_R","Defend_R","Defend_R","Defend_R","Bash","Cleave+1","Armaments","Ghostly Armor","Armaments+1","Feed","Ghostly Armor","Shrug It Off","Barricade+1"],"relics":["Burning Blood","StoneCalendar","Shuriken","Ancient Tea Set","Whetstone","Question Card"],"potions_floor_usage":[8,8],"damage_taken":[{"damage":6,"enemies":"Jaw Worm","floor":1,"turns":5},{"damage":0,"enemies":"2 Louse","floor":4,"turns":2},{"damage":0,"enemies":"Cultist","floor":5,"turns":4},{"damage":15,"enemies":"Lagavulin","floor":6,"turns":8},{"damage":17,"enemies":"Gremlin Nob","floor":8,"turns":4},{"damage":11,"enemies":"Lots of Slimes","floor":10,"turns":5},{"damage":29,"enemies":"Lagavulin","floor":11,"turns":7},{"damage":0,"enemies":"3 Louse","floor":12,"turns":2},{"damage":2,"enemies":"2 Fungi Beasts","floor":14,"turns":4},{"damage":1,"enemies":"The Guardian","floor":16,"turns":16}],"seed_played":"474937280987114931","potions_obtained":[{"floor":4,"key":"Explosive Potion"},{"floor":6,"key":"Weak Potion"},{"floor":8,"key":"SkillPotion"},{"floor":11,"key":"Weak Potion"}],"is_trial":false,"path_per_floor":["M","?","?","M","M","E","R","E","T","M","E","M","$","M","R","B"],"character_chosen":"IRONCLAD","items_purchased":["Barricade"],"campfire_rested":0,"item_purchase_floors":[13],"current_hp_per_floor":[80,73,73,79,80,71,71,60,60,55,32,41,41,48,48,47],"gold":56,"neow_bonus":"ONE_RARE_RELIC","is_prod":false,"is_daily":false,"chose_seed":false,"campfire_upgraded":2,"win_rate":0,"timestamp":1549116732,"path_taken":["M","?","?","M","M","E","R","E","T","M","E","M","$","M","R","BOSS"],"build_version":"2019-01-23","purchased_purges":0,"victory":false,"max_hp_per_floor":[80,80,80,80,80,80,80,80,80,80,80,83,83,86,86,86],"card_choices":[{"not_picked":["Pommel Strike","Flex"],"picked":"Cleave","floor":1},{"not_picked":["Clothesline","Cleave"],"picked":"Armaments","floor":4},{"not_picked":["Evolve","Heavy Blade"],"picked":"Ghostly Armor","floor":5},{"not_picked":["Perfected Strike","Thunderclap"],"picked":"Armaments","floor":6},{"not_picked":["Sever Soul","Whirlwind","Fire Breathing"],"picked":"SKIP","floor":8},{"not_picked":["Rampage","Intimidate"],"picked":"Feed","floor":10},{"not_picked":["Thunderclap","Clothesline"],"picked":"Ghostly Armor","floor":11},{"not_picked":["Bloodletting","Searing Blow","Rupture"],"picked":"Shrug It Off","floor":12},{"not_picked":["Evolve","Cleave","Flame Barrier","Reckless Charge"],"picked":"SKIP","floor":14}],"player_experience":168358,"relics_obtained":[{"floor":6,"key":"Shuriken"},{"floor":8,"key":"Ancient Tea Set"},{"floor":9,"key":"Whetstone"},{"floor":11,"key":"Question Card"}],"event_choices":[{"cards_removed":["Strike_R"],"damage_healed":0,"gold_gain":0,"player_choice":"Card Removal","damage_taken":7,"max_hp_gain":0,"max_hp_loss":0,"event_name":"Golden Wing","floor":2,"gold_loss":0},{"damage_healed":0,"gold_gain":0,"player_choice":"Forge","damage_taken":0,"max_hp_gain":0,"max_hp_loss":0,"event_name":"Accursed Blacksmith","floor":3,"gold_loss":0,"cards_upgraded":["Cleave"]}],"is_beta":false,"boss_relics":[],"items_purged_floors":[],"is_endless":false,"potions_floor_spawned":[4,6,8,11],"killed_by":"The Guardian","ascension_level":3}