{"gold_per_floor":[115,129,148,161,87,117,117,117,117,135,135,163,163,163],"floor_reached":14,"playtime":849,"items_purged":[],"score":110,"play_id":"98b9de24-2ac2-490c-b707-7514cedab525","local_time":"20190131211027","is_ascension_mode":true,"campfire_choices":[{"floor":7,"key":"REST"},{"floor":11,"key":"REST"}],"neow_cost":"NONE","seed_source_timestamp":24152075657250,"circlet_count":0,"master_deck":["Defend_G","Defend_G","Defend_G","Defend_G","Defend_G","Strike_G","Strike_G","Strike_G","Strike_G","Strike_G","Survivor","Neutralize","Dagger Throw","Footwork","Underhanded Strike","Blur","Accuracy","Blur","Leg Sweep+1","Blade Dance+1"],"relics":["Ring of the Snake","Dodecahedron","Toxic Egg 2","Pantograph","Matryoshka"],"potions_floor_usage":[10,12,14],"damage_taken":[{"damage":0,"enemies":"Cultist","floor":1,"turns":4},{"damage":3,"enemies":"2 Louse","floor":2,"turns":4},{"damage":4,"enemies":"Jaw Worm","floor":3,"turns":5},{"damage":4,"enemies":"2 Fungi Beasts","floor":4,"turns":3},{"damage":23,"enemies":"3 Sentries","floor":6,"turns":17},{"damage":25,"enemies":"Large Slime","floor":10,"turns":14},{"damage":12,"enemies":"Lagavulin","floor":12,"turns":13},{"damage":40,"enemies":"Gremlin Nob","floor":14,"turns":6}],"seed_played":"-4326927896955328555","potions_obtained":[{"floor":6,"key":"Swift Potion"},{"floor":10,"key":"GamblersBrew"},{"floor":12,"key":"SkillPotion"}],"is_trial":false,"path_per_floor":["M","M","M","M","$","E","R","$","T","M","R","E","?","E"],"character_chosen":"THE_SILENT","items_purchased":["Accuracy"],"campfire_rested":2,"item_purchase_floors":[5],"current_hp_per_floor":[77,74,70,66,66,43,66,66,66,41,64,52,27,0],"gold":163,"neow_bonus":"TEN_PERCENT_HP_BONUS","is_prod":false,"is_daily":false,"chose_seed":false,"campfire_upgraded":0,"win_rate":0,"timestamp":1548965427,"path_taken":["M","M","M","M","$","E","R","$","T","M","R","E","?","E"],"build_version":"2019-01-23","purchased_purges":0,"victory":false,"max_hp_per_floor":[77,77,77,77,77,77,77,77,77,77,77,77,77,77],"card_choices":[{"not_picked":["Prepared","Quick Slash"],"picked":"Dagger Throw","floor":1},{"not_picked":["Terror","Sucker Punch"],"picked":"Footwork","floor":2},{"not_picked":["Cloak And Dagger","Sucker Punch"],"picked":"Underhanded Strike","floor":3},{"not_picked":["Poisoned Stab","Bane"],"picked":"Blur","floor":4},{"not_picked":["Heel Hook","Catalyst"],"picked":"Blur","floor":6},{"not_picked":["Calculated Gamble+1","Finisher"],"picked":"Leg Sweep+1","floor":10},{"not_picked":["Cloak And Dagger+1","Bane"],"picked":"Blade Dance+1","floor":12}],"player_experience":143060,"relics_obtained":[{"floor":6,"key":"Dodecahedron"},{"floor":9,"key":"Toxic Egg 2"},{"floor":12,"key":"Pantograph"}],"event_choices":[{"damage_healed":0,"gold_gain":0,"player_choice":"Success","damage_taken":25,"relics_obtained":["Matryoshka"],"max_hp_gain":0,"max_hp_loss":0,"event_name":"Scrap Ooze","floor":13,"gold_loss":0}],"is_beta":false,"boss_relics":[],"items_purged_floors":[],"is_endless":false,"potions_floor_spawned":[6,10,12],"killed_by":"Gremlin Nob","ascension_level":2}