{"gold_per_floor":[359,105,117,136,286,286,304,314,314,314,343,343,343,343,343,436,436,450,471,471,471,471],"floor_reached":22,"playtime":1627,"items_purged":["Regret"],"score":368,"play_id":"6409002c-1934-4058-bc38-a41a5ac35f08","local_time":"20190213192217","is_ascension_mode":true,"campfire_choices":[{"data":"Perfected Strike","floor":6,"key":"SMITH"},{"data":"Thinking Ahead","floor":10,"key":"SMITH"},{"floor":13,"key":"REST"},{"floor":15,"key":"REST"}],"neow_cost":"CURSE","seed_source_timestamp":249713331583243,"circlet_count":0,"master_deck":["AscendersBane","Strike_R","Strike_R","Strike_R","Strike_R","Strike_R","Defend_R","Defend_R","Defend_R","Defend_R","Bash","Perfected Strike+1","Thinking Ahead+1","Headbutt","Shockwave","Reaper","Ghostly Armor","Feed","Dropkick","Writhe"],"relics":["Burning Blood","Kunai","Dodecahedron","Golden Idol","Cursed Key","Nilry\u0027s Codex","Singing Bowl"],"potions_floor_usage":[8,16,16],"damage_taken":[{"damage":8,"enemies":"Small Slimes","floor":1,"turns":4},{"damage":1,"enemies":"2 Louse","floor":3,"turns":3},{"damage":2,"enemies":"Jaw Worm","floor":4,"turns":3},{"damage":9,"enemies":"Looter","floor":7,"turns":4},{"damage":18,"enemies":"Large Slime","floor":8,"turns":5},{"damage":30,"enemies":"Lagavulin","floor":11,"turns":5},{"damage":50,"enemies":"The Guardian","floor":16,"turns":17},{"damage":1,"enemies":"3 Byrds","floor":18,"turns":7},{"damage":18,"enemies":"Chosen","floor":19,"turns":5},{"damage":56,"enemies":"Sentry and Sphere","floor":22,"turns":5}],"seed_played":"-4642975807802446514","potions_obtained":[{"floor":1,"key":"AttackPotion"},{"floor":7,"key":"SteroidPotion"},{"floor":11,"key":"EssenceOfSteel"}],"is_trial":false,"path_per_floor":["M","$","M","M","?","R","M","M","T","R","E","?","R","?","R","B",null,"M","M","?","?","M"],"character_chosen":"IRONCLAD","items_purchased":["Thinking Ahead"],"campfire_rested":2,"item_purchase_floors":[2],"current_hp_per_floor":[66,66,71,75,75,75,72,60,60,60,36,10,32,25,47,9,59,70,62,41,41,0],"gold":471,"neow_bonus":"TWO_FIFTY_GOLD","is_prod":false,"is_daily":false,"chose_seed":false,"campfire_upgraded":2,"win_rate":0,"timestamp":1550114537,"path_taken":["M","$","M","M","?","R","M","M","T","R","E","?","R","?","R","BOSS","M","M","?","?","M"],"build_version":"2019-02-06","purchased_purges":1,"victory":false,"max_hp_per_floor":[75,75,75,75,75,75,75,75,75,75,75,75,75,75,75,75,75,78,78,78,78,78],"card_choices":[{"not_picked":["Rampage","Shrug It Off"],"picked":"Perfected Strike","floor":1},{"not_picked":["Rage","Sword Boomerang"],"picked":"Headbutt","floor":3},{"not_picked":["Sword Boomerang","Fire Breathing"],"picked":"Shockwave","floor":4},{"not_picked":["Dual Wield","Iron Wave","Combust"],"picked":"SKIP","floor":7},{"not_picked":["Cleave","Havoc"],"picked":"Reaper","floor":8},{"not_picked":["True Grit","Warcry"],"picked":"Ghostly Armor","floor":11},{"not_picked":["Berserk","Bludgeon"],"picked":"Feed","floor":16},{"not_picked":["Entrench","Wild Strike"],"picked":"Dropkick","floor":18},{"not_picked":["Searing Blow","Anger","Combust"],"picked":"SKIP","floor":19}],"player_experience":1104458,"relics_obtained":[{"floor":9,"key":"Kunai"},{"floor":11,"key":"Dodecahedron"},{"floor":20,"key":"Nilry\u0027s Codex"}],"event_choices":[{"damage_healed":0,"gold_gain":150,"player_choice":"AGREE","damage_taken":0,"max_hp_gain":0,"max_hp_loss":0,"event_name":"Liars Game","floor":5,"gold_loss":0,"cards_obtained":["Doubt"]},{"damage_healed":0,"gold_gain":0,"player_choice":"Take Damage","damage_taken":26,"relics_obtained":["Golden Idol"],"max_hp_gain":0,"max_hp_loss":0,"event_name":"Golden Idol","floor":12,"gold_loss":0},{"cards_removed":["Doubt"],"damage_healed":0,"gold_gain":0,"player_choice":"Card Removal","damage_taken":7,"max_hp_gain":0,"max_hp_loss":0,"event_name":"Golden Wing","floor":14,"gold_loss":0},{"damage_healed":0,"gold_gain":0,"player_choice":"Obtained Book","damage_taken":21,"max_hp_gain":0,"max_hp_loss":0,"event_name":"Cursed Tome","floor":20,"gold_loss":0},{"damage_healed":0,"gold_gain":0,"player_choice":"Opened","damage_taken":0,"relics_obtained":["Singing Bowl"],"max_hp_gain":0,"max_hp_loss":0,"event_name":"The Mausoleum","floor":21,"gold_loss":0,"cards_obtained":["Writhe"]}],"is_beta":true,"boss_relics":[{"not_picked":["Runic Cube","Black Star"],"picked":"Cursed Key"}],"items_purged_floors":[2],"is_endless":false,"potions_floor_spawned":[1,7,11],"killed_by":"Sentry and Sphere","ascension_level":20}