{"gold_per_floor":[109,20,35,50,61,87,106,71,71,97,97,123,141,24,24,119,119,135,135,135,38,54,54,80,30,30,62,78,28,39,70,70,70],"floor_reached":33,"playtime":2018,"items_purged":["Defend_R","Defend_R","Defend_R"],"score":390,"play_id":"180ffc70-0ba1-4aef-83e7-469ac63176da","local_time":"20180909000315","is_ascension_mode":true,"campfire_choices":[{"data":"Blood for Blood","floor":11,"key":"SMITH"},{"data":"Whirlwind","floor":15,"key":"SMITH"},{"data":"Brutality","floor":23,"key":"SMITH"},{"data":"Rage","floor":32,"key":"SMITH"}],"neow_cost":"NONE","seed_source_timestamp":203895219791159,"circlet_count":0,"master_deck":["Strike_R","Strike_R","Strike_R","Strike_R","Strike_R","Defend_R","Bash","Blood for Blood+1","Rage+1","Inflame","Warcry","Clash","Hemokinesis","Reaper","Iron Wave","Whirlwind+1","Brutality+1","Impatience","Rage","Clash+1","Warcry"],"relics":["Burning Blood","Meat on the Bone","Smiling Mask","Paper Frog","Runic Dome","Nloth\u0027s Gift","Nilry\u0027s Codex","Dead Branch","Ornamental Fan","Darkstone Periapt","Happy Flower"],"potions_floor_usage":[10,12,12,24,27,30],"damage_taken":[{"damage":1,"enemies":"Cultist","floor":1,"turns":3},{"damage":8,"enemies":"2 Louse","floor":3,"turns":3},{"damage":7,"enemies":"Small Slimes","floor":4,"turns":3},{"damage":5,"enemies":"Exordium Wildlife","floor":5,"turns":3},{"damage":25,"enemies":"Lagavulin","floor":6,"turns":5},{"damage":10,"enemies":"Red Slaver","floor":7,"turns":4},{"damage":15,"enemies":"3 Sentries","floor":10,"turns":7},{"damage":32,"enemies":"Lagavulin","floor":12,"turns":6},{"damage":13,"enemies":"3 Louse","floor":13,"turns":4},{"damage":36,"enemies":"The Guardian","floor":16,"turns":8},{"damage":27,"enemies":"2 Thieves","floor":18,"turns":5},{"damage":4,"enemies":"3 Byrds","floor":22,"turns":3},{"damage":34,"enemies":"Gremlin Leader","floor":24,"turns":5},{"damage":19,"enemies":"Book of Stabbing","floor":27,"turns":3},{"damage":25,"enemies":"Snake Plant","floor":28,"turns":3},{"damage":32,"enemies":"Shelled Parasite and Fungi","floor":30,"turns":4},{"damage":7,"enemies":"Gremlin Leader","floor":31,"turns":4},{"damage":60,"enemies":"Automaton","floor":33,"turns":8}],"seed_played":"-5331391171328370837","potions_obtained":[{"floor":1,"key":"GamblersBrew"},{"floor":6,"key":"Energy Potion"},{"floor":7,"key":"Block Potion"},{"floor":16,"key":"LiquidBronze"},{"floor":24,"key":"PowerPotion"},{"floor":28,"key":"Block Potion"},{"floor":31,"key":"Ancient Potion"}],"is_trial":false,"path_per_floor":["M","$","M","M","M","E","M","?","T","E","R","E","M","$","R","B",null,"M","?","?","$","M","R","E","$","T","E","M","$","M","E","R"],"character_chosen":"IRONCLAD","items_purchased":["Inflame","Warcry","Whirlwind","Impatience"],"campfire_rested":0,"item_purchase_floors":[2,2,14,21],"current_hp_per_floor":[80,80,78,77,78,59,55,75,75,66,66,49,54,54,54,36,80,69,69,53,53,61,61,64,64,64,51,44,44,37,48,48,0],"gold":70,"neow_bonus":"THREE_CARDS","is_prod":false,"is_daily":false,"chose_seed":false,"campfire_upgraded":4,"win_rate":0,"timestamp":1536447795,"path_taken":["M","?","M","M","M","E","M","?","T","E","R","E","M","$","R","BOSS","M","?","?","$","M","R","E","?","T","E","M","$","?","E","R","BOSS"],"build_version":"2018-09-06","purchased_purges":3,"victory":false,"max_hp_per_floor":[80,80,80,80,80,80,80,80,80,80,80,80,80,80,80,80,80,80,80,80,80,80,80,80,80,80,80,80,80,80,80,80,80],"card_choices":[{"not_picked":["Havoc","Body Slam"],"picked":"Blood for Blood","floor":0},{"not_picked":["Combust","Clothesline"],"picked":"Rage","floor":1},{"not_picked":["Anger","Flex"],"picked":"Clash","floor":3},{"not_picked":["Disarm","Havoc"],"picked":"Hemokinesis","floor":4},{"not_picked":["Headbutt","Inflame","True Grit"],"picked":"SKIP","floor":5},{"not_picked":["Body Slam","Infernal Blade","Ghostly Armor"],"picked":"SKIP","floor":6},{"not_picked":["Headbutt","Flame Barrier","Wild Strike"],"picked":"SKIP","floor":7},{"not_picked":["True Grit","Sword Boomerang"],"picked":"Reaper","floor":10},{"not_picked":["Feel No Pain","True Grit","Ghostly Armor"],"picked":"SKIP","floor":12},{"not_picked":["Flex","Heavy Blade"],"picked":"Iron Wave","floor":13},{"not_picked":["Exhume","Dark Embrace"],"picked":"Brutality","floor":16},{"not_picked":["Battle Trance","Thunderclap+1","Sever Soul"],"picked":"SKIP","floor":18},{"not_picked":["Perfected Strike","Entrench","Anger+1"],"picked":"SKIP","floor":22},{"not_picked":["Flame Barrier","Warcry"],"picked":"Rage","floor":24},{"not_picked":["Wild Strike","Pommel Strike+1","Battle Trance"],"picked":"SKIP","floor":27},{"not_picked":["Sever Soul","Barricade","Evolve"],"picked":"SKIP","floor":28},{"not_picked":["Rampage+1","Inflame"],"picked":"Clash+1","floor":30},{"not_picked":["Iron Wave","Anger+1"],"picked":"Warcry","floor":31}],"player_experience":281647,"relics_obtained":[{"floor":6,"key":"Meat on the Bone"},{"floor":9,"key":"Art of War"},{"floor":10,"key":"Smiling Mask"},{"floor":12,"key":"Paper Frog"},{"floor":20,"key":"Nilry\u0027s Codex"},{"floor":24,"key":"Dead Branch"},{"floor":26,"key":"Ornamental Fan"},{"floor":27,"key":"Darkstone Periapt"},{"floor":31,"key":"Happy Flower"}],"event_choices":[{"event_name":"The Cleric","player_choice":"Healed","floor":8,"damage_taken":0},{"event_name":"N\u0027loth","player_choice":"Traded a Art of War","floor":19,"damage_taken":0},{"event_name":"Cursed Tome","player_choice":"Obtained Book","floor":20,"damage_taken":0}],"is_beta":true,"boss_relics":[{"not_picked":["Snecko Eye","Fusion Hammer"],"picked":"Runic Dome"}],"items_purged_floors":[14,25,29],"is_endless":false,"potions_floor_spawned":[1,6,7,16,24,28,31],"killed_by":"Automaton","ascension_level":4}