{"gold_per_floor":[119,129,129,99,119,152,152,179,202,44,55,55,55,89,89,186,186,203,47,322,333,344,344,358,377,401,401,421,421,439,457,457,559,559,579,1578,1488,1505,1110,1110],"floor_reached":40,"playtime":1964,"items_purged":["Normality"],"score":631,"play_id":"bf13940c-ca26-44d4-9d0e-6f0500ff8892","local_time":"20190123201739","is_ascension_mode":true,"campfire_choices":[{"floor":7.0,"key":"REST"},{"data":"Decay","floor":15.0,"key":"PURGE"},{"data":"Regret","floor":23.0,"key":"PURGE"},{"floor":27.0,"key":"REST"},{"data":"Buffer","floor":32.0,"key":"SMITH"}],"neow_cost":"PERCENT_DAMAGE","seed_source_timestamp":0,"circlet_count":0,"master_deck":["Strike_B+1","Strike_B","Defend_B","Defend_B+1","Defend_B","Zap","Dualcast","Buffer+1","Sunder","Melter","Streamline+1","Conserve Battery","Echo Form","Reinforced Body","Steam","Beam Cell","Go for the Eyes","Glacier","Undo","Reboot","Reboot","Metamorphosis"],"special_seed":0,"relics":["FrozenCore","Whetstone","Dream Catcher","Blood Vial","Peace Pipe","Sozu","Regal Pillow","Orichalcum","PreservedInsect"],"potions_floor_usage":[],"damage_taken":[{"damage":0.0,"enemies":"Cultist","floor":1.0,"turns":3.0},{"damage":0.0,"enemies":"2 Louse","floor":2.0,"turns":2.0},{"damage":0.0,"enemies":"Small Slimes","floor":5.0,"turns":2.0},{"damage":20.0,"enemies":"Gremlin Nob","floor":6.0,"turns":5.0},{"damage":0.0,"enemies":"Lagavulin","floor":8.0,"turns":5.0},{"damage":8.0,"enemies":"3 Louse","floor":11.0,"turns":2.0},{"damage":10.0,"enemies":"3 Sentries","floor":14.0,"turns":5.0},{"damage":13.0,"enemies":"The Guardian","floor":16.0,"turns":12.0},{"damage":0.0,"enemies":"Chosen","floor":18.0,"turns":4.0},{"damage":24.0,"enemies":"2 Thieves","floor":21.0,"turns":4.0},{"damage":24.0,"enemies":"3 Cultists","floor":22.0,"turns":6.0},{"damage":9.0,"enemies":"Snecko","floor":24.0,"turns":5.0},{"damage":1.0,"enemies":"Chosen and Byrds","floor":25.0,"turns":7.0},{"damage":7.0,"enemies":"Shelled Parasite and Fungi","floor":28.0,"turns":7.0},{"damage":0.0,"enemies":"Cultist and Chosen","floor":30.0,"turns":7.0},{"damage":16.0,"enemies":"Snake Plant","floor":31.0,"turns":5.0},{"damage":24.0,"enemies":"Collector","floor":33.0,"turns":12.0},{"damage":28.0,"enemies":"3 Darklings","floor":35.0,"turns":6.0},{"damage":21.0,"enemies":"3 Shapes","floor":38.0,"turns":6.0},{"damage":37,"enemies":"Giant Head","floor":40,"turns":10}],"seed_played":"-5200911294245724268","potions_obtained":[{"floor":2.0,"key":"Weak Potion"},{"floor":4.0,"key":"Weak Potion"},{"floor":4.0,"key":"FairyPotion"},{"floor":6.0,"key":"Swift Potion"}],"is_trial":false,"path_per_floor":["M","M","?","?","M","E","R","E","T","$","M","?","?","E","R","B",null,"M","$","?","M","M","R","M","M","T","R","M","?","M","M","R","B",null,"M","?","?","M","$","E"],"character_chosen":"DEFECT","items_purchased":["Echo Form","Regal Pillow","PreservedInsect","Metamorphosis"],"campfire_rested":2,"item_purchase_floors":[10,19,39,39],"current_hp_per_floor":[50,50,43,43,43,23,45,45,45,45,39,39,39,31,31,20,61,63,63,63,41,19,19,12,13,13,50,45,45,47,33,33,11,59,33,33,33,14,14,0],"gold":1110,"neow_bonus":"TRANSFORM_TWO_CARDS","is_prod":false,"is_daily":false,"chose_seed":false,"campfire_upgraded":1,"win_rate":0,"timestamp":1548274659,"path_taken":["M","M","?","?","?","E","R","E","T","$","M","?","?","E","R","BOSS","M","?","?","?","M","R","M","M","T","R","M","?","M","M","R","BOSS","M","?","?","M","$","E"],"build_version":"2019-01-23","purchased_purges":1,"victory":false,"max_hp_per_floor":[75,75,75,75,75,75,75,75,75,75,75,75,75,75,75,75,75,75,75,75,75,75,75,75,75,75,75,75,75,75,75,75,75,75,75,75,75,75,75,75],"card_choices":[{"not_picked":["Turbo","Leap"],"picked":"Melter","floor":1.0},{"not_picked":["Hologram","Steam Power"],"picked":"Streamline","floor":2.0},{"not_picked":["Ball Lightning","Cold Snap","Gash"],"picked":"SKIP","floor":5.0},{"not_picked":["Steam Power","Ball Lightning","Tempest"],"picked":"SKIP","floor":6.0},{"not_picked":["Auto Shields","Coolheaded"],"picked":"Conserve Battery","floor":8.0},{"not_picked":["Turbo","Rainbow"],"picked":"Reinforced Body","floor":11.0},{"not_picked":["Barrage","Gash"],"picked":"Steam","floor":14.0},{"not_picked":["Melter","Hologram"],"picked":"Beam Cell","floor":18.0},{"not_picked":["Steam Power","Stack+1"],"picked":"Go for the Eyes","floor":21.0},{"not_picked":["Go for the Eyes+1","Steam"],"picked":"Glacier","floor":22.0},{"not_picked":["Beam Cell","Leap"],"picked":"Undo","floor":24.0},{"not_picked":["Barrage","Steam","Gash"],"picked":"SKIP","floor":25.0},{"not_picked":["Coolheaded+1","Ball Lightning","Rip and Tear"],"picked":"SKIP","floor":28.0},{"not_picked":["Steam+1","Stack"],"picked":"Reboot","floor":30.0},{"not_picked":["Leap","Beam Cell+1","Compile Driver"],"picked":"SKIP","floor":31.0},{"not_picked":["Biased Cognition","Electrodynamics"],"picked":"Reboot","floor":33.0},{"not_picked":["Reprogram","Loop","Undo"],"picked":"SKIP","floor":35.0},{"not_picked":["Streamline+1","Compile Driver+1","Coolheaded"],"picked":"SKIP","floor":38.0}],"player_experience":464277,"relics_obtained":[{"floor":6.0,"key":"Whetstone"},{"floor":8.0,"key":"Dream Catcher"},{"floor":9.0,"key":"Blood Vial"},{"floor":14.0,"key":"Peace Pipe"},{"floor":26.0,"key":"Orichalcum"}],"event_choices":[{"cards_removed":["Strike_B"],"damage_healed":0.0,"max_hp_gain":0.0,"max_hp_loss":0.0,"gold_gain":0.0,"event_name":"Golden Wing","player_choice":"Card Removal","floor":3.0,"gold_loss":0.0,"damage_taken":7.0},{"damage_healed":0.0,"max_hp_gain":0.0,"max_hp_loss":0.0,"gold_gain":0.0,"event_name":"The Woman in Blue","player_choice":"Bought 2 Potions","floor":4.0,"gold_loss":0.0,"damage_taken":0.0},{"damage_healed":0.0,"max_hp_gain":0.0,"max_hp_loss":0.0,"gold_gain":0.0,"event_name":"Liars Game","player_choice":"Ignored","floor":12.0,"gold_loss":0.0,"damage_taken":0.0},{"damage_healed":0.0,"max_hp_gain":0.0,"max_hp_loss":0.0,"gold_gain":0.0,"event_name":"Wheel of Change","player_choice":"Cursed","floor":13.0,"gold_loss":0.0,"damage_taken":0.0,"cards_obtained":["Decay"]},{"damage_healed":0.0,"max_hp_gain":0.0,"max_hp_loss":0.0,"gold_gain":275.0,"event_name":"Golden Shrine","player_choice":"Desecrate","floor":20.0,"gold_loss":0.0,"damage_taken":0.0,"cards_obtained":["Regret"]},{"damage_healed":0.0,"max_hp_gain":0.0,"max_hp_loss":0.0,"gold_gain":0.0,"event_name":"Ghosts","player_choice":"Ignored","floor":29.0,"gold_loss":0.0,"damage_taken":0.0},{"damage_healed":0.0,"max_hp_gain":0.0,"max_hp_loss":0.0,"gold_gain":999.0,"event_name":"MindBloom","player_choice":"Gold","floor":36.0,"gold_loss":0.0,"damage_taken":0.0,"cards_obtained":["Normality","Normality"]},{"cards_removed":["Normality"],"damage_healed":0.0,"max_hp_gain":0.0,"max_hp_loss":0.0,"gold_gain":0.0,"event_name":"Designer","player_choice":"Upgrade and Remove","floor":37.0,"gold_loss":90.0,"damage_taken":0.0,"cards_upgraded":["Defend_B"]}],"is_beta":true,"boss_relics":[{"not_picked":["Runic Pyramid","Astrolabe"],"picked":"Sozu"},{"not_picked":["Fusion Hammer","Black Star"],"picked":"FrozenCore"}],"items_purged_floors":[39],"is_endless":false,"potions_floor_spawned":[2,6,18,30,35,38],"killed_by":"Giant Head","ascension_level":8}