{"gold_per_floor":[111,111,128,139,156,156,187,44,68,103,121,121,133,144,144,242,242,260,271,286,303,303],"floor_reached":22,"playtime":1316,"items_purged":[],"score":232,"play_id":"2bfd08a5-06f6-44d9-96dd-27d79e6173b8","local_time":"20190202001321","is_ascension_mode":true,"campfire_choices":[{"data":"Infernal Blade","floor":6,"key":"SMITH"},{"data":"Havoc","floor":12,"key":"SMITH"},{"data":"Armaments","floor":15,"key":"SMITH"}],"neow_cost":"NONE","seed_source_timestamp":34051063078653,"circlet_count":0,"master_deck":["Strike_R","Strike_R","Strike_R","Strike_R","Defend_R","Defend_R","Defend_R","Defend_R","Bash","Barricade+1","Whirlwind","Infernal Blade+1","Headbutt","Havoc+1","Infernal Blade","Armaments+1","Reaper","Armaments","Spot Weakness","Shrug It Off","Spot Weakness+1","Twin Strike","Armaments+1"],"relics":["Burning Blood","Bag of Marbles","Art of War","Oddly Smooth Stone","Omamori","Orrery"],"potions_floor_usage":[7,10,16,20],"damage_taken":[{"damage":5,"enemies":"2 Louse","floor":1,"turns":4},{"damage":4,"enemies":"Cultist","floor":3,"turns":5},{"damage":8,"enemies":"Jaw Worm","floor":4,"turns":5},{"damage":14,"enemies":"Blue Slaver","floor":5,"turns":6},{"damage":35,"enemies":"Lagavulin","floor":7,"turns":6},{"damage":18,"enemies":"3 Sentries","floor":10,"turns":5},{"damage":0,"enemies":"2 Fungi Beasts","floor":11,"turns":3},{"damage":0,"enemies":"Exordium Wildlife","floor":13,"turns":2},{"damage":0,"enemies":"Gremlin Gang","floor":14,"turns":2},{"damage":36,"enemies":"Slime Boss","floor":16,"turns":9},{"damage":18,"enemies":"Spheric Guardian","floor":18,"turns":5},{"damage":0,"enemies":"3 Byrds","floor":19,"turns":6},{"damage":49,"enemies":"Snecko","floor":20,"turns":7},{"damage":38,"enemies":"Snake Plant","floor":21,"turns":7},{"damage":33,"enemies":"Cultist and Chosen","floor":22,"turns":5}],"seed_played":"783944608779885279","potions_obtained":[{"floor":1,"key":"LiquidBronze"},{"floor":4,"key":"Weak Potion"},{"floor":7,"key":"Ancient Potion"},{"floor":10,"key":"Poison Potion"},{"floor":18,"key":"GamblersBrew"},{"floor":19,"key":"Fire Potion"}],"is_trial":false,"path_per_floor":["M","?","M","M","M","R","E","$","T","E","M","R","M","M","R","B",null,"M","M","M","M","M"],"character_chosen":"IRONCLAD","items_purchased":["Art of War"],"campfire_rested":0,"item_purchase_floors":[8],"current_hp_per_floor":[80,80,80,78,70,70,41,41,41,29,35,35,41,47,47,17,80,76,80,48,22,0],"gold":303,"neow_bonus":"TRANSFORM_CARD","is_prod":false,"is_daily":false,"chose_seed":false,"campfire_upgraded":3,"win_rate":0,"timestamp":1549062801,"path_taken":["M","?","?","M","M","R","E","?","T","E","M","R","M","M","R","BOSS","M","M","M","M","M"],"build_version":"2019-01-23","purchased_purges":0,"victory":false,"max_hp_per_floor":[80,80,80,80,80,80,80,80,80,80,80,80,80,80,80,80,80,80,80,80,80,80],"card_choices":[{"not_picked":["Second Wind","Clash","Heavy Blade"],"picked":"SKIP","floor":1},{"not_picked":["Blood for Blood","Warcry"],"picked":"Whirlwind","floor":3},{"not_picked":["Blood for Blood","Body Slam"],"picked":"Infernal Blade","floor":4},{"not_picked":["Power Through","Sword Boomerang"],"picked":"Headbutt","floor":5},{"not_picked":["True Grit","Sword Boomerang","Clothesline"],"picked":"SKIP","floor":7},{"not_picked":["Perfected Strike","Headbutt","Battle Trance"],"picked":"SKIP","floor":10},{"not_picked":["Anger","Sentinel"],"picked":"Havoc","floor":11},{"not_picked":["Dropkick","True Grit"],"picked":"Infernal Blade","floor":13},{"not_picked":["Warcry","Iron Wave"],"picked":"Armaments","floor":14},{"not_picked":["Offering","Double Tap"],"picked":"Reaper","floor":16},{"not_picked":["Anger","Havoc"],"picked":"Armaments","floor":17},{"not_picked":["Headbutt","Iron Wave"],"picked":"Spot Weakness","floor":17},{"not_picked":["Flex","Armaments"],"picked":"Shrug It Off","floor":17},{"not_picked":["Disarm","Sword Boomerang","Iron Wave"],"picked":"SKIP","floor":18},{"not_picked":["Headbutt","Perfected Strike"],"picked":"Spot Weakness+1","floor":19},{"not_picked":["Perfected Strike+1","Immolate"],"picked":"Twin Strike","floor":20},{"not_picked":["Sentinel","Wild Strike"],"picked":"Armaments+1","floor":21}],"player_experience":166453,"relics_obtained":[{"floor":7,"key":"Bag of Marbles"},{"floor":9,"key":"Oddly Smooth Stone"},{"floor":10,"key":"Omamori"}],"event_choices":[{"damage_healed":0,"gold_gain":0,"player_choice":"Upgraded","damage_taken":0,"max_hp_gain":0,"max_hp_loss":0,"event_name":"Upgrade Shrine","floor":2,"gold_loss":0,"cards_upgraded":["Barricade"]}],"is_beta":false,"boss_relics":[{"not_picked":["Fusion Hammer","Mark of Pain"],"picked":"Orrery"}],"items_purged_floors":[],"is_endless":false,"potions_floor_spawned":[1,4,7,10,18,19],"killed_by":"Cultist and Chosen","ascension_level":3}