{"gold_per_floor":[109,79,89,101,20,20,49,49,49,67,86,115,115,115,115,212,212,228,238,238,238,264,264,264,278,347,99,132,132,162,52,52,154,154,174,274,274,23,36,71,71,106,106,155,172,197,197,214,214,214],"floor_reached":50,"playtime":3264,"items_purged":["Strike_G"],"score":891,"play_id":"275ee536-a03f-4a3e-8f2b-4c9eb55027c2","local_time":"20190212233422","is_ascension_mode":true,"campfire_choices":[{"data":"Neutralize","floor":6,"key":"SMITH"},{"data":"Night Terror","floor":8,"key":"SMITH"},{"floor":15,"key":"REST"},{"floor":24,"key":"REST"},{"data":"Glass Knife","floor":29,"key":"SMITH"},{"floor":32,"key":"REST"},{"floor":41,"key":"REST"},{"floor":49,"key":"REST"}],"neow_cost":"NONE","seed_source_timestamp":32949299080425,"circlet_count":0,"master_deck":["AscendersBane","Defend_G","Defend_G","Defend_G","Defend_G","Defend_G","Strike_G","Strike_G","Strike_G","Survivor","Neutralize+1","Night Terror+1","Dash","Well Laid Plans+1","Finisher","Crippling Poison","Backstab","Blade Dance","A Thousand Cuts+1","Glass Knife+1","Backflip","Bouncing Flask+1","Terror+1","Deadly Poison+1","Backflip+1","Caltrops+1","Noxious Fumes","Sucker Punch+1","Outmaneuver+1","Setup+1","Predator+1","Backflip+1"],"relics":["Ring of the Snake","Meat on the Bone","Omamori","Vajra","Busted Crown","MutagenicStrength","Red Mask","Toxic Egg 2","Bag of Marbles","Mercury Hourglass","Dead Branch","White Beast Statue","StoneCalendar","Mummified Hand","Orichalcum","Art of War","Molten Egg 2","Prayer Wheel","Bottled Flame"],"potions_floor_usage":[7,7,7,7,7,12,16,16,22,23,28,42,42,44,50,50,50],"damage_taken":[{"damage":0,"enemies":"2 Louse","floor":1,"turns":4},{"damage":0,"enemies":"Cultist","floor":3,"turns":4},{"damage":6,"enemies":"Jaw Worm","floor":4,"turns":4},{"damage":9,"enemies":"3 Sentries","floor":7,"turns":16},{"damage":0,"enemies":"2 Fungi Beasts","floor":10,"turns":3},{"damage":14,"enemies":"Large Slime","floor":11,"turns":6},{"damage":35,"enemies":"Lagavulin","floor":12,"turns":5},{"damage":22,"enemies":"Hexaghost","floor":16,"turns":10},{"damage":14,"enemies":"Spheric Guardian","floor":18,"turns":4},{"damage":6,"enemies":"3 Byrds","floor":19,"turns":3},{"damage":12,"enemies":"Masked Bandits","floor":22,"turns":4},{"damage":0,"enemies":"Book of Stabbing","floor":23,"turns":2},{"damage":18,"enemies":"Snake Plant","floor":25,"turns":3},{"damage":7,"enemies":"Slavers","floor":28,"turns":5},{"damage":12,"enemies":"Book of Stabbing","floor":30,"turns":3},{"damage":37,"enemies":"Automaton","floor":33,"turns":8},{"damage":0,"enemies":"3 Shapes","floor":35,"turns":3},{"damage":0,"enemies":"Mind Bloom Boss Battle","floor":36,"turns":4},{"damage":0,"enemies":"Orb Walker","floor":39,"turns":2},{"damage":36,"enemies":"Reptomancer","floor":40,"turns":6},{"damage":52,"enemies":"Giant Head","floor":42,"turns":7},{"damage":18,"enemies":"2 Orb Walkers","floor":44,"turns":3},{"damage":11,"enemies":"Sphere and 2 Shapes","floor":45,"turns":4},{"damage":9,"enemies":"Nemesis","floor":46,"turns":7},{"damage":32,"enemies":"Maw","floor":48,"turns":6},{"damage":71,"enemies":"Time Eater","floor":50,"turns":8}],"seed_played":"6096114432855836904","potions_obtained":[{"floor":1,"key":"EntropicBrew"},{"floor":2,"key":"Dexterity Potion"},{"floor":2,"key":"SmokeBomb"},{"floor":7,"key":"Fire Potion"},{"floor":12,"key":"SkillPotion"},{"floor":16,"key":"SkillPotion"},{"floor":18,"key":"Energy Potion"},{"floor":25,"key":"Energy Potion"},{"floor":35,"key":"Regen Potion"},{"floor":36,"key":"GhostInAJar"},{"floor":42,"key":"Swift Potion"},{"floor":44,"key":"LiquidBronze"},{"floor":45,"key":"FearPotion"},{"floor":46,"key":"AttackPotion"}],"is_trial":false,"path_per_floor":["M","?","M","M","$","R","E","R","T","M","M","E","?","?","R","B",null,"M","M","?","?","?","E","R","M","T","$","E","R","E","$","R","B",null,"M","?","?","$","M","E","R","E","T","?","M","E","?","M","R","B"],"character_chosen":"THE_SILENT","items_purchased":["Crippling Poison","Terror+1","Bag of Marbles","Deadly Poison+1","Noxious Fumes","Mummified Hand"],"campfire_rested":5,"item_purchase_floors":[5,27,27,27,31,38],"current_hp_per_floor":[63,63,63,57,57,57,62,62,62,62,48,25,18,4,25,15,56,42,36,36,23,23,35,57,39,39,39,44,44,44,44,66,41,67,67,67,67,67,67,43,65,38,38,32,33,36,36,16,38,0],"gold":214,"neow_bonus":"ONE_RANDOM_RARE_CARD","is_prod":false,"is_daily":false,"chose_seed":false,"campfire_upgraded":3,"win_rate":0,"timestamp":1550010862,"path_taken":["M","?","M","M","?","R","E","R","T","M","?","E","?","?","R","BOSS","M","M","?","?","?","E","R","M","T","$","E","R","E","$","R","BOSS","M","?","?","$","M","E","R","E","T","?","M","E","?","M","R","BOSS"],"build_version":"2019-01-23","purchased_purges":1,"victory":false,"max_hp_per_floor":[70,70,70,70,70,70,70,70,70,70,70,70,70,70,70,70,70,70,70,70,75,75,75,75,75,75,75,75,75,75,75,75,75,75,75,75,75,75,75,75,75,75,75,75,75,75,75,75,75,75],"card_choices":[{"not_picked":["Flying Knee","Flechettes"],"picked":"Dash","floor":1},{"not_picked":["Slice","Prepared"],"picked":"Well Laid Plans","floor":3},{"not_picked":["Eviscerate","Calculated Gamble"],"picked":"Finisher","floor":4},{"not_picked":["Prepared","Bane"],"picked":"Backstab","floor":7},{"not_picked":["Acrobatics","Masterful Stab"],"picked":"Blade Dance","floor":10},{"not_picked":["Phantasmal Killer","Underhanded Strike","Slice"],"picked":"SKIP","floor":11},{"not_picked":["Cloak And Dagger","Bane"],"picked":"A Thousand Cuts","floor":12},{"not_picked":["Burst","A Thousand Cuts"],"picked":"Glass Knife","floor":16},{"not_picked":[],"picked":"Backflip","floor":18},{"not_picked":["Sucker Punch"],"picked":"SKIP","floor":19},{"not_picked":[],"picked":"Bouncing Flask+1","floor":25},{"not_picked":[],"picked":"Backflip+1","floor":28},{"not_picked":[],"picked":"Caltrops+1","floor":30},{"not_picked":["Choke"],"picked":"SKIP","floor":35},{"not_picked":[],"picked":"Sucker Punch+1","floor":36},{"not_picked":["Finisher"],"picked":"SKIP","floor":39},{"not_picked":[],"picked":"Outmaneuver+1","floor":40},{"not_picked":[],"picked":"Setup+1","floor":42},{"not_picked":["Calculated Gamble+1"],"picked":"SKIP","floor":45},{"not_picked":["Bane+1"],"picked":"SKIP","floor":45},{"not_picked":[],"picked":"Predator+1","floor":46},{"not_picked":[],"picked":"Backflip+1","floor":48},{"not_picked":["Quick Slash+1"],"picked":"SKIP","floor":48}],"player_experience":318317,"relics_obtained":[{"floor":7,"key":"Meat on the Bone"},{"floor":9,"key":"Omamori"},{"floor":12,"key":"Vajra"},{"floor":22,"key":"Red Mask"},{"floor":26,"key":"Toxic Egg 2"},{"floor":28,"key":"Mercury Hourglass"},{"floor":30,"key":"Dead Branch"},{"floor":36,"key":"StoneCalendar"},{"floor":40,"key":"Orichalcum"},{"floor":42,"key":"Art of War"},{"floor":43,"key":"Molten Egg 2"},{"floor":44,"key":"Prayer Wheel"},{"floor":46,"key":"Bottled Flame"}],"event_choices":[{"damage_healed":0,"gold_gain":0,"player_choice":"Bought 2 Potions","damage_taken":0,"max_hp_gain":0,"max_hp_loss":0,"event_name":"The Woman in Blue","floor":2,"gold_loss":0},{"cards_removed":["Strike_G"],"damage_healed":0,"gold_gain":0,"player_choice":"Card Removal","damage_taken":7,"max_hp_gain":0,"max_hp_loss":0,"event_name":"Golden Wing","floor":13,"gold_loss":0},{"damage_healed":0,"gold_gain":0,"player_choice":"Entered Light","damage_taken":14,"max_hp_gain":0,"max_hp_loss":0,"event_name":"Shining Light","floor":14,"gold_loss":0,"cards_upgraded":["A Thousand Cuts","Well Laid Plans"]},{"damage_healed":0,"gold_gain":0,"player_choice":"Inject Mutagens","damage_taken":0,"relics_obtained":["MutagenicStrength"],"max_hp_gain":0,"max_hp_loss":0,"event_name":"Drug Dealer","floor":20,"gold_loss":0},{"damage_healed":0,"gold_gain":0,"player_choice":"Shed Blood","damage_taken":18,"max_hp_gain":5,"max_hp_loss":0,"event_name":"Forgotten Altar","floor":21,"gold_loss":0},{"damage_healed":0,"gold_gain":0,"player_choice":"Fought Bandits","damage_taken":0,"max_hp_gain":0,"max_hp_loss":0,"event_name":"Masked Bandits","floor":22,"gold_loss":0},{"damage_healed":0,"gold_gain":0,"player_choice":"Fight","damage_taken":0,"max_hp_gain":0,"max_hp_loss":0,"event_name":"MindBloom","floor":36,"gold_loss":0},{"damage_healed":0,"gold_gain":0,"player_choice":"Ignored","damage_taken":0,"max_hp_gain":0,"max_hp_loss":0,"event_name":"Tomb of Lord Red Mask","floor":37,"gold_loss":0},{"damage_healed":0,"gold_gain":0,"player_choice":"Fight","damage_taken":0,"max_hp_gain":0,"max_hp_loss":0,"event_name":"Mysterious Sphere","floor":44,"gold_loss":0},{"damage_healed":0,"gold_gain":0,"player_choice":"Leave","damage_taken":0,"max_hp_gain":0,"max_hp_loss":0,"event_name":"FaceTrader","floor":47,"gold_loss":0}],"is_beta":false,"boss_relics":[{"not_picked":["Eternal Feather","Empty Cage"],"picked":"Busted Crown"},{"not_picked":["HoveringKite","Lizard Tail"],"picked":"White Beast Statue"}],"items_purged_floors":[31],"is_endless":false,"potions_floor_spawned":[1,4,7,12,16,18,23,25,35,36,39,40,42,44,45,46,48],"killed_by":"Time Eater","ascension_level":10}