{"path_per_floor":["M","?","$","?","M","R","M","E","T","M","E"],"character_chosen":"DEFECT","items_purchased":[],"gold_per_floor":[10,10,10,10,23,23,39,77,107,120,156,156],"floor_reached":12,"campfire_rested":0,"playtime":351,"current_hp_per_floor":[73,73,73,73,71,71,68,53,53,42,9,0],"items_purged":[],"gold":156,"score":97,"play_id":"128ed8b8-5f46-4a06-8f63-c6aab991ae0a","local_time":"20180516022221","is_prod":false,"is_daily":false,"chose_seed":false,"is_ascension_mode":true,"campfire_upgraded":1,"timestamp":1526433741,"path_taken":["M","?","$","?","?","R","?","E","T","?","E","?"],"build_version":"2018-05-14v2","seed_source_timestamp":229842242183670,"purchased_purges":0,"victory":false,"master_deck":["Strike_B","Strike_B","Strike_B","Defend_B","Defend_B","Defend_B","Zap+1","Dualcast","Sunder","Regret","Injury","Storm","FTL","Rebound","Skim","Self Repair"],"max_hp_per_floor":[75,75,75,75,75,75,75,75,75,75,75,75],"relics":["Cracked Core","Blue Candle","Golden Idol","Happy Flower","Tiny Chest","Bottled Flame","Symbiotic Virus"],"card_choices":[{"not_picked":["Skim","Loop"],"picked":"Sunder","floor":1},{"not_picked":["Steam Power","Capacitor"],"picked":"Storm","floor":5},{"not_picked":["Beam Cell","Cold Snap"],"picked":"FTL","floor":7},{"not_picked":["Axe Kick","Biased Cognition"],"picked":"Rebound","floor":8},{"not_picked":["Steam","Lockon"],"picked":"Skim","floor":10},{"not_picked":["Force Field","Tempest"],"picked":"Self Repair","floor":11}],"player_experience":154053,"potions_floor_usage":[8,8,11],"damage_taken":[{"damage":2,"enemies":"Jaw Worm","floor":1,"turns":3},{"damage":2,"enemies":"2 Louse","floor":5,"turns":2},{"damage":3,"enemies":"Small Slimes","floor":7,"turns":2},{"damage":15,"enemies":"Gremlin Nob","floor":8,"turns":3},{"damage":11,"enemies":"Blue Slaver","floor":10,"turns":3},{"damage":33,"enemies":"Lagavulin","floor":11,"turns":6},{"damage":15,"enemies":"3 Sentries","floor":12,"turns":2}],"relics_obtained":[{"floor":8,"key":"Happy Flower"},{"floor":9,"key":"Tiny Chest"},{"floor":11,"key":"Bottled Flame"}],"event_choices":[{"event_name":"Big Fish","player_choice":"Box","floor":2,"damage_taken":0},{"event_name":"Golden Idol","player_choice":"Take Wound","floor":4,"damage_taken":0},{"event_name":"Dead Adventurer","player_choice":"Searched \u00272\u0027 times","floor":12,"damage_taken":0}],"boss_relics":[],"potions_floor_spawned":[1,7,10],"seed_played":"-7615942658340082974","killed_by":"3 Sentries","ascension_level":2,"potions_obtained":[{"floor":1,"key":"Energy Potion"},{"floor":7,"key":"SkillPotion"},{"floor":10,"key":"Energy Potion"}],"is_trial":false}