{"gold_per_floor":[110,130,130,148,148,186,186,186,240,256,287,306,330,661,661,790,790,803,803,828,841,855,896,896,596,596,596,616,630,63,63,63,186,249,262,277,277,56,75,95,95,119,119,142,142,158,158,158],"floor_reached":48,"playtime":5572,"items_purged":["Strike_R"],"score":528,"play_id":"3aabc2a6-236b-4951-abf0-25ce9937d012","local_time":"20190127144859","is_ascension_mode":false,"campfire_choices":[{"floor":8,"key":"REST"},{"floor":15,"key":"REST"},{"floor":24,"key":"REST"},{"floor":27,"key":"REST"},{"floor":32,"key":"REST"},{"floor":41,"key":"REST"},{"floor":45,"key":"REST"}],"neow_cost":"NONE","seed_source_timestamp":17287874476659,"circlet_count":0,"master_deck":["Strike_R+1","Strike_R+1","Strike_R+1","Defend_R+1","Defend_R+1","Defend_R+1","Defend_R+1","Bash","Shrug It Off+1","Body Slam","Bludgeon+1","Whirlwind","Combust","Cleave+1","Twin Strike","Blood for Blood","Impervious","Fire Breathing","Perfected Strike+1","Clash+1","Perfected Strike","Intimidate","Metallicize","Dual Wield","Blood for Blood","Clothesline","Inflame","Heavy Blade","Mind Blast","Limit Break","Iron Wave","Feel No Pain","Power Through","Metallicize","Impervious","Armaments+1","Heavy Blade"],"relics":["Burning Blood","Golden Idol","Lantern","Strawberry","Thread and Needle","Old Coin","Runic Cube","Shuriken","Bronze Scales","Happy Flower","Toy Ornithopter","Tiny House","Red Skull","Champion Belt"],"potions_floor_usage":[33,33,46,46],"damage_taken":[{"damage":14,"enemies":"Jaw Worm","floor":1,"turns":5},{"damage":4,"enemies":"2 Louse","floor":2,"turns":3},{"damage":6,"enemies":"Cultist","floor":4,"turns":5},{"damage":37,"enemies":"Lagavulin","floor":6,"turns":7},{"damage":0,"enemies":"3 Louse","floor":10,"turns":3},{"damage":13,"enemies":"3 Sentries","floor":11,"turns":5},{"damage":2,"enemies":"Blue Slaver","floor":12,"turns":2},{"damage":4,"enemies":"Gremlin Gang","floor":13,"turns":3},{"damage":24,"enemies":"Gremlin Nob","floor":14,"turns":5},{"damage":66,"enemies":"Hexaghost","floor":16,"turns":9},{"damage":13,"enemies":"Spheric Guardian","floor":18,"turns":5},{"damage":18,"enemies":"Shell Parasite","floor":20,"turns":5},{"damage":17,"enemies":"Snake Plant","floor":21,"turns":4},{"damage":14,"enemies":"Cultist and Chosen","floor":22,"turns":5},{"damage":49,"enemies":"Gremlin Leader","floor":23,"turns":7},{"damage":23,"enemies":"Chosen and Byrds","floor":28,"turns":5},{"damage":5,"enemies":"Snecko","floor":29,"turns":4},{"damage":58,"enemies":"Collector","floor":33,"turns":10},{"damage":6,"enemies":"Orb Walker","floor":35,"turns":3},{"damage":19,"enemies":"3 Shapes","floor":36,"turns":5},{"damage":37,"enemies":"Maw","floor":39,"turns":8},{"damage":10,"enemies":"3 Darklings","floor":40,"turns":4},{"damage":43,"enemies":"Spire Growth","floor":42,"turns":6},{"damage":18,"enemies":"Sphere and 2 Shapes","floor":44,"turns":6},{"damage":32,"enemies":"Transient","floor":46,"turns":5},{"damage":34,"enemies":"4 Shapes","floor":48,"turns":4}],"seed_played":"-8899927758388690424","potions_obtained":[{"floor":2,"key":"GamblersBrew"},{"floor":6,"key":"LiquidBronze"},{"floor":12,"key":"LiquidBronze"},{"floor":13,"key":"Fire Potion"},{"floor":18,"key":"BloodPotion"},{"floor":23,"key":"Energy Potion"},{"floor":33,"key":"FearPotion"},{"floor":34,"key":"Fire Potion"},{"floor":46,"key":"Fire Potion"}],"is_trial":false,"path_per_floor":["M","M","?","M","?","E","?","R","T","M","E","M","M","E","R","B",null,"M","?","M","M","M","E","R","$","T","R","M","M","$","?","R","B",null,"M","M","?","$","M","M","R","M","T","M","R","M","?","M"],"character_chosen":"IRONCLAD","items_purchased":["Metallicize","Dual Wield","Blood for Blood","Inflame","Happy Flower","Toy Ornithopter","Heavy Blade","Mind Blast","Red Skull","Metallicize"],"campfire_rested":7,"item_purchase_floors":[25,25,25,30,30,30,30,30,38,38],"current_hp_per_floor":[72,74,79,79,79,48,32,55,62,68,61,65,67,49,74,14,86,79,84,72,61,53,10,35,35,35,60,43,44,44,44,69,35,91,91,78,78,78,47,43,70,33,33,21,48,32,32,0],"gold":158,"neow_bonus":"REMOVE_CARD","is_prod":false,"is_daily":false,"chose_seed":false,"campfire_upgraded":0,"win_rate":0.0,"timestamp":1548622139,"path_taken":["M","M","?","M","?","E","?","R","T","M","E","M","?","E","R","BOSS","M","?","M","M","M","E","R","$","T","R","M","M","?","?","R","BOSS","M","M","?","$","M","?","R","M","T","M","R","M","?","?"],"build_version":"2019-01-23","purchased_purges":1,"victory":false,"max_hp_per_floor":[80,80,85,85,79,79,79,79,86,86,86,86,86,86,86,86,86,86,86,86,86,86,86,86,86,86,86,86,86,86,86,86,86,91,91,91,91,91,91,91,91,91,91,91,91,91,91,91],"card_choices":[{"not_picked":["Flex","Pommel Strike"],"picked":"Shrug It Off","floor":1},{"not_picked":["Twin Strike","Combust"],"picked":"Body Slam","floor":2},{"not_picked":["Thunderclap","Power Through"],"picked":"Bludgeon","floor":4},{"not_picked":["Clothesline","Anger"],"picked":"Whirlwind","floor":6},{"not_picked":["Iron Wave","Heavy Blade"],"picked":"Combust","floor":10},{"not_picked":["True Grit","Bludgeon"],"picked":"Warcry","floor":11},{"not_picked":["Rampage","Warcry"],"picked":"Cleave","floor":12},{"not_picked":["Anger","Sword Boomerang"],"picked":"Twin Strike","floor":13},{"not_picked":["Shockwave","Twin Strike"],"picked":"Blood for Blood","floor":14},{"not_picked":["Feed","Fiend Fire"],"picked":"Impervious","floor":16},{"not_picked":["Pommel Strike","Spot Weakness+1"],"picked":"Fire Breathing","floor":18},{"not_picked":["Body Slam","Rampage+1"],"picked":"Perfected Strike+1","floor":20},{"not_picked":["Hemokinesis","Dropkick"],"picked":"Clash+1","floor":21},{"not_picked":["Anger+1","True Grit"],"picked":"Perfected Strike","floor":22},{"not_picked":["Pommel Strike","Iron Wave"],"picked":"Intimidate","floor":23},{"not_picked":["Blood for Blood","Cleave","Anger"],"picked":"SKIP","floor":28},{"not_picked":["True Grit","Burning Pact+1"],"picked":"Clothesline","floor":29},{"not_picked":["Brutality","Bludgeon"],"picked":"Limit Break","floor":33},{"not_picked":["Perfected Strike","Blood for Blood"],"picked":"Iron Wave","floor":34},{"not_picked":["Anger+1","Ghostly Armor"],"picked":"Feel No Pain","floor":35},{"not_picked":["Hemokinesis+1","Clash"],"picked":"Power Through","floor":36},{"not_picked":["Feel No Pain+1","Fire Breathing","Sword Boomerang"],"picked":"SKIP","floor":39},{"not_picked":["Blood for Blood","Anger"],"picked":"Impervious","floor":40},{"not_picked":["True Grit","Ghostly Armor+1"],"picked":"Armaments+1","floor":42},{"not_picked":["Body Slam","True Grit","Hemokinesis"],"picked":"SKIP","floor":44},{"not_picked":["Spot Weakness","Shrug It Off"],"picked":"Heavy Blade","floor":46}],"player_experience":21967,"relics_obtained":[{"floor":6,"key":"Lantern"},{"floor":9,"key":"Strawberry"},{"floor":11,"key":"Thread and Needle"},{"floor":14,"key":"Old Coin"},{"floor":23,"key":"Shuriken"},{"floor":26,"key":"Bronze Scales"},{"floor":43,"key":"Champion Belt"}],"event_choices":[{"damage_healed":0,"gold_gain":0,"player_choice":"Donut","damage_taken":0,"max_hp_gain":5,"max_hp_loss":0,"event_name":"Big Fish","floor":3,"gold_loss":0},{"damage_healed":0,"gold_gain":0,"player_choice":"Lose Max HP","damage_taken":0,"relics_obtained":["Golden Idol"],"max_hp_gain":0,"max_hp_loss":6,"event_name":"Golden Idol","floor":5,"gold_loss":0},{"damage_healed":0,"gold_gain":0,"player_choice":"Entered Light","damage_taken":16,"max_hp_gain":0,"max_hp_loss":0,"event_name":"Shining Light","floor":7,"gold_loss":0,"cards_upgraded":["Bludgeon","Shrug It Off"]},{"cards_removed":["Warcry"],"damage_healed":5,"gold_gain":0,"player_choice":"Offered Common","damage_taken":0,"max_hp_gain":0,"max_hp_loss":0,"event_name":"Bonfire Elementals","floor":19,"gold_loss":0},{"cards_removed":["Warcry"],"damage_healed":5,"gold_gain":0,"player_choice":"Offered Special","damage_taken":0,"max_hp_gain":0,"max_hp_loss":0,"event_name":"Bonfire Elementals","floor":19,"gold_loss":0},{"damage_healed":0,"gold_gain":0,"player_choice":"Simplicity","damage_taken":0,"max_hp_gain":0,"max_hp_loss":0,"event_name":"Back to Basics","floor":31,"gold_loss":0,"cards_upgraded":["Strike_R","Strike_R","Strike_R","Defend_R","Defend_R","Defend_R","Defend_R"]},{"damage_healed":0,"gold_gain":0,"player_choice":"Cursed","damage_taken":0,"max_hp_gain":0,"max_hp_loss":0,"event_name":"Wheel of Change","floor":37,"gold_loss":0,"cards_obtained":["Decay"]},{"cards_removed":["Decay"],"damage_healed":0,"gold_gain":0,"player_choice":"Removed Curses","damage_taken":0,"max_hp_gain":0,"max_hp_loss":0,"event_name":"Fountain of Cleansing","floor":47,"gold_loss":0}],"is_beta":false,"boss_relics":[{"not_picked":["White Beast Statue","Eternal Feather"],"picked":"Runic Cube"},{"not_picked":["Calling Bell","Runic Dome"],"picked":"Tiny House"}],"items_purged_floors":[25],"is_endless":false,"potions_floor_spawned":[2,6,12,13,16,18,20,23,29,33,39,40,46],"killed_by":"4 Shapes","ascension_level":0}