{"path_per_floor":["M","?","M","$","M","R","E","M","T","E","?","R","$","M","R","B",null,"M","$","?","?","?"],"character_chosen":"DEFECT","items_purchased":["Capacitor","Storm","Thunder Strike"],"gold_per_floor":[116,116,136,16,31,31,57,75,75,110,110,110,28,44,44,140,140,160,3,253,253,253,253],"floor_reached":23,"campfire_rested":2,"playtime":1142,"current_hp_per_floor":[70,70,64,64,64,64,54,36,36,14,14,36,36,27,49,15,75,39,39,39,39,39,0],"items_purged":["Regret"],"gold":253,"score":232,"play_id":"ab930f28-2a4a-4b6d-9195-f496e1c618dd","local_time":"20180501212536","is_prod":false,"is_daily":false,"chose_seed":false,"is_ascension_mode":true,"campfire_upgraded":1,"timestamp":1525206336,"path_taken":["M","?","M","$","M","R","E","M","T","E","?","R","?","M","R","BOSS","M","$","?","?","?","E"],"build_version":"2018-04-30","seed_source_timestamp":260695254362629,"purchased_purges":1,"victory":false,"master_deck":["Defend_B","Defend_B","Defend_B","Defend_B","Zap","Dualcast","Skim","Capacitor","Static Discharge+1","Redo","Double Energy","Barrage","Storm","Leap","Fission","Axe Kick","Thunder Strike","Bite","Bite","Bite","Bite","Bite","White Noise"],"max_hp_per_floor":[75,75,75,75,75,75,75,75,75,75,75,75,75,75,75,75,75,75,75,75,52,52,52],"relics":["Cracked Core","Oddly Smooth Stone","Sundial","Matryoshka","Ornamental Fan","Dead Branch","Omamori","Philosopher\u0027s Stone"],"card_choices":[{"not_picked":["Barrage","Rip and Tear"],"picked":"Skim","floor":3},{"not_picked":["Impulse","Axe Kick"],"picked":"Static Discharge","floor":5},{"not_picked":["Force Field","Capacitor"],"picked":"Redo","floor":7},{"not_picked":["Gash","Axe Kick"],"picked":"Double Energy","floor":8},{"not_picked":["Hello World","Leap"],"picked":"Barrage","floor":10},{"not_picked":["Beam Cell","Turbo"],"picked":"Leap","floor":14},{"not_picked":["Hyperbeam","Biased Cognition"],"picked":"Fission","floor":16},{"not_picked":["Reprogram","Steam Power"],"picked":"Axe Kick","floor":18}],"player_experience":106632,"potions_floor_usage":[8,16,23,23],"damage_taken":[{"damage":5,"enemies":"Jaw Worm","floor":1,"turns":3},{"damage":6,"enemies":"Small Slimes","floor":3,"turns":3},{"damage":0,"enemies":"2 Louse","floor":5,"turns":3},{"damage":10,"enemies":"3 Sentries","floor":7,"turns":6},{"damage":18,"enemies":"Gremlin Gang","floor":8,"turns":2},{"damage":22,"enemies":"Gremlin Nob","floor":10,"turns":4},{"damage":9,"enemies":"Exordium Thugs","floor":14,"turns":3},{"damage":34,"enemies":"Slime Boss","floor":16,"turns":8},{"damage":36,"enemies":"2 Thieves","floor":18,"turns":4},{"damage":42,"enemies":"Slavers","floor":23,"turns":3}],"event_choices":[{"event_name":"Big Fish","player_choice":"Box","floor":2,"damage_taken":0},{"event_name":"Purifier","player_choice":"One Purge","floor":11,"damage_taken":0},{"event_name":"Golden Shrine","player_choice":"Desecrate","floor":20,"damage_taken":0},{"event_name":"Vampires","player_choice":"Became a vampire","floor":21,"damage_taken":0},{"event_name":"The Library","player_choice":"Read","floor":22,"damage_taken":0}],"boss_relics":[{"not_picked":["Runic Pyramid","Inserter"],"picked":"Philosopher\u0027s Stone"}],"potions_floor_spawned":[1,8,14,16,18],"seed_played":"-7593140333787848686","killed_by":"Slavers","ascension_level":1,"is_trial":false}