{"gold_per_floor":[118,118,64,64,78,78,253,264,264,264,264,284,303,303,303,408,408,428,353,278,297,311,311,311,311],"floor_reached":25,"playtime":743,"items_purged":["Doubt"],"score":191,"play_id":"de297bbe-f485-4e2d-8d72-fa41e4b5e355","local_time":"20190111051517","is_ascension_mode":false,"campfire_choices":[{"data":"Chaos","floor":6,"key":"SMITH"},{"data":"Zap","floor":10,"key":"SMITH"},{"data":"Loop","floor":15,"key":"SMITH"},{"data":"Redo","floor":23,"key":"SMITH"}],"neow_cost":"NONE","seed_source_timestamp":46797099191433,"circlet_count":0,"master_deck":["Strike_B","Strike_B","Defend_B","Defend_B","Defend_B+1","Defend_B+1","Zap+1","Dualcast","Cold Snap","Redo+1","Chaos+1","Sweeping Beam","Loop+1","Self Repair","Reboot","Capacitor+1"],"relics":["Cracked Core"],"potions_floor_usage":[16,18,22],"damage_taken":[{"damage":0,"enemies":"2 Louse","floor":1,"turns":2},{"damage":2,"enemies":"Small Slimes","floor":5,"turns":4},{"damage":0,"enemies":"Cultist","floor":8,"turns":3},{"damage":1,"enemies":"2 Fungi Beasts","floor":12,"turns":2},{"damage":5,"enemies":"Blue Slaver","floor":13,"turns":4},{"damage":30,"enemies":"Slime Boss","floor":16,"turns":6},{"damage":7,"enemies":"Chosen","floor":18,"turns":5},{"damage":20,"enemies":"3 Byrds","floor":21,"turns":4},{"damage":39,"enemies":"Cultist and Chosen","floor":22,"turns":7},{"damage":37,"enemies":"3 Cultists","floor":25,"turns":4}],"seed_played":"5735548839797954858","potions_obtained":[{"floor":1,"key":"Weak Potion"},{"floor":5,"key":"AttackPotion"},{"floor":18,"key":"SneckoOil"}],"is_trial":false,"path_per_floor":["M","?","$","?","M","R","?","M","T","R","T","M","M","?","R","B",null,"M","$","?","M","M","R","?","M"],"character_chosen":"DEFECT","items_purchased":["Redo"],"campfire_rested":0,"item_purchase_floors":[3],"current_hp_per_floor":[82,87,87,87,85,85,85,85,85,85,85,84,79,62,62,39,87,87,87,87,67,35,35,35,0],"gold":311,"neow_bonus":"TEN_PERCENT_HP_BONUS","is_prod":false,"is_daily":false,"chose_seed":false,"campfire_upgraded":4,"win_rate":0,"timestamp":1547183717,"path_taken":["M","?","$","?","?","R","?","M","T","R","?","M","?","?","R","BOSS","M","$","?","M","M","R","?","?"],"build_version":"2019-01-09","purchased_purges":1,"victory":false,"max_hp_per_floor":[82,87,87,87,87,87,87,87,87,87,87,87,87,87,87,87,87,87,87,87,87,87,87,87,87],"card_choices":[{"not_picked":["Double Energy","Barrage"],"picked":"Cold Snap","floor":1},{"not_picked":["Redo","Compile Driver"],"picked":"Chaos","floor":5},{"not_picked":["Redo","All For One"],"picked":"Sweeping Beam","floor":8},{"not_picked":["Steam","Steam Power"],"picked":"Loop","floor":12},{"not_picked":["Compile Driver","Beam Cell"],"picked":"Self Repair","floor":13},{"not_picked":["All For One","Hyperbeam"],"picked":"Reboot","floor":16},{"not_picked":["Beam Cell","Recycle","Steam"],"picked":"SKIP","floor":18},{"not_picked":["Rebound","Compile Driver","Storm+1"],"picked":"SKIP","floor":21},{"not_picked":["Rebound","Rip and Tear"],"picked":"Capacitor","floor":22}],"player_experience":400813,"relics_obtained":[],"event_choices":[{"damage_healed":0,"gold_gain":0,"player_choice":"Donut","damage_taken":0,"max_hp_gain":5,"max_hp_loss":0,"event_name":"Big Fish","floor":2,"gold_loss":0},{"cards_removed":["Strike_B"],"damage_healed":0,"gold_gain":0,"player_choice":"Offered Basic","damage_taken":0,"max_hp_gain":0,"max_hp_loss":0,"event_name":"Bonfire Elementals","floor":4,"gold_loss":0},{"damage_healed":0,"gold_gain":175,"player_choice":"AGREE","damage_taken":0,"max_hp_gain":0,"max_hp_loss":0,"event_name":"Liars Game","floor":7,"gold_loss":0,"cards_obtained":["Doubt"]},{"damage_healed":0,"gold_gain":0,"player_choice":"Entered Light","damage_taken":17,"max_hp_gain":0,"max_hp_loss":0,"event_name":"Shining Light","floor":14,"gold_loss":0,"cards_upgraded":["Defend_B","Defend_B"]},{"cards_removed":["Strike_B"],"damage_healed":0,"gold_gain":0,"player_choice":"Gave Gold","damage_taken":0,"max_hp_gain":0,"max_hp_loss":0,"event_name":"Beggar","floor":20,"gold_loss":75},{"damage_healed":0,"gold_gain":0,"player_choice":"Forge","damage_taken":0,"max_hp_gain":0,"max_hp_loss":0,"event_name":"Accursed Blacksmith","floor":24,"gold_loss":0,"cards_upgraded":["Capacitor"]}],"is_beta":true,"boss_relics":[{"not_picked":["Black Star","Empty Cage","Sozu"]}],"items_purged_floors":[19],"is_endless":false,"potions_floor_spawned":[1,5,18],"killed_by":"3 Cultists","ascension_level":0}