{"path_per_floor":["M","M","?","?","M","R","E","R","T","E","R","M","M","M","R","B",null,"M","?","?","M","$","R","T","R","T","?","E","M","M","E","R"],"character_chosen":"DEFECT","items_purchased":["Echo Form"],"gold_per_floor":[11,31,31,31,49,49,76,76,76,132,132,142,159,176,176,276,276,286,286,286,299,66,66,115,115,115,115,145,163,177,209,209,209],"floor_reached":33,"campfire_rested":1,"playtime":1876,"item_purchase_floors":[22],"current_hp_per_floor":[89,88,88,81,81,81,65,65,65,45,45,42,36,34,60,47,89,72,72,72,70,70,70,70,70,70,70,43,39,39,33,33,0],"items_purged":["Strike_B"],"gold":209,"score":354,"play_id":"d654a04d-636d-4611-a4f4-5667f1f9328a","local_time":"20180531204951","is_prod":false,"is_daily":false,"chose_seed":false,"is_ascension_mode":true,"campfire_upgraded":6,"win_rate":0,"timestamp":1527796191,"campfire_choices":[{"data":"Zap","floor":6,"key":"SMITH"},{"data":"Loop","floor":8,"key":"SMITH"},{"data":"Blizzard","floor":11,"key":"SMITH"},{"floor":15,"key":"REST"},{"data":"Echo Form","floor":23,"key":"SMITH"},{"data":"Redo","floor":25,"key":"SMITH"},{"data":"Redo","floor":32,"key":"SMITH"}],"path_taken":["M","M","?","?","M","R","E","R","T","E","R","M","?","M","R","BOSS","M","?","?","M","$","R","?","R","T","?","E","M","M","E","R","BOSS"],"build_version":"2018-05-30v2","seed_source_timestamp":1590785601364937,"purchased_purges":1,"victory":false,"master_deck":["Strike_B","Defend_B","Defend_B","Defend_B","Zap+1","Dualcast","Ball Lightning","Sweeping Beam","Loop+1","FTL","Blizzard+1","Cold Snap","Coolheaded","Amplify","Glacier","Hologram","Redo+1","Cold Snap","Echo Form+1","Echo Form","Redo+1"],"max_hp_per_floor":[89,89,89,89,89,89,89,89,89,89,89,89,89,89,89,89,89,89,89,89,89,89,89,89,89,89,89,89,89,89,89,89,89],"relics":["Mummified Hand","Centennial Puzzle","Tiny Chest","Orrery","Nloth\u0027s Gift","Bag of Preparation","Mercury Hourglass","Vajra","Bronze Scales"],"card_choices":[{"not_picked":["Coolheaded","Conserve Battery"],"picked":"Ball Lightning","floor":1},{"not_picked":["Melter","Compile Driver","Hello World"],"picked":"SKIP","floor":2},{"not_picked":["Storm","Compile Driver"],"picked":"Loop","floor":5},{"not_picked":["Gash","Hello World"],"picked":"FTL","floor":7},{"not_picked":["Beam Cell","Leap"],"picked":"Blizzard","floor":10},{"not_picked":["Steam","Multi-Cast"],"picked":"Cold Snap","floor":12},{"not_picked":["Conserve Battery","Go for the Eyes"],"picked":"Coolheaded","floor":13},{"not_picked":["Streamline","Rebound","Ball Lightning"],"picked":"SKIP","floor":14},{"not_picked":["Meteor Strike","Creative AI"],"picked":"Amplify","floor":16},{"not_picked":["Melter","Leap"],"picked":"Glacier","floor":17},{"not_picked":["Reprogram","Genetic Algorithm"],"picked":"Hologram","floor":17},{"not_picked":["Go for the Eyes","Conserve Battery+1"],"picked":"Redo","floor":18},{"not_picked":["Barrage","Leap"],"picked":"Cold Snap","floor":21},{"not_picked":["Amplify","Streamline"],"picked":"Echo Form","floor":28},{"not_picked":["Meteor Strike","Leap","Turbo"],"picked":"SKIP","floor":29},{"not_picked":["Lockon+1","Recycle","Undo+1"],"picked":"SKIP","floor":30},{"not_picked":["Ball Lightning","Meteor Strike"],"picked":"Redo","floor":31}],"player_experience":224746,"potions_floor_usage":[13,28,30,31,33],"damage_taken":[{"damage":0,"enemies":"2 Louse","floor":1,"turns":2},{"damage":1,"enemies":"Cultist","floor":2,"turns":3},{"damage":0,"enemies":"Small Slimes","floor":5,"turns":2},{"damage":16,"enemies":"3 Sentries","floor":7,"turns":5},{"damage":20,"enemies":"Lagavulin","floor":10,"turns":5},{"damage":3,"enemies":"Blue Slaver","floor":12,"turns":2},{"damage":6,"enemies":"Exordium Thugs","floor":13,"turns":3},{"damage":2,"enemies":"Exordium Wildlife","floor":14,"turns":2},{"damage":13,"enemies":"The Guardian","floor":16,"turns":10},{"damage":17,"enemies":"Chosen","floor":18,"turns":5},{"damage":2,"enemies":"Shell Parasite","floor":21,"turns":9},{"damage":27,"enemies":"Book of Stabbing","floor":28,"turns":6},{"damage":4,"enemies":"Cultist and Chosen","floor":29,"turns":6},{"damage":0,"enemies":"Centurion and Healer","floor":30,"turns":5},{"damage":6,"enemies":"Gremlin Leader","floor":31,"turns":7},{"damage":45,"enemies":"Collector","floor":33,"turns":5}],"relics_obtained":[{"floor":7,"key":"Mummified Hand"},{"floor":9,"key":"Centennial Puzzle"},{"floor":10,"key":"Tiny Chest"},{"floor":24,"key":"Bag of Preparation"},{"floor":26,"key":"Mercury Hourglass"},{"floor":28,"key":"Vajra"},{"floor":31,"key":"Bronze Scales"}],"event_choices":[{"event_name":"Transmorgrifier","player_choice":"Transform","floor":3,"damage_taken":0},{"event_name":"Golden Wing","player_choice":"Card Removal","floor":4,"damage_taken":0},{"event_name":"N\u0027loth","player_choice":"Traded a Cracked Core","floor":19,"damage_taken":0},{"event_name":"Back to Basics","player_choice":"Elegance","floor":20,"damage_taken":0},{"event_name":"Vampires","player_choice":"Ignored","floor":27,"damage_taken":0}],"boss_relics":[{"not_picked":["Sozu","Pandora\u0027s Box"],"picked":"Orrery"}],"items_purged_floors":[22],"potions_floor_spawned":[1,10,14,16,18,30,31],"seed_played":"-2751800128642642694","killed_by":"Collector","ascension_level":4,"potions_obtained":[{"floor":1,"key":"Block Potion"},{"floor":10,"key":"SkillPotion"},{"floor":14,"key":"SkillPotion"},{"floor":16,"key":"SneckoOil"},{"floor":18,"key":"SkillPotion"},{"floor":30,"key":"Energy Potion"},{"floor":31,"key":"LiquidBronze"}],"is_trial":false}