{"gold_per_floor":[115,115,125,125,149,184,225,256,256,300,331,374,407,442,442,531,594,607,607,632,499,399,399],"floor_reached":23,"playtime":908,"items_purged":["Rebound","Clothesline"],"score":910,"play_id":"3e85e042-867d-4f4f-8ea2-308cc8af4f6d","local_time":"20190124042341","daily_mods":["SealedDeck","Diverse","Colorless Cards","Heirloom","Time Dilation","Flight","DeadlyEvents","Elite Swarm"],"is_ascension_mode":true,"campfire_choices":[{"data":"Trip","floor":15,"key":"SMITH"}],"neow_cost":"","seed_source_timestamp":1164456847318216,"circlet_count":0,"master_deck":["AscendersBane","Auto Shields","Sever Soul","Trip+1","Force Field","Tempest","Leg Sweep","Flame Barrier","Enlightenment+1","Hyperbeam","Night Terror","Buffer","Fiend Fire","Fiend Fire","Battle Trance","Warcry"],"relics":["Snecko Eye","Ginger","Golden Idol","Question Card","Singing Bowl","Kunai","Symbiotic Virus","Bronze Scales","Bag of Preparation","Boot","StoneCalendar","Bag of Marbles","Tiny House"],"potions_floor_usage":[10,10,23],"damage_taken":[{"damage":0,"enemies":"Cultist","floor":1,"turns":3},{"damage":0,"enemies":"2 Louse","floor":3,"turns":2},{"damage":0,"enemies":"Small Slimes","floor":5,"turns":2},{"damage":0,"enemies":"3 Sentries","floor":6,"turns":8},{"damage":0,"enemies":"Lagavulin","floor":7,"turns":4},{"damage":0,"enemies":"3 Sentries","floor":8,"turns":3},{"damage":0,"enemies":"Gremlin Nob","floor":10,"turns":3},{"damage":0,"enemies":"Lagavulin","floor":11,"turns":5},{"damage":0,"enemies":"Gremlin Nob","floor":12,"turns":2},{"damage":0,"enemies":"Lagavulin","floor":13,"turns":1},{"damage":0,"enemies":"Gremlin Nob","floor":14,"turns":2},{"damage":53,"enemies":"The Guardian","floor":16,"turns":7},{"damage":0,"enemies":"Chosen","floor":18,"turns":4},{"damage":11,"enemies":"2 Thieves","floor":20,"turns":2},{"damage":33,"enemies":"Gremlin Leader","floor":23,"turns":3}],"seed_played":"23618062496","potions_obtained":[{"floor":1,"key":"Weak Potion"},{"floor":6,"key":"Swift Potion"},{"floor":16,"key":"LiquidBronze"},{"floor":17,"key":"Swift Potion"}],"is_trial":true,"path_per_floor":["M","?","M","?","M","E","E","E","T","E","E","E","E","E","R","B",null,"M","?","M","$","$","E"],"character_chosen":"DEFECT","items_purchased":["Warcry"],"campfire_rested":0,"item_purchase_floors":[21],"current_hp_per_floor":[64,69,69,69,69,69,69,69,69,71,73,73,75,77,77,24,69,71,71,62,62,62,29],"gold":399,"neow_bonus":"","is_prod":false,"is_daily":false,"chose_seed":true,"campfire_upgraded":1,"win_rate":0,"timestamp":1548303821,"path_taken":["M","?","M","?","M","E","E","E","T","E","E","E","E","E","R","BOSS","M","?","?","?","$","E"],"build_version":"2019-01-23","purchased_purges":2,"victory":false,"max_hp_per_floor":[71,76,76,69,69,69,69,69,69,71,73,73,75,77,77,77,82,84,84,86,86,86,86],"card_choices":[{"not_picked":["Bane","Coolheaded","Barrage"],"picked":"SKIP","floor":1},{"not_picked":["Impatience","Blade Dance","PiercingWail"],"picked":"SKIP","floor":3},{"not_picked":["Gash","Dodge and Roll","PiercingWail"],"picked":"SKIP","floor":5},{"not_picked":["Limit Break","Burst"],"picked":"Hyperbeam","floor":6},{"not_picked":["Echo Form","The Bomb","Phantasmal Killer"],"picked":"Night Terror","floor":7},{"not_picked":["Amplify","Demon Form","Electrodynamics"],"picked":"Buffer","floor":8},{"not_picked":["Metamorphosis","Unload","Panache","Feed"],"picked":"Singing Bowl","floor":10},{"not_picked":["Electrodynamics","Amplify","Barricade","HandOfGreed"],"picked":"Singing Bowl","floor":11},{"not_picked":["Core Surge","Magnetism","HandOfGreed"],"picked":"Fiend Fire","floor":12},{"not_picked":["Unload","Reaper","Fission","Phantasmal Killer"],"picked":"Singing Bowl","floor":13},{"not_picked":["Reboot","Secret Weapon","Core Surge","Mayhem"],"picked":"Singing Bowl","floor":14},{"not_picked":["Master of Strategy","Brutality","Limit Break"],"picked":"Fiend Fire","floor":16},{"not_picked":["Clash","Sweeping Beam","Dagger Throw"],"picked":"Battle Trance","floor":17},{"not_picked":["Scrape","Skim","Bane","Iron Wave+1"],"picked":"Singing Bowl","floor":18},{"not_picked":["Slice","Redo","Steam","Flex"],"picked":"Singing Bowl","floor":20}],"player_experience":472127,"relics_obtained":[{"floor":6,"key":"Question Card"},{"floor":7,"key":"Singing Bowl"},{"floor":8,"key":"Kunai"},{"floor":9,"key":"Symbiotic Virus"},{"floor":10,"key":"Bronze Scales"},{"floor":11,"key":"Bag of Preparation"},{"floor":12,"key":"Boot"},{"floor":13,"key":"StoneCalendar"},{"floor":14,"key":"Bag of Marbles"}],"event_choices":[{"damage_healed":0,"gold_gain":0,"player_choice":"Donut","damage_taken":0,"max_hp_gain":5,"max_hp_loss":0,"event_name":"Big Fish","floor":2,"gold_loss":0},{"damage_healed":0,"gold_gain":0,"player_choice":"Lose Max HP","damage_taken":0,"relics_obtained":["Golden Idol"],"max_hp_gain":0,"max_hp_loss":7,"event_name":"Golden Idol","floor":4,"gold_loss":0},{"damage_healed":0,"gold_gain":0,"player_choice":"Ignored","damage_taken":0,"max_hp_gain":0,"max_hp_loss":0,"event_name":"Vampires","floor":19,"gold_loss":0}],"is_beta":true,"boss_relics":[{"not_picked":["Philosopher\u0027s Stone","Busted Crown"],"picked":"Tiny House"}],"items_purged_floors":[21,22],"is_endless":false,"potions_floor_spawned":[1,6,7,8,16,18,20],"killed_by":"Gremlin Leader","ascension_level":20}