{"gold_per_floor":[10,185,205,205,205,205,224,28,28,62,62,76,96,109,109,213,213,229,229,29,41,41,41,0,18,18,18,18,18,33,53,53,156,156,170,183,194,98,111,111,137,155,155,155,155,155,18,77,77,77],"floor_reached":50,"playtime":4531,"items_purged":["Regret","Shame","Doubt"],"score":753,"play_id":"24ce966e-924f-4209-aa75-fe97a73b0b95","local_time":"20181110203223","is_ascension_mode":true,"campfire_choices":[{"data":"Zap","floor":6.0,"key":"SMITH"},{"floor":15.0,"key":"REST"},{"data":"Redo","floor":23.0,"key":"SMITH"},{"floor":27.0,"key":"REST"},{"floor":32.0,"key":"REST"},{"floor":40.0,"key":"REST"},{"floor":44.0,"key":"REST"},{"data":"Dualcast","floor":49.0,"key":"SMITH"}],"neow_cost":"NO_GOLD","seed_source_timestamp":0,"circlet_count":0,"master_deck":["Strike_B+1","Defend_B","Defend_B+1","Defend_B","Zap+1","Dualcast+1","Skim","Undo+1","Loop+1","Storm+1","Defragment","Buffer+1","Cold Snap+1","Machine Learning+1","Redo+1","Creative AI+1","Reprogram","Rip and Tear+1","Buffer+1","Defragment+1","Enlightenment","Parasite","Lockon+1","Capacitor+1","Core Surge+1"],"special_seed":0,"relics":["Cracked Core","Molten Egg 2","Frozen Egg 2","War Paint","Inserter","Membership Card","Potion Belt","Mercury Hourglass","Black Star","Ancient Tea Set","Boot","Incense Burner","Tiny Chest","Whetstone"],"potions_floor_usage":[50],"damage_taken":[{"damage":1.0,"enemies":"2 Louse","floor":1.0,"turns":2.0},{"damage":1.0,"enemies":"Small Slimes","floor":3.0,"turns":4.0},{"damage":5.0,"enemies":"Cultist","floor":7.0,"turns":3.0},{"damage":0.0,"enemies":"Lagavulin","floor":10.0,"turns":5.0},{"damage":8.0,"enemies":"Blue Slaver","floor":12.0,"turns":3.0},{"damage":0.0,"enemies":"2 Fungi Beasts","floor":13.0,"turns":3.0},{"damage":7.0,"enemies":"Large Slime","floor":14.0,"turns":4.0},{"damage":9.0,"enemies":"The Guardian","floor":16.0,"turns":9.0},{"damage":7.0,"enemies":"Chosen","floor":18.0,"turns":5.0},{"damage":17.0,"enemies":"Spheric Guardian","floor":21.0,"turns":4.0},{"damage":38.0,"enemies":"Shelled Parasite and Fungi","floor":25.0,"turns":5.0},{"damage":9.0,"enemies":"Centurion and Healer","floor":30.0,"turns":7.0},{"damage":0.0,"enemies":"Snecko","floor":31.0,"turns":6.0},{"damage":0.0,"enemies":"Champ","floor":33.0,"turns":9.0},{"damage":24.0,"enemies":"3 Darklings","floor":35.0,"turns":5.0},{"damage":3.0,"enemies":"3 Shapes","floor":36.0,"turns":5.0},{"damage":0.0,"enemies":"Transient","floor":37.0,"turns":5.0},{"damage":30.0,"enemies":"Writhing Mass","floor":39.0,"turns":6.0},{"damage":26.0,"enemies":"Nemesis","floor":41.0,"turns":7.0},{"damage":13.0,"enemies":"Maw","floor":42.0,"turns":6.0},{"damage":0.0,"enemies":"Giant Head","floor":48.0,"turns":7.0},{"damage":76,"enemies":"Donu and Deca","floor":50,"turns":6}],"seed_played":"-393692011542929343","potions_obtained":[{"floor":1.0,"key":"Dexterity Potion"},{"floor":12.0,"key":"LiquidBronze"},{"floor":13.0,"key":"EssenceOfSteel"},{"floor":14.0,"key":"Ancient Potion"},{"floor":25.0,"key":"Strength Potion"},{"floor":30.0,"key":"Regen Potion"},{"floor":33.0,"key":"Swift Potion"},{"floor":36.0,"key":"PowerPotion"},{"floor":37.0,"key":"Regen Potion"},{"floor":42.0,"key":"Energy Potion"},{"floor":48.0,"key":"SteroidPotion"}],"is_trial":false,"path_per_floor":["M","?","M","?","?","R","M","$","T","E","?","M","M","M","R","B",null,"M","?","$","M","?","R","?","M","T","R","?","$","M","M","R","B",null,"M","M","M","$","M","R","E","M","T","R","?","?","$","E","R","B"],"character_chosen":"DEFECT","items_purchased":["Buffer","Cold Snap+1","Membership Card","Enlightenment","Lockon+1","Capacitor+1"],"campfire_rested":5,"item_purchase_floors":[8,8,20,38,47,47],"current_hp_per_floor":[74,74,73,73,58,58,53,53,53,53,53,45,45,38,60,51,69,62,62,62,45,45,45,45,7,7,29,29,29,20,20,42,57,71,47,44,44,44,14,36,25,12,12,34,34,66,66,66,66,0],"gold":77,"neow_bonus":"TRANSFORM_TWO_CARDS","is_prod":false,"is_daily":false,"chose_seed":false,"campfire_upgraded":3,"win_rate":0,"timestamp":1541881943,"path_taken":["M","?","M","?","?","R","M","$","T","E","?","M","?","M","R","BOSS","M","?","$","M","?","R","?","M","T","R","?","$","M","?","R","BOSS","M","M","M","$","?","R","E","M","T","R","?","?","$","E","R","BOSS"],"build_version":"2018-11-08","purchased_purges":3,"victory":false,"max_hp_per_floor":[75,75,75,75,75,75,75,75,75,75,75,75,75,75,75,75,75,75,75,75,75,75,75,75,75,75,75,75,75,75,75,75,75,75,75,75,75,75,75,75,75,75,75,75,75,66,66,66,66,66],"card_choices":[{"not_picked":["Turbo","Sweeping Beam"],"picked":"Loop","floor":1.0},{"not_picked":["Compile Driver","Gash"],"picked":"Storm","floor":3.0},{"not_picked":["BootSequence","Redo"],"picked":"Defragment","floor":7.0},{"not_picked":["Genetic Algorithm","Rip and Tear+1","Streamline+1"],"picked":"SKIP","floor":10.0},{"not_picked":["Genetic Algorithm","Rip and Tear+1","Streamline+1"],"picked":"SKIP","floor":10.0},{"not_picked":["Hologram","Gash+1"],"picked":"Machine Learning+1","floor":12.0},{"not_picked":["Reinforced Body","Coolheaded","Barrage+1"],"picked":"SKIP","floor":13.0},{"not_picked":["Turbo","Sunder+1"],"picked":"Redo","floor":14.0},{"not_picked":["Electrodynamics+1","Amplify"],"picked":"Creative AI+1","floor":16.0},{"not_picked":["Beam Cell+1","Capacitor+1","Auto Shields"],"picked":"SKIP","floor":18.0},{"not_picked":["Turbo","Melter+1","Streamline+1"],"picked":"SKIP","floor":21.0},{"not_picked":["Redo","Sweeping Beam+1","Go for the Eyes+1"],"picked":"SKIP","floor":25.0},{"not_picked":["Turbo","Hologram","Cold Snap+1"],"picked":"SKIP","floor":30.0},{"not_picked":["Turbo","Go for the Eyes+1","Compile Driver+1"],"picked":"SKIP","floor":31.0},{"not_picked":["Rebound+1","Turbo+1","Redo+1"],"picked":"SKIP","floor":35.0},{"not_picked":["Stack+1","Cold Snap+1"],"picked":"Defragment+1","floor":36.0},{"not_picked":["Hologram","Aggregate","Capacitor+1"],"picked":"SKIP","floor":37.0},{"not_picked":["Blizzard+1","All For One+1","Sweeping Beam+1"],"picked":"SKIP","floor":39.0},{"not_picked":["Leap+1","Barrage+1","Beam Cell+1"],"picked":"SKIP","floor":41.0},{"not_picked":["Cold Snap+1","Steam","Redo"],"picked":"SKIP","floor":42.0},{"not_picked":["Auto Shields+1","Beam Cell+1"],"picked":"Core Surge+1","floor":48.0}],"player_experience":296492,"relics_obtained":[{"floor":9.0,"key":"Frozen Egg 2"},{"floor":10.0,"key":"War Paint"},{"floor":26.0,"key":"Mercury Hourglass"},{"floor":41.0,"key":"Ancient Tea Set"},{"floor":41.0,"key":"Boot"},{"floor":43.0,"key":"Incense Burner"},{"floor":48.0,"key":"Tiny Chest"},{"floor":48.0,"key":"Whetstone"}],"event_choices":[{"damage_healed":0.0,"max_hp_gain":0.0,"max_hp_loss":0.0,"gold_gain":175.0,"event_name":"Liars Game","player_choice":"AGREE","floor":2.0,"gold_loss":0.0,"damage_taken":0.0,"cards_obtained":["Doubt"]},{"damage_healed":0.0,"max_hp_gain":0.0,"max_hp_loss":0.0,"gold_gain":0.0,"event_name":"Big Fish","player_choice":"Box","floor":4.0,"gold_loss":0.0,"damage_taken":0.0,"relics_obtained":["Molten Egg 2"],"cards_obtained":["Regret"]},{"damage_healed":0.0,"max_hp_gain":0.0,"max_hp_loss":0.0,"gold_gain":0.0,"event_name":"Shining Light","player_choice":"Entered Light","floor":5.0,"gold_loss":0.0,"damage_taken":15.0,"cards_upgraded":["Storm","Loop"]},{"damage_healed":0.0,"max_hp_gain":0.0,"max_hp_loss":0.0,"gold_gain":0.0,"event_name":"Accursed Blacksmith","player_choice":"Forge","floor":11.0,"gold_loss":0.0,"damage_taken":0.0,"cards_upgraded":["Buffer"]},{"damage_healed":0.0,"max_hp_gain":0.0,"max_hp_loss":0.0,"gold_gain":0.0,"cards_transformed":["Defend_B","Strike_B"],"event_name":"Drug Dealer","player_choice":"Became Test Subject","floor":19.0,"gold_loss":0.0,"damage_taken":0.0,"cards_obtained":["Reprogram","Rip and Tear"]},{"damage_healed":0.0,"max_hp_gain":0.0,"max_hp_loss":0.0,"gold_gain":0.0,"event_name":"Addict","player_choice":"Stole Relic","floor":22.0,"gold_loss":0.0,"damage_taken":0.0,"relics_obtained":["Potion Belt"],"cards_obtained":["Shame"]},{"damage_healed":0.0,"max_hp_gain":0.0,"max_hp_loss":0.0,"gold_gain":0.0,"event_name":"Masked Bandits","player_choice":"Paid Fearfully","floor":24.0,"gold_loss":41.0,"damage_taken":0.0},{"damage_healed":0.0,"max_hp_gain":0.0,"max_hp_loss":0.0,"gold_gain":0.0,"event_name":"Duplicator","player_choice":"Copied","floor":28.0,"gold_loss":0.0,"damage_taken":0.0,"cards_obtained":["Buffer"]},{"damage_healed":0.0,"max_hp_gain":0.0,"max_hp_loss":0.0,"gold_gain":0.0,"event_name":"Tomb of Lord Red Mask","player_choice":"Ignored","floor":45.0,"gold_loss":0.0,"damage_taken":0.0},{"damage_healed":66.0,"max_hp_gain":0.0,"max_hp_loss":9.0,"gold_gain":0.0,"event_name":"The Moai Head","player_choice":"Heal","floor":46.0,"gold_loss":0.0,"damage_taken":0.0}],"is_beta":true,"boss_relics":[{"not_picked":["Velvet Choker","FrozenCore"],"picked":"Inserter"},{"not_picked":["Eternal Feather","Pandora\u0027s Box"],"picked":"Black Star"}],"items_purged_floors":[8,38,47],"is_endless":false,"potions_floor_spawned":[1,12,13,14,25,30,33,36,37,42,48],"killed_by":"Donu and Deca","ascension_level":5}