{"gold_per_floor":[115,115,130,130,148,179,179,207,207,221,117,137,154,182,182,277,277,296,296,296,313,333,333,333,345,399,57,69,87,186,200,200,303,303,314,314,129,0,0,25,25,25,25,55,71,71,71,84,84,84],"floor_reached":51,"playtime":4193,"items_purged":["Decay"],"score":811,"play_id":"1bc24e94-8bff-4523-a39d-ae3b23c0bcb4","local_time":"20190204102831","is_ascension_mode":true,"campfire_choices":[{"floor":7.0,"key":"REST"},{"floor":15.0,"key":"REST"},{"floor":23.0,"key":"REST"},{"floor":32,"key":"REST"},{"floor":42,"key":"REST"},{"floor":49,"key":"REST"}],"neow_cost":"NONE","seed_source_timestamp":0,"circlet_count":0,"master_deck":["Strike_B+1","Strike_B+1","Strike_B+1","Strike_B+1","Defend_B+1","Defend_B+1","Defend_B+1","Zap","Dualcast","Echo Form+1","Defragment","Reinforced Body","Cold Snap+1","Compile Driver","Loop","Sunder","Doom and Gloom","Stack","Gash","Fusion","Electrodynamics","Coolheaded+1","Consume","Genetic Algorithm+1","Steam Power+1","Lockon+1","Seek","FTL","Core Surge+1","Tempest","Doubt"],"special_seed":0,"relics":["Cracked Core","The Courier","Mercury Hourglass","Singing Bowl","Question Card","Sozu","Pen Nib","Vajra","OrangePellets","Busted Crown","Juzu Bracelet","Red Mask","Regal Pillow","Bottled Lightning","Whetstone"],"potions_floor_usage":[],"damage_taken":[{"damage":6.0,"enemies":"2 Louse","floor":1.0,"turns":4.0},{"damage":6.0,"enemies":"Jaw Worm","floor":3.0,"turns":4.0},{"damage":6.0,"enemies":"Cultist","floor":5.0,"turns":4.0},{"damage":30.0,"enemies":"3 Sentries","floor":6.0,"turns":9.0},{"damage":10.0,"enemies":"Gremlin Nob","floor":8.0,"turns":4.0},{"damage":8.0,"enemies":"3 Louse","floor":10.0,"turns":2.0},{"damage":0.0,"enemies":"2 Fungi Beasts","floor":12.0,"turns":2.0},{"damage":16.0,"enemies":"Exordium Thugs","floor":13.0,"turns":3.0},{"damage":7.0,"enemies":"Lagavulin","floor":14.0,"turns":5.0},{"damage":16.0,"enemies":"Slime Boss","floor":16.0,"turns":7.0},{"damage":23.0,"enemies":"3 Byrds","floor":18.0,"turns":3.0},{"damage":25.0,"enemies":"2 Thieves","floor":21.0,"turns":4.0},{"damage":3.0,"enemies":"Snecko","floor":22.0,"turns":4.0},{"damage":20,"enemies":"Sentry and Sphere","floor":25,"turns":4},{"damage":17,"enemies":"Centurion and Healer","floor":28,"turns":7},{"damage":13,"enemies":"Snake Plant","floor":29,"turns":3},{"damage":0,"enemies":"Snecko","floor":31,"turns":5},{"damage":27,"enemies":"Champ","floor":33,"turns":15},{"damage":10,"enemies":"Orb Walker","floor":35,"turns":2},{"damage":43,"enemies":"Nemesis","floor":40,"turns":5},{"damage":18,"enemies":"Reptomancer","floor":44,"turns":5},{"damage":14,"enemies":"3 Darklings","floor":45,"turns":3},{"damage":12,"enemies":"Transient","floor":48,"turns":5},{"damage":71,"enemies":"Donu and Deca","floor":50,"turns":12}],"seed_played":"5947652175987394713","potions_obtained":[{"floor":1.0,"key":"AttackPotion"},{"floor":3.0,"key":"Ancient Potion"},{"floor":6.0,"key":"Poison Potion"}],"is_trial":false,"path_per_floor":["M","?","M","?","M","E","R","E","T","M","$","M","M","E","R","B",null,"M","?","?","M","M","R","?","M","T","$","M","M","?","M","R","B",null,"M","?","$","?","?","E","?","R","T","E","M","?","?","M","R","B",null],"character_chosen":"DEFECT","items_purchased":["Doom and Gloom","Stack","Vajra","OrangePellets","Juzu Bracelet","Core Surge"],"campfire_rested":6,"item_purchase_floors":[11,11,27,27,37,37],"current_hp_per_floor":[69,69,63,63,57,27,49,39,39,31,31,33,17,10,33,17,77,54,54,54,29,26,49,49,29,29,29,14,3,3,5,29,2,83,73,73,73,73,73,32,32,72,72,54,42,42,87,77,89,18],"gold":84,"neow_bonus":"ONE_RANDOM_RARE_CARD","is_prod":false,"is_daily":false,"chose_seed":false,"campfire_upgraded":0,"win_rate":0,"timestamp":1549297711,"path_taken":["M","?","M","?","M","E","R","E","T","M","$","?","M","E","R","BOSS","M","?","?","M","?","R","?","M","T","$","M","M","?","M","R","BOSS","M","?","$","?","?","E","?","R","T","E","M","?","?","M","R","BOSS"],"build_version":"2019-01-23","purchased_purges":1,"victory":true,"max_hp_per_floor":[75,75,75,75,75,75,75,75,75,75,75,77,77,77,77,77,77,77,77,77,77,77,77,77,77,77,77,79,81,81,83,83,83,83,83,83,83,83,83,85,85,85,85,85,87,87,87,89,89,89],"card_choices":[{"not_picked":["Reprogram","Gash"],"picked":"Defragment","floor":1.0},{"not_picked":["Aggregate","Blizzard"],"picked":"Reinforced Body","floor":3.0},{"not_picked":["Go for the Eyes","Rebound"],"picked":"Cold Snap","floor":5.0},{"not_picked":["FTL","Storm"],"picked":"Compile Driver","floor":6.0},{"not_picked":["Self Repair","Stack"],"picked":"Loop","floor":8.0},{"not_picked":["Rebound","Chill"],"picked":"Sunder","floor":10.0},{"not_picked":["Rip and Tear","Cold Snap","Stack"],"picked":"Singing Bowl","floor":12.0},{"not_picked":["Coolheaded","Capacitor"],"picked":"Gash","floor":13.0},{"not_picked":["Barrage","Redo"],"picked":"Fusion","floor":14.0},{"not_picked":["Meteor Strike","Thunder Strike","Hyperbeam"],"picked":"Electrodynamics","floor":16.0},{"not_picked":["Stack+1","Steam+1","Hologram+1"],"picked":"Coolheaded+1","floor":18.0},{"not_picked":["Rip and Tear+1","Skim","Leap+1"],"picked":"Genetic Algorithm+1","floor":21.0},{"not_picked":["Auto Shields","Go for the Eyes","Heatsinks+1"],"picked":"Steam Power+1","floor":22.0},{"not_picked":["Cold Snap","Gash","Turbo+1"],"picked":"Lockon+1","floor":25},{"not_picked":["Cold Snap","Aggregate+1","Reinforced Body","Steam Power+1"],"picked":"Singing Bowl","floor":28},{"not_picked":["Cold Snap","Consume","Darkness","Blizzard"],"picked":"Singing Bowl","floor":29},{"not_picked":["Leap","Redo","Barrage","Stack"],"picked":"Singing Bowl","floor":31},{"not_picked":["Amplify","Meteor Strike","Rainbow"],"picked":"Seek","floor":33},{"not_picked":["Turbo"],"picked":"FTL","floor":35},{"not_picked":["Gash","Conserve Battery+1"],"picked":"Singing Bowl","floor":40},{"not_picked":["Fission"],"picked":"Tempest","floor":44},{"not_picked":["Conserve Battery+1","Hello World"],"picked":"Singing Bowl","floor":45},{"not_picked":["Hologram+1","Tempest"],"picked":"Singing Bowl","floor":48}],"player_experience":90979,"relics_obtained":[{"floor":6.0,"key":"The Courier"},{"floor":8.0,"key":"Mercury Hourglass"},{"floor":9.0,"key":"Singing Bowl"},{"floor":14.0,"key":"Question Card"},{"floor":26,"key":"Pen Nib"},{"floor":40,"key":"Regal Pillow"},{"floor":43,"key":"Bottled Lightning"},{"floor":44,"key":"Whetstone"}],"event_choices":[{"damage_healed":0.0,"max_hp_gain":0.0,"max_hp_loss":0.0,"gold_gain":0.0,"event_name":"Living Wall","player_choice":"Grow","floor":2.0,"gold_loss":0.0,"damage_taken":0.0,"cards_upgraded":["Echo Form"]},{"damage_healed":0.0,"max_hp_gain":0.0,"max_hp_loss":0.0,"gold_gain":0.0,"event_name":"Transmorgrifier","player_choice":"Ignored","floor":4.0,"gold_loss":0.0,"damage_taken":0.0},{"damage_healed":0.0,"max_hp_gain":0.0,"max_hp_loss":0.0,"gold_gain":0.0,"event_name":"Back to Basics","player_choice":"Simplicity","floor":19.0,"gold_loss":0.0,"damage_taken":0.0,"cards_upgraded":["Strike_B","Strike_B","Strike_B","Strike_B","Defend_B","Defend_B","Defend_B","Defend_B"]},{"damage_healed":0.0,"max_hp_gain":0.0,"max_hp_loss":0.0,"gold_gain":0.0,"event_name":"Match and Keep!","player_choice":"1 cards matched","floor":20.0,"gold_loss":0.0,"damage_taken":0.0,"cards_obtained":["Consume"]},{"damage_healed":0.0,"max_hp_gain":0.0,"max_hp_loss":0.0,"gold_gain":0.0,"event_name":"Forgotten Altar","player_choice":"Smashed Altar","floor":24.0,"gold_loss":0.0,"damage_taken":0.0,"cards_obtained":["Decay"]},{"damage_healed":0,"gold_gain":99,"player_choice":"Stole From Cult","damage_taken":0,"max_hp_gain":0,"max_hp_loss":0,"event_name":"Nest","floor":30,"gold_loss":0},{"damage_healed":0,"gold_gain":0,"player_choice":"Ignored","damage_taken":0,"max_hp_gain":0,"max_hp_loss":0,"event_name":"Mysterious Sphere","floor":36,"gold_loss":0},{"damage_healed":0,"gold_gain":0,"player_choice":"Paid","damage_taken":0,"relics_obtained":["Red Mask"],"max_hp_gain":0,"max_hp_loss":0,"event_name":"Tomb of Lord Red Mask","floor":38,"gold_loss":129},{"damage_healed":0,"gold_gain":0,"player_choice":"Ignored","damage_taken":0,"max_hp_gain":0,"max_hp_loss":0,"event_name":"Transmorgrifier","floor":39,"gold_loss":0},{"cards_removed":["Defend_B"],"damage_healed":0,"gold_gain":0,"player_choice":"Removed Skill","damage_taken":0,"max_hp_gain":0,"max_hp_loss":0,"event_name":"Falling","floor":41,"gold_loss":0},{"damage_healed":0,"gold_gain":0,"player_choice":"Ignored","damage_taken":0,"max_hp_gain":0,"max_hp_loss":0,"event_name":"The Moai Head","floor":46,"gold_loss":0},{"damage_healed":45,"gold_gain":0,"player_choice":"Heal","damage_taken":0,"max_hp_gain":0,"max_hp_loss":0,"event_name":"MindBloom","floor":47,"gold_loss":0,"cards_obtained":["Doubt"]}],"is_beta":false,"boss_relics":[{"not_picked":["FrozenCore","Nuclear Battery"],"picked":"Sozu"},{"not_picked":["Orrery","Coffee Dripper"],"picked":"Busted Crown"}],"items_purged_floors":[27],"is_endless":false,"potions_floor_spawned":[1,3,6,13,21,28,29,31,35,48],"ascension_level":1}