{"gold_per_floor":[365,22,41,41,56,56,90,90,90,90,104,104,4,16,16,88,88,99,99,99,18,18,18,18],"floor_reached":24,"playtime":526,"items_purged":["Pain","Defend_R"],"score":384,"play_id":"f7ca1699-340c-4d88-8c2b-f6935e34355e","local_time":"20190213213442","is_ascension_mode":true,"campfire_choices":[{"data":"Apotheosis","floor":6.0,"key":"SMITH"},{"data":"Bash","floor":8.0,"key":"SMITH"},{"data":"Twin Strike","floor":12.0,"key":"SMITH"},{"data":"Impervious","floor":15.0,"key":"SMITH"},{"data":"Inflame","floor":23,"key":"SMITH"}],"neow_cost":"CURSE","seed_source_timestamp":16774651167700,"circlet_count":0,"master_deck":["AscendersBane","Strike_R","Strike_R","Strike_R","Strike_R","Defend_R","Defend_R","Defend_R","Bash+1","Apotheosis+1","Battle Trance","Twin Strike+1","Impervious+1","Offering","Inflame+1"],"special_seed":0,"relics":["Burning Blood","Bottled Flame","Bottled Lightning","Mark of Pain","Question Card"],"potions_floor_usage":[24],"damage_taken":[{"damage":4.0,"enemies":"Cultist","floor":1.0,"turns":3.0},{"damage":2.0,"enemies":"Small Slimes","floor":3.0,"turns":4.0},{"damage":14.0,"enemies":"Jaw Worm","floor":5.0,"turns":4.0},{"damage":24.0,"enemies":"Lagavulin","floor":7.0,"turns":7.0},{"damage":18.0,"enemies":"Exordium Wildlife","floor":11.0,"turns":4.0},{"damage":6.0,"enemies":"3 Louse","floor":14.0,"turns":4.0},{"damage":32.0,"enemies":"Slime Boss","floor":16.0,"turns":11.0},{"damage":10.0,"enemies":"Chosen","floor":18.0,"turns":3.0},{"damage":58,"enemies":"Slavers","floor":24,"turns":4}],"seed_played":"-2019531955241823565","potions_obtained":[{"floor":5.0,"key":"FearPotion"},{"floor":16.0,"key":"Ancient Potion"}],"is_trial":false,"path_per_floor":["M","$","M","$","M","R","E","R","T","?","M","R","$","M","R","B",null,"M","T","?","$","?","R","E"],"character_chosen":"IRONCLAD","items_purchased":["Apotheosis","Battle Trance","Inflame"],"campfire_rested":0,"item_purchase_floors":[2,2,21],"current_hp_per_floor":[70,70,74,74,66,66,48,48,48,48,36,36,36,36,36,10,59,55,55,55,55,55,55,0],"gold":18,"neow_bonus":"TWO_FIFTY_GOLD","is_prod":false,"is_daily":false,"chose_seed":false,"campfire_upgraded":5,"win_rate":0,"timestamp":1550086482,"path_taken":["M","$","M","?","M","R","E","R","T","?","M","R","$","?","R","BOSS","M","?","?","$","?","R","E"],"build_version":"2019-01-23","purchased_purges":2,"victory":false,"max_hp_per_floor":[75,75,75,75,75,75,75,75,75,75,75,75,75,75,75,75,75,75,75,75,75,75,75,75],"card_choices":[{"not_picked":["Searing Blow","Sever Soul","Flex"],"picked":"SKIP","floor":1.0},{"not_picked":["Flame Barrier","Rupture","Iron Wave"],"picked":"SKIP","floor":3.0},{"not_picked":["Feel No Pain","Seeing Red"],"picked":"Twin Strike","floor":5.0},{"not_picked":["Second Wind","Perfected Strike","Infernal Blade"],"picked":"SKIP","floor":7.0},{"not_picked":["Second Wind","Perfected Strike","Infernal Blade"],"picked":"SKIP","floor":7.0},{"not_picked":["Headbutt","Cleave","Iron Wave"],"picked":"SKIP","floor":11.0},{"not_picked":["Armaments","Wild Strike"],"picked":"Impervious","floor":14.0},{"not_picked":["Feed","Bludgeon"],"picked":"Offering","floor":16.0},{"not_picked":["Twin Strike","Flex","Armaments"],"picked":"SKIP","floor":18.0}],"player_experience":743050,"relics_obtained":[{"floor":7.0,"key":"Bottled Flame"},{"floor":9.0,"key":"Bottled Lightning"},{"floor":19.0,"key":"Question Card"}],"event_choices":[{"cards_removed":["Strike_R"],"damage_healed":0.0,"max_hp_gain":0.0,"max_hp_loss":0.0,"gold_gain":0.0,"event_name":"Purifier","player_choice":"Purged","floor":10.0,"gold_loss":0.0,"damage_taken":0.0},{"damage_healed":0,"gold_gain":0,"player_choice":"Ignored","damage_taken":0,"max_hp_gain":0,"max_hp_loss":0,"event_name":"The Mausoleum","floor":20,"gold_loss":0},{"damage_healed":0,"gold_gain":0,"player_choice":"Ignored","damage_taken":0,"max_hp_gain":0,"max_hp_loss":0,"event_name":"Beggar","floor":22,"gold_loss":0}],"is_beta":false,"boss_relics":[{"not_picked":["Coffee Dripper","Calling Bell"],"picked":"Mark of Pain"}],"items_purged_floors":[2,13],"is_endless":false,"potions_floor_spawned":[5,16],"killed_by":"Slavers","ascension_level":20}