{"path_per_floor":["M","M","?","?","M","E","R","?","T","M","M","T","R","M","R","B",null,"M","?","M","?","M","R"],"character_chosen":"DEFECT","items_purchased":[],"gold_per_floor":[113,124,124,124,134,168,168,168,168,178,196,196,196,208,208,312,312,325,425,439,474,485,485,500],"floor_reached":24,"campfire_rested":1,"playtime":991,"current_hp_per_floor":[67,64,52,52,52,37,37,30,30,42,36,43,43,43,43,38,82,66,66,57,18,16,40,23],"items_purged":[],"gold":500,"score":200,"play_id":"ab832ce6-c2ed-4391-8de8-9dabbcf904df","local_time":"20180503144629","is_prod":false,"is_daily":false,"chose_seed":false,"is_ascension_mode":false,"campfire_upgraded":3,"timestamp":1525383989,"path_taken":["M","M","?","?","?","E","R","?","T","M","?","?","R","M","R","BOSS","M","?","M","?","M","R","M"],"build_version":"2018-05-02","seed_source_timestamp":1370295140148752,"purchased_purges":0,"victory":false,"master_deck":["Strike_B","Strike_B","Strike_B","Defend_B","Defend_B","Defend_B","Defend_B","Zap+1","Dualcast","Hologram+1","Glacier","Rainbow+1","Injury","FTL","Clumsy","Chaos+1","Fusion","Capacitor+1","Impulse"],"max_hp_per_floor":[75,75,75,75,75,75,75,75,75,75,75,82,82,82,82,82,82,82,82,82,82,82,82,82],"relics":["Cursed Key","Meat on the Bone","Lantern","Mummified Hand","Strawberry","Sozu","Red Mask"],"card_choices":[{"not_picked":["Barrage","Glacier"],"picked":"Hologram","floor":1},{"not_picked":["Double Energy","Impulse"],"picked":"Glacier","floor":5},{"not_picked":["Chill","Coolheaded"],"picked":"Rainbow","floor":6},{"not_picked":["BootSequence","Sweeping Beam"],"picked":"FTL","floor":10},{"not_picked":["Reinforced Body","Consume"],"picked":"Chaos","floor":14},{"not_picked":["Amplify","Seek"],"picked":"Fusion","floor":16},{"not_picked":["Melter","Double Energy"],"picked":"Capacitor","floor":18},{"not_picked":["Sweeping Beam","Beam Cell"],"picked":"Impulse","floor":20}],"player_experience":143690,"potions_floor_usage":[16,18,21],"damage_taken":[{"damage":8,"enemies":"Small Slimes","floor":1,"turns":3},{"damage":3,"enemies":"Jaw Worm","floor":2,"turns":3},{"damage":0,"enemies":"Cultist","floor":5,"turns":4},{"damage":27,"enemies":"Lagavulin","floor":6,"turns":11},{"damage":0,"enemies":"Exordium Thugs","floor":10,"turns":4},{"damage":18,"enemies":"Gremlin Gang","floor":11,"turns":3},{"damage":0,"enemies":"Blue Slaver","floor":14,"turns":3},{"damage":17,"enemies":"The Guardian","floor":16,"turns":9},{"damage":16,"enemies":"Chosen","floor":18,"turns":6},{"damage":9,"enemies":"3 Byrds","floor":20,"turns":6},{"damage":51,"enemies":"Masked Bandits","floor":21,"turns":5},{"damage":14,"enemies":"Snake Plant","floor":22,"turns":5},{"damage":29,"enemies":"3 Cultists","floor":24,"turns":6}],"event_choices":[{"event_name":"Scrap Ooze","player_choice":"success","floor":3,"damage_taken":12},{"event_name":"Accursed Blacksmith","player_choice":"Forge","floor":4,"damage_taken":0},{"event_name":"Golden Wing","player_choice":"Card Removal","floor":8,"damage_taken":0},{"event_name":"Golden Shrine","player_choice":"Pray","floor":19,"damage_taken":0},{"event_name":"Masked Bandits","player_choice":"Fought over 439 gold","floor":21,"damage_taken":0}],"boss_relics":[{"not_picked":["Eternal Feather","Runic Pyramid"],"picked":"Sozu"}],"potions_floor_spawned":[2,11,14,20,22,24],"seed_played":"2788878222428511086","killed_by":"3 Cultists","ascension_level":0,"is_trial":false}