{"path_per_floor":["M","M","?","M","?","R","?","M","T","R","E","R","M","?","R","B",null,"M","$","?","M","?"],"character_chosen":"DEFECT","items_purchased":["FTL","Finesse","Toolbox"],"gold_per_floor":[109,127,202,215,215,215,215,233,280,280,306,306,323,283,283,381,381,395,7,207,227,227,227],"floor_reached":23,"campfire_rested":0,"playtime":605,"current_hp_per_floor":[63,61,50,50,50,50,50,49,49,49,45,45,43,43,43,7,53,41,41,41,41,41,0],"items_purged":[],"gold":227,"score":236,"play_id":"0cd484a9-8f45-4f6b-af40-3ade1c0f3c15","local_time":"20180511191047","is_prod":false,"is_daily":false,"chose_seed":false,"is_ascension_mode":true,"campfire_upgraded":4,"timestamp":1526091047,"path_taken":["M","?","?","M","?","R","?","?","T","R","E","R","M","?","R","BOSS","M","$","?","M","?","E"],"build_version":"2018-05-10","seed_source_timestamp":157960089889689,"purchased_purges":0,"victory":false,"master_deck":["Strike_B","Strike_B","Strike_B","Defend_B","Defend_B","Defend_B","Defend_B","Zap+1","Dualcast","Sweeping Beam+1","Axe Kick+1","Axe Kick+1","Buffer","Sunder","FTL","Finesse","Hologram"],"max_hp_per_floor":[68,68,68,68,68,68,68,68,68,68,68,68,68,68,68,68,68,68,68,68,68,68,68],"relics":["Cracked Core","Turnip","Vajra","Omamori","Cursed Key","Toolbox"],"card_choices":[{"not_picked":["Capacitor","Coolheaded"],"picked":"Sweeping Beam","floor":1},{"not_picked":["Darkness","Cold Snap"],"picked":"Axe Kick","floor":2},{"not_picked":["Capacitor","Chill"],"picked":"Axe Kick","floor":4},{"not_picked":["Thunder Strike","Nova"],"picked":"Buffer","floor":16},{"not_picked":["Turbo","Capacitor"],"picked":"Sunder","floor":18}],"player_experience":215225,"potions_floor_usage":[13,13,16,16,16,23],"damage_taken":[{"damage":5,"enemies":"Cultist","floor":1,"turns":4},{"damage":2,"enemies":"Jaw Worm","floor":2,"turns":3},{"damage":0,"enemies":"2 Louse","floor":4,"turns":2},{"damage":1,"enemies":"Looter","floor":8,"turns":2},{"damage":4,"enemies":"3 Sentries","floor":11,"turns":4},{"damage":2,"enemies":"Large Slime","floor":13,"turns":3},{"damage":36,"enemies":"Hexaghost","floor":16,"turns":8},{"damage":12,"enemies":"2 Thieves","floor":18,"turns":4},{"damage":0,"enemies":"Chosen","floor":21,"turns":3},{"damage":46,"enemies":"Book of Stabbing","floor":23,"turns":4}],"event_choices":[{"event_name":"World of Goop","player_choice":"Gather Gold","floor":3,"damage_taken":0},{"event_name":"Scrap Ooze","player_choice":"unsuccessful","floor":5,"damage_taken":0},{"event_name":"Transmorgrifier","player_choice":"Transform","floor":7,"damage_taken":0},{"event_name":"The Woman in Blue","player_choice":"Bought 3 Potions","floor":14,"damage_taken":0},{"event_name":"Wheel of Change","player_choice":"Gold","floor":20,"damage_taken":0},{"event_name":"Transmorgrifier","player_choice":"Transform","floor":22,"damage_taken":0}],"boss_relics":[{"not_picked":["Snecko Eye","Black Star"],"picked":"Cursed Key"}],"potions_floor_spawned":[4,11,16,21],"seed_played":"-3284365638870550018","killed_by":"Book of Stabbing","ascension_level":5,"is_trial":false}