{"path_per_floor":["M","$","M","?","M","E","R","E","T","M","R","M","E","$","R","B",null,"M","$","?","?","?","R","E","?","T","R","M","E","R","M","R"],"character_chosen":"DEFECT","items_purchased":["Apotheosis","Oddly Smooth Stone","Secret Technique"],"gold_per_floor":[361,0,20,20,35,70,70,113,113,136,136,159,203,6,6,127,127,147,72,72,72,72,72,103,103,103,103,122,157,157,176,176,176],"floor_reached":33,"campfire_rested":3,"playtime":1090,"current_hp_per_floor":[66,66,66,66,66,57,57,47,47,45,45,45,45,45,65,43,62,62,62,62,62,62,62,62,62,62,62,59,42,62,47,67,0],"items_purged":["Injury"],"gold":176,"score":439,"play_id":"9600ff6d-e2b7-4224-b3ac-1c43ecc7686b","local_time":"20180511224623","is_prod":false,"is_daily":false,"chose_seed":false,"is_ascension_mode":true,"campfire_upgraded":4,"timestamp":1526103983,"path_taken":["M","$","M","?","M","E","R","E","T","M","R","M","E","$","R","BOSS","M","$","?","?","?","R","E","?","T","R","M","E","R","M","R","BOSS"],"build_version":"2018-05-10","seed_source_timestamp":170411274690524,"purchased_purges":1,"victory":false,"master_deck":["Strike_B","Strike_B","Strike_B","Strike_B","Defend_B","Defend_B","Defend_B","Zap","Dualcast","Coolheaded+1","Apotheosis+1","Leap","Axe Kick","Leap","Secret Technique+1","Reboot+1"],"max_hp_per_floor":[68,68,68,68,68,68,68,68,68,68,68,68,68,68,68,68,68,68,68,68,68,68,68,68,68,68,68,68,68,68,68,68,68],"relics":["Cracked Core","Oddly Smooth Stone","Golden Idol","Vajra","Mummified Hand","Orichalcum","Mercury Hourglass","Runic Dome","Blue Candle","Bottled Lightning","Centennial Puzzle"],"card_choices":[{"not_picked":["Cold Snap","Darkness"],"picked":"Coolheaded","floor":1},{"not_picked":["Turbo","Hologram"],"picked":"Leap","floor":3},{"not_picked":["Barrage","Cold Snap"],"picked":"Axe Kick","floor":5},{"not_picked":["Consume","Force Field"],"picked":"Leap","floor":10},{"not_picked":["Stack","Barrage"],"picked":"Steam Power","floor":13},{"not_picked":["Rainbow","Echo Form"],"picked":"Reboot","floor":16}],"player_experience":219804,"potions_floor_usage":[8,13,16,16,24,24,24,29],"damage_taken":[{"damage":2,"enemies":"Small Slimes","floor":1,"turns":4},{"damage":0,"enemies":"Jaw Worm","floor":3,"turns":3},{"damage":0,"enemies":"Cultist","floor":5,"turns":3},{"damage":9,"enemies":"3 Sentries","floor":6,"turns":8},{"damage":10,"enemies":"Gremlin Nob","floor":8,"turns":3},{"damage":2,"enemies":"Exordium Wildlife","floor":10,"turns":4},{"damage":0,"enemies":"2 Fungi Beasts","floor":12,"turns":2},{"damage":0,"enemies":"3 Sentries","floor":13,"turns":6},{"damage":22,"enemies":"Slime Boss","floor":16,"turns":12},{"damage":0,"enemies":"Spheric Guardian","floor":18,"turns":3},{"damage":0,"enemies":"Gremlin Leader","floor":24,"turns":5},{"damage":3,"enemies":"Shell Parasite","floor":28,"turns":3},{"damage":17,"enemies":"Slavers","floor":29,"turns":4},{"damage":15,"enemies":"Snake Plant","floor":31,"turns":2},{"damage":83,"enemies":"Champ","floor":33,"turns":12}],"event_choices":[{"event_name":"Golden Idol","player_choice":"Take Wound","floor":4,"damage_taken":0},{"event_name":"Purifier","player_choice":"One Purge","floor":20,"damage_taken":0},{"event_name":"The Lab","player_choice":"Got Potions","floor":21,"damage_taken":0},{"event_name":"Addict","player_choice":"Ignored","floor":22,"damage_taken":0},{"event_name":"Bonfire Elementals","player_choice":"BASIC","floor":25,"damage_taken":0}],"boss_relics":[{"not_picked":["White Beast Statue","Astrolabe"],"picked":"Runic Dome"}],"potions_floor_spawned":[6,8,10,12,18,28],"seed_played":"590028148365095676","killed_by":"Champ","ascension_level":5,"is_trial":false}