{"gold_per_floor":[110,285,300,300,300,335,11,40,40,40,40,54,70,83,83,178,178,193,193,211,211,3,3,3,3,3,19,19,19],"floor_reached":29,"playtime":1062,"items_purged":["Strike_G"],"score":384,"play_id":"c2371f53-7b0e-49a8-9048-e93cf34b9225","local_time":"20190126222835","is_ascension_mode":true,"campfire_choices":[{"data":"Caltrops","floor":11,"key":"SMITH"},{"data":"Footwork","floor":15,"key":"SMITH"},{"floor":23,"key":"REST"},{"floor":25,"key":"REST"}],"neow_cost":"NONE","seed_source_timestamp":1404473863522798,"circlet_count":0,"master_deck":["AscendersBane","Survivor","Neutralize","Sucker Punch","Infinite Blades","Dash","Blade Dance","Noxious Fumes","Caltrops+1","Footwork+1","Night Terror+1","Outmaneuver","Infinite Blades","After Image","Quick Slash","Distraction","Malaise","Quick Slash","Unload","All Out Attack","Escape Plan","Cloak And Dagger","RitualDagger","Accuracy","Adrenaline","Deflect","Deflect+1","Accuracy+1"],"relics":["Ring of the Snake","NeowsBlessing","Dream Catcher","Singing Bowl","Pen Nib","Question Card","Darkstone Periapt","Pandora\u0027s Box","Blood Vial"],"potions_floor_usage":[8,16,20],"damage_taken":[{"damage":0,"enemies":"2 Louse","floor":1,"turns":1},{"damage":0,"enemies":"Jaw Worm","floor":3,"turns":1},{"damage":0,"enemies":"Lagavulin","floor":6,"turns":1},{"damage":9,"enemies":"Gremlin Nob","floor":8,"turns":4},{"damage":1,"enemies":"Small Slimes","floor":12,"turns":4},{"damage":1,"enemies":"Blue Slaver","floor":13,"turns":4},{"damage":2,"enemies":"3 Louse","floor":14,"turns":4},{"damage":36,"enemies":"Slime Boss","floor":16,"turns":12},{"damage":16,"enemies":"Chosen","floor":18,"turns":6},{"damage":33,"enemies":"2 Thieves","floor":20,"turns":4},{"damage":44,"enemies":"3 Cultists","floor":27,"turns":5},{"damage":9,"enemies":"Centurion and Healer","floor":29,"turns":5}],"seed_played":"8101134671450166372","potions_obtained":[{"floor":6,"key":"Fire Potion"},{"floor":8,"key":"AttackPotion"},{"floor":18,"key":"SkillPotion"}],"is_trial":false,"path_per_floor":["M","?","M","?","T","E","$","E","T","$","R","M","M","M","R","B",null,"M","?","M","?","$","R","?","R","T","M","$","M"],"character_chosen":"THE_SILENT","items_purchased":["Pen Nib","Blade Dance","Noxious Fumes","Accuracy","Adrenaline","Deflect"],"campfire_rested":2,"item_purchase_floors":[7,7,7,22,22,22],"current_hp_per_floor":[63,63,63,56,56,56,56,47,47,47,47,48,47,47,47,11,58,42,42,9,3,3,25,25,49,49,7,7,0],"gold":19,"neow_bonus":"THREE_ENEMY_KILL","is_prod":false,"is_daily":false,"chose_seed":false,"campfire_upgraded":2,"win_rate":0,"timestamp":1548541715,"path_taken":["M","?","M","?","?","E","$","E","T","?","R","M","M","M","R","BOSS","M","?","M","?","$","R","?","R","T","M","$","?"],"build_version":"2019-01-23","purchased_purges":1,"victory":false,"max_hp_per_floor":[70,70,70,70,70,70,70,70,70,70,70,72,72,74,74,74,74,74,74,74,74,74,74,74,76,76,76,76,76],"card_choices":[{"not_picked":["Bane","Well Laid Plans"],"picked":"Sucker Punch","floor":1},{"not_picked":["Underhanded Strike","Acrobatics"],"picked":"Infinite Blades","floor":3},{"not_picked":["Skewer","Infinite Blades"],"picked":"Dash","floor":6},{"not_picked":["PiercingWail","Outmaneuver"],"picked":"Caltrops","floor":8},{"not_picked":["Dagger Throw","Outmaneuver","Dagger Spray","Quick Slash"],"picked":"Singing Bowl","floor":12},{"not_picked":["Acrobatics","Dodge and Roll","Caltrops"],"picked":"Footwork","floor":13},{"not_picked":["Endless Agony","Outmaneuver","Dash","Dagger Spray"],"picked":"Singing Bowl","floor":14},{"not_picked":["Die Die Die","Adrenaline","Wraith Form v2"],"picked":"Night Terror","floor":16},{"not_picked":["PiercingWail+1","Bane","Heel Hook"],"picked":"Escape Plan","floor":18},{"not_picked":["Deadly Poison","Poisoned Stab+1","Tactician"],"picked":"Cloak And Dagger","floor":20},{"not_picked":["Flying Knee+1","Predator","Blur"],"picked":"Deflect+1","floor":23},{"not_picked":["Bane","Skewer","Dagger Spray","Poisoned Stab"],"picked":"Singing Bowl","floor":25},{"not_picked":["Dash","Backflip+1","Underhanded Strike"],"picked":"Accuracy+1","floor":27}],"player_experience":483447,"relics_obtained":[{"floor":5,"key":"Dream Catcher"},{"floor":6,"key":"Singing Bowl"},{"floor":8,"key":"Question Card"},{"floor":9,"key":"Darkstone Periapt"},{"floor":26,"key":"Blood Vial"}],"event_choices":[{"damage_healed":0,"gold_gain":175,"player_choice":"AGREE","damage_taken":0,"max_hp_gain":0,"max_hp_loss":0,"event_name":"Liars Game","floor":2,"gold_loss":0,"cards_obtained":["Doubt"]},{"cards_removed":["Doubt"],"damage_healed":0,"gold_gain":0,"player_choice":"Card Removal","damage_taken":7,"max_hp_gain":0,"max_hp_loss":0,"event_name":"Golden Wing","floor":4,"gold_loss":0},{"damage_healed":0,"gold_gain":0,"player_choice":"Ignored","damage_taken":0,"max_hp_gain":0,"max_hp_loss":0,"event_name":"Vampires","floor":19,"gold_loss":0},{"damage_healed":0,"gold_gain":0,"player_choice":"Joined the Cult","damage_taken":6,"max_hp_gain":0,"max_hp_loss":0,"event_name":"Nest","floor":21,"gold_loss":0,"cards_obtained":["RitualDagger"]},{"damage_healed":0,"gold_gain":0,"player_choice":"Upgraded","damage_taken":0,"max_hp_gain":0,"max_hp_loss":0,"event_name":"Upgrade Shrine","floor":24,"gold_loss":0,"cards_upgraded":["Night Terror"]}],"is_beta":true,"boss_relics":[{"not_picked":["Snecko Eye","Velvet Choker"],"picked":"Pandora\u0027s Box"}],"items_purged_floors":[7],"is_endless":false,"potions_floor_spawned":[6,8,18],"killed_by":"Centurion and Healer","ascension_level":10}