{"gold_per_floor":[365,188,363,363,363,395,412,412,439,449,477,116,66,141,141,240,240,251,251,9,9,24,24,43,77,77,96,46,46,46,46,46,46],"floor_reached":33,"playtime":1648,"items_purged":["Injury","Doubt","Regret","Defend_R"],"score":269,"play_id":"4cfa5e9d-839f-4102-bb87-f59c0f0caa7c","local_time":"20181211191711","is_ascension_mode":false,"campfire_choices":[{"data":"Bash","floor":8.0,"key":"SMITH"},{"floor":15.0,"key":"REST"},{"data":"Armaments","floor":23.0,"key":"SMITH"},{"floor":32.0,"key":"REST"}],"neow_cost":"CURSE","seed_source_timestamp":0,"circlet_count":0,"master_deck":["Strike_R+1","Strike_R+1","Strike_R+1","Strike_R+1","Strike_R+1","Defend_R+1","Defend_R+1","Defend_R+1","Bash+1","True Grit+1","Headbutt","Iron Wave+1","Cleave","Armaments+1","Clothesline","Perfected Strike"],"special_seed":0,"relics":["Burning Blood","Pen Nib","Smiling Mask","Juzu Bracelet","Red Skull","Torii","Runic Pyramid","Kunai","Whetstone","Orichalcum","The Courier","Ancient Tea Set","MutagenicStrength"],"potions_floor_usage":[],"damage_taken":[{"damage":2.0,"enemies":"2 Louse","floor":1.0,"turns":3.0},{"damage":41.0,"enemies":"3 Sentries","floor":6.0,"turns":15.0},{"damage":7.0,"enemies":"Small Slimes","floor":7.0,"turns":4.0},{"damage":6.0,"enemies":"Jaw Worm","floor":10.0,"turns":3.0},{"damage":14.0,"enemies":"Lagavulin","floor":11.0,"turns":9.0},{"damage":38.0,"enemies":"Hexaghost","floor":16.0,"turns":12.0},{"damage":11.0,"enemies":"3 Byrds","floor":18.0,"turns":7.0},{"damage":1.0,"enemies":"2 Thieves","floor":22.0,"turns":3.0},{"damage":1.0,"enemies":"Snecko","floor":24.0,"turns":5.0},{"damage":46.0,"enemies":"Slavers","floor":25.0,"turns":6.0},{"damage":8.0,"enemies":"3 Cultists","floor":27.0,"turns":5.0},{"damage":65,"enemies":"Collector","floor":33,"turns":15}],"seed_played":"8682361884594693461","potions_obtained":[{"floor":1.0,"key":"BloodPotion"},{"floor":6.0,"key":"PowerPotion"},{"floor":10.0,"key":"Block Potion"},{"floor":16.0,"key":"AttackPotion"},{"floor":18.0,"key":"Explosive Potion"}],"is_trial":false,"path_per_floor":["M","$","?","?","?","E","M","R","T","M","E","$","$","?","R","B",null,"M","?","$","T","M","R","M","E","T","M","$","?","?","?","R","B"],"character_chosen":"IRONCLAD","items_purchased":["True Grit","Headbutt","Torii","Kunai"],"campfire_rested":2,"item_purchase_floors":[2,2,12,20],"current_hp_per_floor":[80,80,80,80,80,53,52,52,52,52,44,44,44,33,57,25,80,75,75,75,75,80,80,80,40,40,38,38,38,38,38,62,0],"gold":46,"neow_bonus":"TWO_FIFTY_GOLD","is_prod":false,"is_daily":false,"chose_seed":false,"campfire_upgraded":2,"win_rate":0,"timestamp":1544555831,"path_taken":["M","$","?","?","?","E","M","R","T","M","E","?","$","?","R","BOSS","M","?","?","?","M","R","M","E","T","M","?","?","?","?","R","BOSS"],"build_version":"2018-12-10","purchased_purges":4,"victory":false,"max_hp_per_floor":[80,80,80,80,80,80,80,80,80,80,80,80,80,80,80,80,80,80,80,80,80,80,80,80,80,80,80,80,80,80,80,80,80],"card_choices":[{"not_picked":["Havoc","Feel No Pain","Spot Weakness"],"picked":"SKIP","floor":1.0},{"not_picked":["Anger","Body Slam"],"picked":"Iron Wave","floor":6.0},{"not_picked":["True Grit","Infernal Blade","Searing Blow"],"picked":"SKIP","floor":7.0},{"not_picked":["Flame Barrier","Spot Weakness"],"picked":"Cleave","floor":10.0},{"not_picked":["Havoc","Feed","Spot Weakness"],"picked":"SKIP","floor":11.0},{"not_picked":["Fire Breathing","Thunderclap"],"picked":"Armaments","floor":18.0},{"not_picked":["Entrench","Hemokinesis"],"picked":"Clothesline","floor":22.0},{"not_picked":["Carnage","Flame Barrier"],"picked":"Perfected Strike","floor":24.0},{"not_picked":["Rupture","Clothesline","Evolve"],"picked":"SKIP","floor":25.0},{"not_picked":["Havoc","Pummel","Heavy Blade"],"picked":"SKIP","floor":27.0}],"player_experience":340311,"relics_obtained":[{"floor":6.0,"key":"Smiling Mask"},{"floor":9.0,"key":"Juzu Bracelet"},{"floor":11.0,"key":"Red Skull"},{"floor":21.0,"key":"Whetstone"},{"floor":25.0,"key":"Orichalcum"},{"floor":26.0,"key":"The Courier"}],"event_choices":[{"damage_healed":0.0,"max_hp_gain":0.0,"max_hp_loss":0.0,"gold_gain":175.0,"event_name":"Liars Game","player_choice":"AGREE","floor":3.0,"gold_loss":0.0,"damage_taken":0.0,"cards_obtained":["Doubt"]},{"damage_healed":0.0,"max_hp_gain":0.0,"max_hp_loss":0.0,"gold_gain":0.0,"event_name":"Living Wall","player_choice":"Grow","floor":4.0,"gold_loss":0.0,"damage_taken":0.0,"cards_upgraded":["True Grit"]},{"damage_healed":0.0,"max_hp_gain":0.0,"max_hp_loss":0.0,"gold_gain":0.0,"event_name":"Big Fish","player_choice":"Box","floor":5.0,"gold_loss":0.0,"damage_taken":0.0,"relics_obtained":["Pen Nib"],"cards_obtained":["Regret"]},{"damage_healed":0.0,"max_hp_gain":0.0,"max_hp_loss":0.0,"gold_gain":75.0,"event_name":"World of Goop","player_choice":"Gather Gold","floor":14.0,"gold_loss":0.0,"damage_taken":11.0},{"damage_healed":0.0,"max_hp_gain":0.0,"max_hp_loss":0.0,"gold_gain":0.0,"event_name":"Ghosts","player_choice":"Ignored","floor":19.0,"gold_loss":0.0,"damage_taken":0.0},{"damage_healed":0.0,"max_hp_gain":0.0,"max_hp_loss":0.0,"gold_gain":0.0,"event_name":"Back to Basics","player_choice":"Simplicity","floor":29.0,"gold_loss":0.0,"damage_taken":0.0,"cards_upgraded":["Strike_R","Strike_R","Strike_R","Strike_R","Defend_R","Defend_R","Defend_R"]},{"damage_healed":0.0,"max_hp_gain":0.0,"max_hp_loss":0.0,"gold_gain":0.0,"event_name":"The Mausoleum","player_choice":"Opened","floor":30.0,"gold_loss":0.0,"damage_taken":0.0,"relics_obtained":["Ancient Tea Set"]},{"damage_healed":0.0,"max_hp_gain":0.0,"max_hp_loss":0.0,"gold_gain":0.0,"event_name":"Drug Dealer","player_choice":"Inject Mutagens","floor":31.0,"gold_loss":0.0,"damage_taken":0.0,"relics_obtained":["MutagenicStrength"]}],"is_beta":true,"boss_relics":[{"not_picked":["Coffee Dripper","Astrolabe"],"picked":"Runic Pyramid"}],"items_purged_floors":[2,12,13,28],"is_endless":false,"potions_floor_spawned":[1,6,10,16,18],"killed_by":"Collector","ascension_level":0}